3019 4922
1224 429 1621 479 OCTAvitJS.

323 577 430 642 cio
460 576 715 642 affecit.
764 574 1093 659 Reliquos
1125 572 1398 639 Antonii
1429 576 1810 657 reginaeque
1842 593 2217 640 communes
2244 576 2514 654 liberoS,

326 700 463 744 non
494 699 697 743 secus
728 697 808 744 ac
836 676 1331 742 necessitudine
1352 677 1626 760 junctos
1646 676 1671 713 ⁸
1718 676 1871 753 sibi,
1904 681 1967 741 et
1990 682 2426 757 conservavit,
2449 685 2517 743 et

324 801 484 846 mox
516 802 641 867 pro
673 782 1053 847 conditione
1084 779 1414 864 cujusque
1443 779 1758 844 sustinuit
1786 798 1864 843 ac
1894 779 2081 844 fovit.

2171 782 2337 861 [18]
2383 783 2516 846 Per

326 886 505 950 idem
539 896 825 969 tempuS,
861 884 1344 950 conditoriumg
1391 890 1458 948 et
1502 891 1793 967 corpus⁹
1841 881 2073 965 Magni
2114 882 2514 961 Alexandri,

327 1009 476 1053 cum
509 990 846 1073 prolatum
875 1009 913 1052 e
943 987 1270 1071 penetrali
1304 987 1701 1069 subjecisset
1724 986 1960 1061 oculis·‚
1979 1005 2233 1051 corona
2262 1006 2469 1051 aurea
2488 984 2516 1025 ¹¹

323 2556 602 2608 Alexandri
625 2544 830 2623 corpus,
853 2575 952 2608 non
979 2573 1100 2609 vero
1123 2560 1264 2609 locus
1289 2559 1375 2608 ille

321 2634 370 2682 in
395 2636 521 2685 urbe
545 2635 714 2684 media
736 2650 914 2699 regum
948 2635 1227 2698 sepulturae
1261 2634 1375 2683 des·

324 2712 531 2774 tinetas,
565 2712 714 2775 cujus
744 2712 981 2767 meminit
998 2711 1188 2761 Strabo
1210 2710 1301 2760 lib.
1322 2725 1373 2762 v.

225 2827 239 2836 .
323 2794 376 2836 et
412 2787 571 2836 etiam
608 2787 762 2836 hodie
797 2801 981 2850 magno
1005 2787 1140 2850 apud
1179 2787 1372 2835 'Parcas

322 2863 372 2912 in
394 2863 584 2912 bonore
603 2878 733 2926 esse,
766 2865 1081 2914 recentiores
1100 2870 1375 2913 testantur.

324 2941 517 3005 Corpus
561 2941 862 3002 Alexandri,
898 2941 1166 2992 Perdiccae
1205 2941 1375 2990 adem·

321 3024 446 3076 tum,
465 3017 781 3066 Ptolemaens
795 3016 919 3079 Lagi
940 3015 1090 3073 filius,
1109 3016 1373 3080 Babylone

321 3095 586 3144 transtulit
610 3092 992 3142 Alexandriam.
1040 3093 1175 3143 Vide
1197 3099 1371 3143 notam

322 3171 611 3221 Casauboni
633 3172 735 3221 hic.

381 3247 405 3281 ¹¹
443 3250 634 3297 Corona
664 3248 831 3312 aurea]
877 3246 1131 3296 Sebildius
1154 3260 1218 3294 ex
1243 3246 1373 3295 Ber-

319 3340 531 3376 neccero
550 3324 788 3374 mendum
805 3323 1112 3387 suspicatur,
1128 3331 1182 3373 et
1198 3337 1370 3373 emen·

320 3403 407 3452 dat
449 3405 630 3461 law-ea,
667 3401 954 3465 quodliaec
992 3399 1370 3462 Imperatorum

321 3481 583 3544 praecipne
621 3474 797 3543 fuerit,
845 3493 946 3527 non
989 3483 1162 3527 autem
1201 3489 1372 3538 aurea,

319 3569 430 3620 quae
471 3569 567 3604 nec
604 3554 760 3603 etiam
796 3567 972 3616 regum
1013 3551 1221 3616 propria
1253 3551 1372 3614 fnit,

316 3632 405 3682 sed
429 3631 671 3681 diadema
707 3638 927 3692 tantum,
960 3630 1027 3680 de
1060 3644 1161 3694 quo
1187 3630 1240 3677 in
1261 3629 1371 3680 Jnl.

317 3722 362 3758 c.
386 3713 468 3758 ⁷9.
504 3723 683 3758 verum
704 3708 1057 3757 Tertullianus
1095 3706 1162 3755 de
1197 3706 1369 3755 Idolo·

314 3785 466 3835 latria
487 3801 534 3833 c.
562 3789 639 3834 18.
663 3785 775 3834 baec
799 3784 952 3834 habet
973 3800 986 3832 :
1024 3783 1230 3848 ‘Igitur
1251 3798 1370 3846 pur·

313 3876 445 3926 pura
473 3862 560 3911 illa
582 3869 637 3910 et
661 3875 840 3910 aurum
864 3860 1083 3910 cervicis
1104 3875 1371 3910 oruamen-

314 3946 423 3988 tum
458 3937 641 3988 eodem
664 3952 806 3987 more
838 3936 975 4001 apud
1011 3937 1277 4002 AEgyptios
1313 3944 1368 3988 et

311 4013 632 4077 Babylonios
654 4013 877 4076 iusignia
910 4021 1061 4062 eraut
1083 4014 1372 4078 dignitatis,

311 4105 412 4155 quo
433 4105 577 4138 more
601 4104 738 4139 nunc
758 4096 1043 4152 praetextae,
1059 4092 1140 4140 vel
1156 4090 1373 4148 trabeae,

312 4168 394 4218 vel
419 4168 685 4232 palmatae,
709 4173 764 4216 et
786 4181 989 4217 coronae
1013 4183 1180 4217 anreae
1202 4183 1370 4219 sacer-

313 4243 493 4294 dotum
533 4242 965 4308 provincialium.'
1039 4245 1121 4294 De
1153 4243 1369 4310 floribus

313 4331 434 4370 vero
455 4320 704 4385 aspersis,
739 4326 886 4372 vetus
907 4319 1004 4370 fuit
1032 4311 1370 4386 consuetudo,

1453 2558 1635 2622 plenis,
1692 2556 1989 2620 Purpureos
2042 2568 2279 2617 spargam
2332 2550 2506 2614 flores,

1455 2623 1779 2696 animamque
1802 2630 2003 2694 nepotis
2029 2629 2126 2680 His
2150 2629 2331 2678 saltem
2353 2642 2507 2677 accu-

1454 2711 1645 2759 mulem
1669 2707 1849 2764 donis,'
1871 2698 1971 2756 &c.
2015 2705 2168 2757 Quod
2191 2711 2243 2754 et
2266 2704 2379 2767 ipsa
2400 2703 2507 2753 An-

1454 2786 1597 2836 tonio
1636 2791 1846 2848 praestat
1873 2782 2170 2846 Cleopatra,
2202 2781 2339 2844 apud
2379 2780 2508 2830 Plu-

1454 2865 1620 2916 tarch.
1657 2865 1709 2913 in
1747 2862 2007 2913 Antonio..
2061 2859 2405 2923 Capitolinus,
2438 2859 2505 2906 de

1455 2943 1719 2994 Antonino
1730 2939 2062 3004 philosopho,
2081 2940 2097 2967 ⁸
2112 2948 2309 2988 tanturn
2333 2944 2508 2986 autem

1453 3021 1659 3071 honoris
1679 3017 1934 3081 magistris
1957 3016 2062 3067 suis
2080 3015 2285 3077 detulit,
2299 3021 2359 3063 ut
2384 3013 2509 3063 ima-

1454 3099 1598 3164 gines
1633 3111 1809 3147 eorum
1834 3108 2013 3144 aureas
2041 3093 2317 3156 inlarario
2348 3091 2506 3140 habe·

1450 3181 1553 3236 ret,
1586 3188 1647 3224 ac
1685 3172 1924 3235 sepulcra
1954 3185 2132 3219 eornm
2174 3168 2360 3220 additis
2390 3167 2507 3232 (alii

1451 3253 1632 3316 legunt
1650 3249 1811 3313 aditu)
1844 3248 2027 3298 hostiis
2064 3245 2273 3297 floribus
2301 3259 2507 3309 semper

1449 3325 1764 3377 honoraret!
1828 3325 1931 3377 Qui
1969 3338 2077 3374 mos
2112 3324 2343 3373 diversus
2369 3321 2505 3385 apud

1452 3405 1667 3455 Graecos
1689 3402 1819 3463 fuit3
1857 3402 1977 3465 apio
1998 3401 2135 3450 enim
2155 3403 2396 3463 sepulcra
2419 3412 2507 3448 co-

1455 3480 1741 3530 ronabant:
1766 3479 1899 3526 unde
1922 3478 2059 3540 apud
2082 3478 2220 3540 ipsos
2238 3477 2354 3539 apio
2376 3474 2507 3523 indi-

1453 3571 1596 3621 gere,
1631 3569 1726 3619 pro
1748 3553 2033 3617 periculose
2056 3557 2329 3613 aegrotare.

1518 3633 1533 3667 ¹
1556 3629 1889 3693 Ptolemoeam]
1921 3629 2005 3678 Sic
2028 3627 2209 3676 scribit
2226 3627 2371 3675 Torr.
2389 3639 2505 3674 cum

1449 3716 1667 3760 accentu
1689 3703 2036 3766 circumflexo,
2060 3709 2118 3751 ut
2137 3705 2203 3752 sit
2227 3717 2322 3765 pro
2343 3702 2506 3750 Ptole-

1450 3801 1701 3837 moeorum:
1734 3783 1920 3849 probat
1940 3780 2293 3836 casaubonus,
2309 3784 2364 3827 et
2384 3792 2502 3827 con-

1453 3865 1723 3930 gruentius
1737 3862 1940 3911 videtur
1952 3859 2015 3907 ad
2030 3858 2275 3907 orationis
2288 3855 2476 3905 seriem
2488 3873 2504 3906 ι

1448 3940 1597 3990 addit
1630 3941 1767 3988 enim
1807 3935 2034 3985 noluisse
2070 3946 2127 3981 se
2164 3932 2338 3980 videre
2368 3945 2503 3980 mor·

1448 4025 1595 4078 tuos;
1642 4011 1915 4064 Ptolemaei
1950 4009 2143 4074 quippe
2184 4022 2359 4058 omnes
2392 4008 2504 4070 jam

1451 4092 1572 4142 inde
1611 4105 1643 4138 a
1667 4089 1836 4143 ,tertio
1868 4086 2065 4135 deliciis
2103 4094 2415 4148 corruptam,
2447 4091 2503 4132 et

1450 4168 1708 4218 oblivione
1721 4165 1930 4228 dignam
1948 4163 2105 4212 vitam
2123 4169 2361 4226 egerunt,
2374 4171 2503 4223 quos

1452 4246 1570 4294 ideo
1591 4251 1815 4293 mortuos
1849 4242 2210 4307 appellaverit.
2274 4238 2424 4292 Quod
2460 4239 2503 4284 si

1450 4323 1792 4375 Ptolemaeum
1810 4322 1862 4374 in
1884 4320 2154 4373 accusandi
2171 4333 2293 4377 casu
2307 4316 2502 4365 retina*

2387 418 2517 482 213
2621 434 2625 440 ’
