3019 4922
525 363 615 429 94

531 524 766 588 stituta
790 527 999 586 erant.
1088 518 1449 600 Athletae,¹¹²
1479 522 1699 588 stadio
1718 530 1745 556 ¹¹
1792 522 1879 588 ad
1911 530 2174 605 tempus
2205 526 2573 600 exstruct0‚
2605 519 2669 584 in
2689 527 2708 557 ¹
2804 507 2809 514 ’

526 625 798 709 regione
835 624 1063 691 Martii
1106 626 1326 710 campi
1377 630 1843 691 certaverunt²
1892 645 2013 709 per
2057 623 2374 690 triduum.
2467 622 2713 689 Navali

527 729 789 813 praelio,
819 732 888 794 in
922 729 1181 794 minore
1223 728 1575 794 Codeta³⁰
1627 729 1894 792 defosso
1926 729 2131 806 lacu‚1’
2181 727 2469 791 biremes
2498 745 2578 791 ac
2606 725 2712 789 tri-

525 851 737 896 remes
767 817 1357 916 quadriremesque
1380 831 1605 916 Tyriae
1638 835 1707 894 et
1738 831 2076 916 AEgyptiae
2109 831 2390 896 classis⁴
2418 836 2445 875 ‘¹
2474 847 2713 911 magno

526 940 965 1020 pugnatorum
1009 955 1282 1000 numero
1329 933 1793 999 conffixerunt.
1884 933 1995 998 Ad
2026 941 2225 1018 quae⁵
2274 933 2498 998 omnia
2529 952 2717 1016 spec-

524 1040 750 1104 tacula
782 1046 1037 1104 tantum
1069 1037 1366 1122 undique
1399 1037 1727 1103 confluxit
1754 1037 2119 1114 hominum,
2165 1043 2241 1102 ut
2273 1037 2570 1121 plerique
2602 1036 2718 1101 ad-

523 1159 717 1208 venae
763 1148 882 1207 aut
924 1142 1095 1205 inter
1142 1141 1353 1218 viCOS,
1401 1149 1522 1206 aut
1573 1142 1740 1205 inter
1781 1141 1925 1205 vias
1976 1140 2426 1207 tabernaculis
2475 1139 2716 1223 positis

521 1254 895 1327 manerent3
928 1265 1008 1311 ac
1042 1266 1135 1310 sae
1146 1266 1228 1329 pe
1255 1265 1396 1329 pree
1424 1247 1619 1310 turba
1648 1245 1804 1309 elisi
1822 1243 1849 1284 ⁶
1880 1244 2382 1327 exanimatique
2411 1246 2541 1309 sint
2569 1244 2719 1328 plu»

525 1350 695 1427 rimi,
740 1357 809 1414 et
848 1349 918 1412 in
962 1349 1066 1414 his
1110 1348 1246 1433 duo
1290 1348 1674 1414 Senatores·
1779 1351 1938 1431 [40.]
1983 1347 2365 1414 Conversus
2423 1347 2577 1412 hinc
2633 1348 2717 1412 ad

520 1452 966 1518 ordinandum
1000 1451 1431 1536 Reipublicae
1462 1460 1738 1532 statum,
1771 1454 1994 1519 fastos
2026 1452 2363 1532 correxit:
2405 1452 2549 1537 jam
2583 1452 2715 1536 pri-

1391 377 1456 424 Ο.
1504 374 1862 426 ΒΠΕΤΟΝΙΙ

1441 1635 1798 1656 ΟΜΟΟΟΜΟΟ

520 1750 675 1799 Voss.
696 1750 787 1800 lib.
809 1764 886 1801 tv.
909 1750 975 1800 de
999 1749 1152 1800 Anal.
1174 1766 1222 1801 c.
1244 1754 1327 1802 23.
1373 1749 1456 1799 ef.
1477 1750 1590 1799 Tib.
1622 1765 1742 1816 cap.
1776 1756 1952 1801 30.-1
1992 1751 2183 1801 Delent
2217 1750 2637 1815 pra-positionem
2672 1752 2724 1801 in

524 1815 688 1866 Gron.
711 1817 835 1866 Ern.
857 1817 1037 1866 Burm.
1063 1815 1204 1866 Oud.
1226 1832 1340 1866 cnm
1364 1817 1579 1866 Memm.
1596 1816 1742 1865 Med.
1768 1822 1814 1867 1.
1845 1821 1894 1866 3.
1925 1817 2015 1866 sed
2041 1817 2274 1880 reposuit
2295 1815 2414 1880 Bip.
2449 1825 2503 1866 et
2539 1824 2720 1881 postea

519 1881 739 1945 Bsnmg.
762 1888 817 1931 et
838 1882 914 1930 its
936 1881 1158 1945 Guelph.
1183 1886 1228 1931 l.
1248 1882 1406 1931 Bern.
1429 1884 1575 1931 1.-2
1611 1882 1774 1945 Camp.
1796 1884 1969 1931 decert-
1995 1882 2160 1933 Rhed.
2178 1886 2225 1932 1.
2269 1882 2375 1931 Alii
2399 1881 2725 1946 distinguunt

518 1952 835 1996 certaverunt.
888 1946 989 1996 Per
1019 1949 1135 1996 trid.
1155 1962 1265 1996 nau.
1285 1950 1462 2011 pre-3
1499 1947 1780 2011 Perplures
1805 1947 1931 1997 editi
1955 1954 2110 2012 atque
2132 1947 2315 2012 scripti
2336 1946 2531 1998 habent
2555 1949 2605 1996 in
2627 1958 2724 1997 mo·

521 2025 623 2060 rem
654 2013 870 2072 cochlea,
904 2027 1055 2077 quam
1080 2014 1356 2062 lectionem
1386 2020 1532 2062 recte
1565 2012 1859 2063 emendavit
1883 2013 2115 2063 Turneb.
2140 2013 2273 2063 Adv.
2296 2026 2457 2062 xxiv.
2481 2028 2533 2062 c.
2561 2018 2636 2064 14.
2673 2014 2724 2063 in

519 2076 698 2126 minore
720 2078 916 2136 Codeta,
939 2079 1086 2127 etita
1107 2077 1355 2127 exhibent
1378 2078 1688 2128 vetustiores
1704 2086 1760 2128 et
1779 2079 2015 2129 meliores
2032 2079 2185 2129 codd.
2208 2078 2430 2128 testibus
2446 2079 2727 2137 Beroaldo,

521 2141 849 2205 Ranconeto,
874 2143 1019 2193 Torr.
1060 2143 1200 2193 Pith.
1234 2142 1465 2193 Groslot.
1493 2151 1566 2206 et,
1591 2143 1677 2209 qni
1710 2144 1840 2194 duos
1871 2160 1926 2193 se
1951 2144 2140 2194 vidisse
2174 2144 2266 2201 ait,
2293 2143 2403 2195 Jos.
2437 2144 2724 2208 Scaliger-o.

521 2206 801 2257 Accedunt
833 2207 912 2256 his
936 2207 1081 2257 Med.
1105 2213 1152 2258 1.
1188 2208 1419 2258 3.Vind.
1457 2212 1505 2256 1.
1540 2222 1713 2271 margo
1751 2210 1844 2259 Ed.
1882 2210 2097 2260 Mediol.
2129 2225 2245 2260 cum
2282 2209 2474 2274 Lipsio,
2508 2212 2724 2260 Memm.

520 2271 673 2321 Huls.
698 2273 800 2322 dno
822 2272 951 2323 bibl.
971 2274 1127 2337 regiae
1152 2273 1320 2323 Paris.
1346 2273 1568 2324 Casaub.
1593 2274 1760 2336 citati,
1775 2282 1829 2324 et
1855 2283 2004 2325 vetus
2032 2277 2191 2338 Lugd.
2211 2275 2308 2325 Ed.
2336 2278 2578 2325 1508.—4
2601 2277 2726 2325 Vul-

521 2349 587 2400 go
609 2339 793 2387 classes.
845 2337 1067 2388 Casaub.
1094 2339 1367 2401 rescripsit
1386 2339 1552 2388 classis
1574 2354 1603 2388 e
1626 2340 1842 2389 Memm.
1878 2348 1932 2390 et
1956 2342 2141 2404 Copes.
2166 2340 2302 2406 quod
2328 2341 2484 2390 etiam
2511 2355 2729 2405 recepe·

520 2410 641 2451 runt
666 2403 841 2453 Graev.
865 2403 1028 2454 Gron.
1053 2404 1234 2453 Burm.
1259 2404 1399 2455 Oud.
1435 2406 1561 2454 Ern.
1600 2413 1655 2454 et
1693 2406 1766 2454 sic
1805 2406 1946 2456 Med.
1974 2412 2020 2455 1.
2044 2406 2218 2456 Periz.
2247 2407 2390 2456 Cort.
2416 2406 2557 2456 Edd.
2584 2408 2729 2459 Rom.

520 2460 652 2519 Bon.
673 2468 819 2520 Junt.
844 2470 1008 2533 Lugd.
1030 2468 1157 2523 Ald.
1211 2470 1410 2520 Barthii
1443 2470 1608 2520 codex
1633 2471 1877 2522 mendose
1905 2473 2033 2522 Trioe
2063 2478 2225 2522 et.—5
2263 2475 2414 2536 Atque
2440 2472 2616 2523 Periz.
2658 2474 2728 2523 V.

520 2540 665 2598 supr.
688 2548 802 2599 cap.
823 2537 1007 2586 29.—6
1044 2535 1183 2586 Elia-i
1204 2535 1360 2586 Huls.
1426 2537 1566 2586 Dein
1586 2537 1849 2589 exanimati
1869 2538 1978 2587 sine
1999 2552 2088 2604 que
2109 2538 2254 2588 Med.
2277 2542 2324 2588 1.
2347 2546 2399 2588 et
2423 2544 2541 2588 sunt
2573 2539 2729 2589 vind.

1508 2699 1727 2751 NOTAE

516 2811 830 2875 agitatorum
855 2827 1035 2862 cursus
1059 2812 1354 2876 definirent,
1375 2829 1442 2864 ne
1464 2829 1583 2865 suos
1664 2816 1950 2882 diceretur,
1996 2830 2097 2866 non
2156 2828 2304 2866 secus
2348 2831 2411 2866 ac
2458 2817 2727 2868 velabrum

517 2889 606 2939 atii
628 2890 740 2937 aliis
763 2890 925 2953 magis
955 2891 1324 2940 contraherent
1346 2907 1360 2940 z
1407 2890 1473 2940 de
1501 2893 1581 2941 his
1664 2894 1828 2958 majus
1850 2900 1905 2945 et
1930 2895 2094 2943 minus
2118 2893 2343 2958 reperire
2367 2900 2469 2944 est.

515 2966 668 3030 plura
685 2965 803 3014 vide
829 2967 883 3014 in
907 2966 1091 3016 Claud.
1114 2981 1232 3030 cap.
1256 2971 1336 3017 21.
1726 2980 1752 3014 Ρ
1785 2972 1939 3036 Lacu]
1977 2972 2154 3033 Fossa,
2187 2972 2237 3019 in
2277 2985 2431 3035 quani
2468 2985 2622 3036 sqnae
2648 2973 2730 3022 'ri-

583 3050 620 3075 ¹¹¹
652 3041 887 3107 Athletoe]
924 3043 1011 3091 De
1034 3042 1111 3091 bis
1132 3058 1288 3106 supra
1304 3044 1406 3093 hoc
1431 3057 1549 3107 cap.
1664 3049 1858 3099 berinae
1884 3048 2265 3098 derivarentur.

582 3125 607 3151 ¹²
640 3117 834 3181 Studio]
869 3118 986 3167 Hoc
1012 3126 1114 3180 est,
1139 3119 1253 3168 loco
1281 3118 1343 3168 ad
1368 3133 1581 3168 curren·
1726 3136 1751 3171 «ι
1793 3127 1953 3193 Tyrioe
1974 3132 2020 3176 et
2043 3127 2288 3191 AEgyptiae
2307 3124 2476 3177 classis
2508 3129 2731 3192 [classes]

516 3198 642 3248 dum
684 3204 982 3263 comparato
1002 3214 1018 3259 ς
1073 3198 1209 3263 quod
1256 3199 1413 3248 etiam
1459 3198 1579 3248 inde
1660 3205 1917 3255 Emendat
1938 3205 2289 3266 CasauMnus,
2305 3205 2457 3270 Tyria
2475 3214 2525 3255 et
2543 3209 2736 3273 AEgyp·

515 3276 532 3303 ‘
550 3274 955 3325 stadiodromum
970 3274 985 3296 ’
1010 3282 1066 3325 et
1087 3283 1103 3305 ‘
1123 3275 1438 3326 curriculum
1452 3275 1465 3297 '
1487 3291 1578 3339 ap-

519 3355 813 3419 pellavere:
849 3370 995 3405 secus
1032 3356 1167 3404 enim
1210 3364 1293 3407 est
1323 3371 1578 3406 mensurae

513 3447 721 3494 nomen,
732 3440 788 3482 nt
802 3433 1045 3482 Romanis
1059 3432 1373 3497 milliarium,
1387 3433 1515 3498 AEgy
1523 3449 1578 3498 p·

514 3510 601 3560 tiis
624 3508 881 3571 schoenus,
902 3512 1002 3559 &c-

578 3593 604 3619 ⁰
642 3587 703 3636 In
745 3586 923 3635 neinore
966 3588 1170 3653 Codeta]
1229 3590 1434 3650 Legunt
1475 3589 1579 3638 Be·
1602 3594 1609 3595 ’

515 3662 679 3712 roeld.
719 3669 776 3712 et
812 3661 1102 3713 Sabellicus
1125 3673 1181 3714 et
1201 3665 1504 3715 Torrentius
1526 3666 1578 3715 in

513 3752 689 3788 morem
707 3739 923 3802 cochleae,
944 3755 1057 3804 qum
1093 3741 1249 3790 lectio
1273 3741 1575 3790 admittere-

447 3873 453 3880 .
514 3821 617 3878 tur,
636 3815 688 3864 ni
706 3815 931 3879 priorem
955 3822 1036 3866 tot
1059 3817 1292 3868 codicum
1317 3817 1575 3866 stabiliret

515 3891 811 3942 auctoritas.
877 3892 1079 3942 Codeta
1111 3901 1286 3944 autem
1313 3908 1380 3944 ex
1413 3895 1574 3943 Festo

514 3972 569 4016 et
591 3968 805 4018 Victore
826 3968 877 4017 in
904 3968 1117 4033 regione
1136 3974 1214 4019 14.
1236 3978 1352 4021 erat
1365 3969 1575 4036 quidam

516 4057 641 4107 ager
663 4045 725 4093 ad
744 4044 967 4094 Tiberim
992 4047 1126 4097 circa
1148 4048 1398 4098 Martium
1424 4048 1572 4098 Cam-

515 4135 658 4184 pum.
725 4121 877 4171 Unde
917 4124 1205 4186 conjiciunt
1238 4125 1574 4190 interpretes,

514 4197 775 4260 duplicem
798 4197 954 4247 fuisse
974 4197 1246 4263 Codetam,
1263 4216 1475 4266 querum
1498 4204 1574 4253 al-

515 4282 631 4331 tera
667 4277 731 4327 ad
771 4278 982 4330 alterius
1018 4278 1367 4332 differentiam
1403 4283 1572 4334 minor

1657 3283 1729 3332 tia
1756 3284 1937 3344 classis,
1960 3283 2088 3345 sive,
2118 3290 2177 3331 ut
2205 3290 2288 3332 est
2322 3284 2373 3332 in
2402 3284 2734 3334 Memmiano

1658 3360 1870 3422 Codice,
1887 3375 2036 3424 quem
2061 3361 2282 3409 omnium
2310 3361 2731 3426 antiquissimum

1660 3436 1930 3500 praedicnt‚
1946 3436 2141 3486 biremes
2160 3453 2218 3486 ac
2238 3437 2480 3501 triremes,
2501 3440 2672 3505 Tyrioe
2686 3446 2732 3492 et

1656 3512 1902 3576 AEgyptioe
1923 3513 2102 3563 classis.
2151 3515 2240 3563 Eae
2264 3523 2439 3564 autem
2467 3529 2624 3567 erant
2651 3520 2733 3567 vel

1656 3589 1721 3638 ad
1744 3591 2013 3654 Tyriorum
2034 3598 2087 3640 et
2104 3591 2468 3656 AEgyptiarum
2488 3595 2732 3645 similitu-

1659 3666 1830 3716 dinem
1854 3676 1904 3715 et
1923 3667 2262 3717 imitationem
2284 3667 2468 3731 faetae,
2488 3672 2630 3736 quod
2657 3673 2736 3720 illi

1659 3746 1834 3808 populi
1868 3742 2110 3796 Nou'ticae
2144 3748 2271 3798 artis
2312 3749 2625 3813 peritissimi
2662 3751 2738 3800 so-

1657 3829 1793 3881 rent,
1816 3823 1899 3871 vel
1934 3822 2221 3881 accersitae‚
2250 3825 2329 3873 vel
2369 3822 2518 3875 bello
2556 3837 2734 3892 captae

1657 3902 1713 3947 et
1750 3896 1801 3946 in
1835 3897 1888 3947 id
1926 3906 2166 3949 servate.
2234 3899 2379 3949 Idem
2403 3900 2476 3950 de
2510 3902 2734 3953 Rhodiis

1654 3982 1711 4025 et
1731 3975 1921 4024 Siculis
1943 3974 2126 4025 Claud.
2150 3990 2266 4040 cap.
2290 3981 2370 4026 21.

1719 4058 1738 4084 '
1763 4053 1935 4102 Fuscos
1954 4052 2186 4116 correxit]
2212 4053 2281 4102 Hi
2297 4053 2419 4104 fasti
2446 4063 2576 4107 sunt
2592 4058 2734 4118 libri,

1652 4129 1838 4194 quibus
1872 4130 1992 4179 anni
2028 4129 2308 4195 descriptio
2332 4122 2389 4181 et
2426 4147 2611 4184 causae
2636 4135 2740 4185 ses-

1651 4214 1822 4256 torum
1844 4206 2192 4270 explicantur.
2237 4207 2565 4263 Calendaria
2587 4227 2739 4263 morev

1651 4291 1828 4333 nostro
1851 4283 2026 4334 dicere
2049 4298 2335 4348 possumus.
