3019 4922
1198 420 1591 470 oc'rAvtus.
2357 409 2487 473 365

313 567 555 643 verbiS,
602 584 755 648 quae
802 563 1084 646 Crispus
1127 563 1540 629 Sallustiusk
1584 565 1922 649 excerpsit
1966 586 2056 629 ex
2106 566 2485 647 Originibus

316 664 640 742 Catonia}
686 666 944 730 utaris'l
1002 685 1090 728 an
1141 667 1363 748 potius
1413 666 1863 730 Asiaticorum
1890 676 1929 703 ¹¹¹
1982 677 2336 742 oratorum,
2369 669 2476 731 'in-

315 770 554 832 anibus
575 777 601 817 ⁷
645 767 1008 844 sententiis,
1058 770 1406 831 verborum
1455 768 1847 832 volubilitas
1899 771 1968 832 in
2014 778 2305 833 nostrum
2351 790 2487 833 ser-

311 890 566 935 monem
625 868 1156 934 transferenda'l’
1273 869 1358 932 Et
1416 868 1733 951 quadam,
1761 871 2045 952 epistola
2095 869 2486 953 Agrippinae

308 974 532 1054 neptis
562 980 589 1007 ¹²
653 973 980 1054 ingenium
1039 971 1453 1049 collaudans,
1525 971 1753 1034 ‘Sed8
1815 991 1988 1055 opus
2045 972 2185 1050 est,’
2245 974 2485 1055 inquit,

312 1074 510 1138 ‘dare
539 1081 604 1139 te
644 1093 953 1156 operam,
985 1095 1067 1139 ne
1099 1073 1383 1137 moleste
1430 1073 1708 1151 scribas,
1753 1082 1869 1139 aut
1895 1075 2236 1159 loquaris?
2325 1077 2485 1156 [82]

310 1173 769 1254 Quotidiano9
820 1174 1115 1242 sermone
1176 1176 1488 1259 quaedam
1529 1176 1943 1260 frequentius
1995 1187 2062 1244 et
2107 1179 2483 1245 notabiliter

1212 1356 1422 1377 “ab“
1426 1356 1578 1378 Onu

314 1493 469 1557 Crisp.
507 1492 771 1543 deese-⁷
821 1492 999 1542 Graeir.
1044 1493 1223 1541 Burm.
1258 1492 1394 1542 Oud.
1437 1493 1560 1541 Ern.
1603 1492 1722 1552 Bip.
1773 1489 1930 1540 Wolf.
1974 1498 2280 1555 receperunt
2317 1493 2479 1543 Gron.

309 1558 719 1607 emendationem
758 1559 916 1606 inanis
967 1558 1225 1606 sententiis.
1313 1558 1374 1605 In
1429 1557 1620 1606 Medic.
1668 1561 1712 1605 l.
1762 1570 1863 1604 non
1911 1565 2172 1620 comparet
2219 1560 2484 1619 sententiis,

310 1631 362 1671 et
394 1624 553 1672 inanis
593 1622 717 1670 verb.
752 1624 841 1671 vol.
892 1637 1024 1670 man.
1059 1623 1174 1672 doc.
1214 1623 1264 1670 in
1300 1636 1390 1671 ora
1424 1620 1521 1669 Ed.
1566 1621 1763 1686 Grypb.
1801 1625 1946 1670 1539.
1986 1622 2241 1687 ascripsit.
2292 1625 2308 1650 ‘
2332 1624 2481 1685 Vulg.

309 1689 527 1747 servavi,
586 1687 834 1736 ablativos
881 1688 1141 1735 absolutos
1186 1701 1298 1735 esse
1338 1687 1654 1746 existimans,
1700 1700 1761 1734 eo
1809 1685 2003 1735 sensu:
2058 1687 2139 1735 lta
2198 1694 2255 1736 ut
2310 1689 2481 1737 inanes

307 1754 461 1801 insint
491 1753 782 1811 sententiaa,
808 1767 856 1800 v.
914 1751 974 1800 In
996 1753 1218 1800 maxima
1245 1752 1613 1800 sententiarum
1637 1750 1905 1799 inanitate.
1962 1751 2193 1809 Gaudeo,
2215 1753 2347 1800 idem
2374 1754 2481 1800 fere

307 1819 614 1866 sentientem
658 1817 912 1866 invenisse
957 1817 1209 1865 Waltber.
1255 1816 1386 1865 Obs.
1426 1831 1475 1878 p.
1499 1815 1601 1863 ⁶29!
1655 1815 1960 1875 Baumg.—8
1998 1818 2061 1863 Et
2104 1832 2217 1876 epus
2270 1817 2480 1865 Menum.

346 1884 392 1930 ui
431 1897 549 1930 mox
583 1887 629 1930 et
663 1885 752 1944 loq.
792 1881 1155 1930 accedentibus
1196 1880 1467 1941 Mediceis,
1498 1878 1656 1930 Polit.
1692 1880 1849 1928 Vind.
1875 1881 2016 1928 Dun.
2052 1882 2217 1931 Periz.
2253 1880 2480 1929 Har-lem.

306 1898 460 1995 Q'oss.
479 1947 611 1995 Edd.
636 1947 767 1995 Ven.
792 1955 859 1995 tr.
882 1946 1028 1996 Med.
1051 1961 1127 2008 pr.
1150 1945 1295 1994 Cald.
1322 1945 1483 2005 Lugd.
1515 1944 1663 1995 Junt.
1689 1942 1808 1991 Ald.
1842 1946 2018 2008 Stepli.
2045 1945 2267 2006 Arg.—9
2304 1946 2482 1994 Cottia.

307 2011 463 2062 Fouc.
488 2022 543 2061 et
559 2027 724 2074 exunt.
750 2012 980 2062 Harlem.
1036 2012 1211 2060 Verba
1232 2015 1276 2060 et
1294 2010 1451 2058 uotab.
1475 2010 1525 2057 in
1553 2011 1688 2058 Dnu.
1713 2010 1846 2057 inter
1874 2010 1962 2058 lin.
2009 2011 2134 2059 Mox
2149 2011 2223 2059 lit.
2246 2010 2343 2070 qius
2370 2011 2481 2059 Me·

1287 2183 1508 2237 NOTAE

308 2314 593 2381 grammate
629 2320 692 2356 eo
726 2307 863 2370 quod
900 2307 1089 2369 legitur
1123 2306 1172 2354 in
1198 2306 1353 2355 Cata-

306 2386 473 2441 lectis,
496 2399 598 2448 quo
620 2384 671 2432 in
696 2384 971 2432 Rhetorem
1006 2381 1350 2446 antiquarium

304 2464 415 2526 ejus
450 2461 669 2510 nominis
706 2461 889 2510 luserit
925 2459 1183 2522 Virgilius.
1249 2458 1352 2507 Pro

305 2538 552 2598 Veranio,
605 2538 796 2587 Verrius
842 2537 1035 2586 Flaccus
1082 2536 1208 2599 legit
1256 2536 1352 2583 Be·

304 2615 527 2675 roaldus,
561 2622 618 2663 ut
650 2612 716 2662 de
739 2627 799 2661 eo
837 2613 1172 2674 intelligatur,
1204 2623 1352 2674 quem

304 2689 577 2752 nepotibus
611 2695 985 2751 praeceptorem
1022 2687 1088 2735 ab
1117 2686 1354 2748 Augusto

305 2764 480 2813 datum
505 2765 637 2814 dixit
658 2766 747 2814 lib.
783 2764 847 2812 de
881 2764 1166 2814 Grammat.
1191 2776 1236 2810 c.
1272 2765 1350 2811 17.

304 2843 396 2891 sed
438 2856 557 2890 vero
610 2855 790 2905 parum
832 2840 995 2889 simile
1040 2844 1224 2900 putant
1267 2837 1351 2885 alii

305 2924 542 2966 evectum
566 2917 631 2966 ad
668 2916 720 2965 id
754 2917 978 2965 muneris
999 2929 1131 2975 eum,
1150 2913 1236 2977 qui
1257 2914 1353 2962 boc

302 2997 437 3057 ipso,
460 2993 597 3059 quod
624 2994 846 3043 maxime
868 2992 1053 3041 oderat
1074 2991 1356 3053 Augustus,

303 3073 551 3120 orationis
574 3071 700 3119 vitio
718 3070 993 3118 laborasset
1012 3084 1030 3128 ;
1063 3069 1198 3131 quod
1217 3067 1355 3115 enim

304 3148 553 3209 scriptum
577 3147 642 3194 de
668 3145 897 3194 obscuris
923 3145 1132 3194 Catonis
1169 3159 1200 3192 a
1221 3144 1353 3192 Ver-

305 3223 383 3272 rio
407 3223 617 3282 librum,
639 3220 804 3271 refert
828 3236 891 3269 ex
917 3221 1075 3271 Gellii
1099 3222 1188 3271 lib.
1212 3235 1356 3270 xvir.

304 3313 349 3348 c.
392 3303 442 3347 6.
483 3298 762 3347 dilucidum
797 3298 848 3345 id
883 3297 1054 3361 potius
1090 3305 1353 3346 auctorem

304 3373 604 3436 probaverit
625 3387 774 3435 quam
795 3373 1133 3436 antiquarium
1156 3391 1169 3422 ε
1201 3371 1353 3419 obso-

299 3451 409 3499 leta
424 3449 675 3514 siquidem
690 3450 897 3498 Catonis
912 3448 1181 3513 antiquarii
1194 3448 1351 3497 verba

301 3534 602 3596 susceperat
621 3527 943 3589 explicanda.
1008 3525 1164 3574 Certe
1186 3526 1350 3573 Vera-

300 3604 373 3651 nii
413 3602 648 3652 meminit
685 3617 884 3666 quoque
925 3600 1219 3651 Macrobius
1258 3600 1349 3649 lib.

301 3692 389 3728 ιιι.
414 3693 464 3728 e.
484 3683 535 3728 2.
570 3686 628 3727 ut
657 3686 892 3727 veterum
916 3675 1228 3739 quarundam
1260 3691 1348 3724 vo·

301 3769 418 3803 cum
475 3754 793 3817 interpretis.
871 3753 952 3802 Ad
1014 3767 1119 3801 rem
1176 3753 1347 3816 igitur.

299 3830 566 3894 Augustus
622 3831 758 3879 ridet
795 3829 1092 3891 Antonium,
1134 3829 1220 3890 qui
1259 3829 1350 3876 illa

302 3908 467 3968 agitet
491 3921 604 3969 quae
636 3905 1057 3954 deliberationem
1095 3906 1202 3964 pati
1239 3905 1350 3953 nul·

300 3984 399 4031 lam
418 3983 660 4036 debeant.
682 3996 801 4030 num
823 3981 1022 4030 scilicet
1040 3981 1350 4043 antiquarios

300 4060 413 4108 illos
438 4059 727 4107 imitaturus
748 4057 836 4119 sit,
853 4070 916 4105 an
942 4057 1178 4119 loquaces
1199 4055 1348 4104 Asia-

301 4136 451 4198 ticos,
472 4142 654 4196 utpote
677 4131 892 4197 quorum
916 4146 1059 4197 aeque
1074 4132 1126 4180 in
1150 4146 1242 4180 suo
1261 4146 1347 4196 ge-

303 4225 424 4262 nere
450 4218 637 4274 peccet
659 4211 843 4259 oratio.

364 4286 389 4320 Β
413 4288 612 4350 Crispus
625 4286 900 4350 Sallustius]
927 4286 1193 4350 Arguitur,
1208 4284 1343 4350 quod

1434 2309 1613 2351 vetera
1651 2316 1763 2366 quae
1801 2302 1850 2350 in
1877 2302 2085 2352 Catonis
2124 2301 2267 2351 libris
2305 2303 2482 2367 legun·

1433 2385 1520 2427 tur
1553 2380 1711 2427 verba
1739 2377 2074 2429 affectaverit.
2141 2379 2335 2428 Notum
2374 2382 2481 2443 epi-

1433 2472 1682 2520 gramma,
1721 2456 1827 2507 ‘Et
1861 2458 2016 2506 verba
2051 2457 2242 2521 antiqui
2268 2459 2478 2506 multum

1434 2530 1604 2581 furate
1654 2533 1882 2591 Catonis,
1929 2533 2111 2594 Crispe
2153 2532 2479 2601 Jugurthinae

1433 2609 1667 2658 conditor
1691 2607 1951 2657 historiae!
2017 2608 2099 2656 De
2119 2622 2219 2671 quo
2242 2616 2296 2657 et
2320 2608 2480 2659 Quin-

1437 2684 1640 2731 tilianus
1664 2682 1750 2731 lib.
1779 2695 1901 2731 vm.
1933 2697 2046 2746 cap.
2068 2687 2115 2731 3.
2146 2691 2201 2730 et
2223 2685 2331 2743 ipse
2354 2685 2479 2731 Sue·

1436 2760 1605 2808 tonius
1629 2757 1760 2807 infra
1795 2758 1862 2807 de
1899 2758 2178 2807 illustribus
2213 2757 2479 2807 Gramma-

1436 2838 1552 2887 ticis
1577 2843 1655 2886 15.

1494 2912 1509 2947 ¹
1547 2914 1764 2976 Catonis]
1823 2913 1955 2962 Cato
2001 2912 2274 2962 Censorius
2319 2912 2479 2961 libros

1431 2990 1656 3052 scripsit,
1698 2989 1880 3054 quibus
1918 2988 2098 3037 titulus
2128 2998 2240 3035 erat
2272 2990 2286 3015 ‘
2308 2989 2482 3051 Origi-

1429 3080 1523 3113 nes
1545 3065 1590 3114 :’
1634 3067 1709 3114 his
1747 3067 1917 3114 omnia
1949 3064 2271 3126 antiquitatis
2305 3080 2480 3113 monu-

1430 3150 1605 3192 menta
1650 3144 1950 3206 collegerat,
1995 3143 2058 3190 de
2098 3141 2282 3206 quibus
2324 3145 2481 3191 multa

1429 3218 1567 3282 apud
1593 3219 1894 3268 Ciceronem
1918 3219 2133 3281 mentio,
2150 3216 2238 3267 lib.
2263 3232 2481 3281 praeser-

1430 3296 1524 3344 tim
1550 3295 1614 3343 de
1640 3296 1883 3345 Oratore.

1493 3376 1530 3401 ¹¹¹
1562 3370 1901 3430 Asiaticorum]
1941 3369 2049 3420 Hos
2089 3370 2138 3418 in
2173 3369 2389 3417 vivendo
2414 3371 2480 3417 si-

1429 3444 1536 3492 mul
1558 3452 1611 3492 et
1633 3444 1854 3493 dicendo
1876 3454 2081 3493 secutus
2103 3445 2291 3492 dicitur
2311 3460 2340 3492 a
2356 3447 2480 3492 Plu·

1431 3520 1609 3568 tarcho
1625 3519 1897 3568 Antonius.
1930 3519 2237 3568 Petronius:
2263 3527 2276 3547 ‘
2298 3520 2479 3581 Nuper

1429 3600 1642 3644 ventosa
1664 3596 1751 3643 illa
1773 3604 1826 3643 et
1847 3595 2067 3643 enormis
2103 3595 2381 3656 loquacitas
2408 3597 2475 3641 Α-

1429 3671 1609 3720 thenas
1632 3685 1697 3719 ex
1722 3670 1843 3719 Asia
1864 3670 2239 3733 commigravit,
2263 3672 2479 3718 animos-

1430 3762 1527 3811 que
1556 3749 1823 3810 juvenum,
1861 3747 1926 3795 ad
1973 3762 2154 3810 magna
2189 3756 2473 3810 surgentes,

1431 3826 1590 3874 veluti
1615 3825 1880 3887 pestilenti
1905 3823 2126 3888 quodam
2147 3824 2314 3872 sidere
2338 3822 2476 3872 affla-

1428 3899 1540 3948 vit!

1494 3984 1519 4007 ¹¹
1551 3975 1832 4038 Agrippinae.
1868 3976 2044 4038 neptis]
2081 3977 2165 4024 De
2203 3976 2297 4024 bac
2321 3992 2476 4040 supra

1429 4069 1476 4104 c.
1493 4059 1576 4104 64.
1598 4055 1834 4118 Vipsanii
1855 4053 2100 4116 Agrippae
2126 4062 2182 4103 et
2197 4054 2348 4105 Juliae
2367 4057 2474 4103 Au-

1426 4138 1589 4194 gustae
1631 4133 1799 4181 altera
1841 4129 1962 4185 filia,
1994 4131 2289 4181 Germanici
2330 4120 2474 4194 uxor,

1427 4208 1672 4269 Caligulae
1696 4214 1881 4267 mater,
1921 4206 1986 4255 de
2022 4222 2122 4270 qua
2145 4210 2300 4259 etiam
2327 4211 2477 4277 plura.

1424 4282 1562 4334 infra
1583 4284 1636 4333 iu
1659 4283 1864 4334 Tiberio
1886 4290 1943 4332 et
1962 4284 2090 4333 aliis.
