3019 4922
2362 434 2480 500 461

302 611 576 658 causam
623 594 689 656 in
736 593 989 657 Senatu
1038 592 1258 656 dicere
1307 592 1554 674 coegit.
1646 590 2008 676 Nunquam
2054 592 2322 658 Curiam
2362 596 2493 659 nisi

302 697 489 760 solus
515 696 825 760 intravit:
857 696 1105 761 lectica
1143 697 1477 779 quondam
1508 696 1860 761 introlatus
1892 717 2093 778 aeger,
2126 698 2423 763 comites‘
2451 717 2494 760 a

300 819 374 863 se
421 802 716 864 removit.
802 798 964 883 [31]
1009 799 1340 879 Quaedam
1385 801 1716 864 adversus
1770 801 2168 864 sententiam
2219 820 2413 864 suam
2441 807 2492 837 ¹⁰

300 879 607 979 decernis
642 921 724 964 ne
773 911 1053 985 questus
1104 901 1371 985 quidem
1419 909 1547 967 est.
1639 902 1943 984 Negante
1991 922 2099 979 eo,
2130 901 2495 965 destinatos

299 1003 723 1085 magistratus
762 1005 1000 1068 abesse
1046 1011 1375 1088 oportere,
1407 1012 1478 1069 ut
1506 1010 1869 1088 praesentes
1907 1004 2141 1069 honori
2188 1004 2494 1087 acquies-

300 1109 569 1184 cerent,¹
596 1115 624 1140 ¹¹
672 1106 926 1170 Praetor
956 1106 1331 1189 designatus
1371 1108 1645 1171 liberam
1690 1108 2086 1190 legationem
2106 1115 2134 1141 V
2178 1107 2496 1190 impetra·

300 1208 443 1270 vit.²
539 1207 809 1272 lterum.
857 1217 1184 1287 censente,
1235 1216 1307 1274 ut
1356 1209 1815 1275 Trebianis3W
1863 1211 2153 1293 legatam
2199 1211 2265 1272 in
2319 1226 2495 1292 opus

298 1311 458 1374 novi
490 1311 728 1375 theatri
771 1311 1125 1394 pecuniam
1167 1312 1255 1376 ad
1306 1314 1741 1378 munitionem
1778 1314 1905 1379 viae
1953 1313 2296 1378 transferre
2336 1330 2496 1376 con·

1192 446 1580 496 TIBERIUS.

1214 1528 1423 1548 “OOC“
1427 1530 1455 1549 Ο
1459 1529 1485 1546 O
1490 1528 1516 1546 θ
1521 1527 1579 1549 ‘0

298 1671 491 1722 Medic.
514 1677 560 1722 1.
585 1681 639 1724 et
655 1680 867 1724 malum
891 1675 1035 1724 Dun.
1058 1674 1344 1724 Voss.—10
1362 1674 1426 1724 In
1450 1677 1585 1726 Dun.
1607 1693 1734 1726 suam
1755 1680 1923 1728 deest.
1960 1678 2087 1728 Mox
2104 1680 2266 1727 adesse
2281 1679 2495 1729 Memm.

300 1739 442 1786 Dnn.
466 1739 596 1801 Cop.
624 1741 770 1789 Huls.
790 1740 904 1803 Cuj.
931 1739 1063 1788 Edd.
1087 1741 1236 1789 Rom.
1261 1742 1623 1801 magistratibus
1640 1744 1795 1793 abesse
1813 1743 2050 1794 Harlem.
2073 1745 2245 1792 Periz.
2271 1759 2300 1791 a
2324 1760 2387 1792 m.
2415 1758 2494 1805 pr.

301 1802 458 1851 Vind.
491 1809 535 1852 l.
572 1805 708 1853 Edd.
746 1805 894 1855 Med.
935 1804 1088 1854 Cald.
1126 1806 1258 1854 Ven.
1288 1808 1336 1854 l.
1372 1807 1695 1867 magistratib.
1727 1811 1886 1857 adesce
1909 1809 2045 1857 Ven.
2069 1809 2182 1857 duae
2208 1809 2321 1858 rell.
2387 1809 2495 1857 Pro

292 1874 548 1929 prcesentes
566 1871 760 1918 notavit
782 1884 916 1918 man.
934 1870 1074 1919 doct.
1092 1871 1141 1918 in
1162 1870 1261 1918 Ed.
1281 1869 1458 1920 Pl'ant.
1480 1874 1819 1933 presenti—1
1841 1873 2145 1922 Bouhierius
2164 1872 2300 1935 conj.
2320 1887 2494 1921 emen·

298 1932 454 1980 dand.
475 1936 814 1998 adsuescerent,
836 1945 889 1983 et
915 1935 1199 1998 probarunt
1212 1933 1362 1984 Wolf.
1389 1946 1441 1984 et
1467 1937 1670 1985 Ruhnk.
1693 1938 1864 1987 invitis
1890 1939 2016 1987 Mes.
2041 1939 2104 1986 V.
2130 1938 2347 1998 Baumg.
2389 1954 2492 2001 aeq.

299 1996 784 2049 defendentem—2
807 2000 1067 2062 Imperavit
1087 2001 1298 2049 Memm.
1351 2000 1617 2050 Dein'Iter
1653 2016 1705 2050 eo
1739 2018 1862 2052 cena.
1902 2003 2032 2050 Edd.
2060 2004 2186 2052 Bon.
2213 2002 2333 2051 Ald.
2359 2002 2488 2064 Arg.

297 2061 464 2123 Lngd.
480 2064 627 2114 Junt.
643 2066 817 2128 Stepb.
851 2080 974 2113 cena.
994 2080 1047 2112 eo
1060 2063 1217 2113 Vind.
1237 2069 1285 2113 2.
1308 2079 1500 2113 censens
1523 2082 1571 2115 se
1584 2067 1699 2130 Cuj.
1722 2067 1833 2116 item
1854 2082 2043 2116 censens
2056 2082 2107 2116 ae
2128 2068 2249 2117 Lial.
2273 2068 2494 2117 Casaub.

294 2141 485 2176 censens
510 2129 712 2192 probat,
736 2139 793 2179 ut
817 2130 1092 2178 conveniat
1113 2131 1214 2178 τοῖς
1236 2129 1331 2177 obl.
1355 2145 1446 2179 non
1464 2137 1565 2194 pot.
1590 2132 1668 2180 vel
1702 2133 1920 2196 obtineri,
1960 2140 2166 2182 retento
2186 2136 2416 2192 censente,
2439 2140 2499 2182 ut

295 2190 480 2255 Steph.
505 2194 670 2242 edidit
689 2202 742 2242 et
765 2196 927 2242 voluit
953 2196 1076 2243 Ern.
1107 2194 1190 2243 Cf.
1217 2195 1278 2242 ad
1299 2197 1344 2243 h.
1365 2197 1399 2244 l.
1416 2195 1572 2245 Wolf.
1591 2193 1731 2245 ond.
1750 2198 1926 2246 Burm.
1944 2213 2003 2246 ac
2030 2199 2246 2259 Baumg.
2262 2197 2383 2245 nihil
2409 2198 2495 2246 hic

296 2259 597 2308 mutandum
630 2264 1037 2308 statuentes.—3
1075 2260 1297 2309 Trebiam
1334 2261 1483 2312 Vnae.
1541 2262 1820 2311 Trebulanis
1859 2263 2001 2312 Cort.
2034 2264 2207 2312 Periz.
2241 2263 2295 2312 in
2330 2277 2496 2325 marg.

306 2323 575 2373 Uti-ibianis
600 2333 711 2389 opt.
731 2325 887 2375 Torr.
926 2325 1014 2390 qui
1051 2327 1187 2391 conj.
1231 2326 1543 2376 otriculanis.
1595 2329 1722 2378 Mox
1757 2343 1849 2378 non
1886 2329 2033 2379 theat.
2060 2329 2195 2379 Dun.
2227 2342 2288 2377 ex
2319 2328 2493 2391 inopiis

1283 2507 1498 2559 Nom
1558 2481 1562 2485 ’

296 2640 372 2703 gis
395 2653 456 2688 ac
481 2638 642 2701 magia
658 2639 908 2687 extollere
927 2652 983 2688 se
1007 2639 1142 2688 velle
1167 2638 1354 2702 proba·
1430 2641 1659 2697 Tiberio,
1713 2650 1831 2705 post
1880 2645 2145 2707 expletum
2200 2639 2492 2690 tribuniciae

301 2724 409 2765 ret:
446 2715 597 2778 hujus
621 2716 754 2764 enim
779 2730 953 2772 cansa,
971 2716 1067 2765 nisi
1088 2717 1225 2765 intra
1250 2718 1353 2766 val-

296 2793 401 2849 lum
439 2793 520 2853 agi
556 2806 655 2840 non
697 2791 944 2855 debebat,
982 2798 1038 2841 et
1069 2805 1239 2841 eoram
1270 2793 1357 2841 illo

297 2870 386 2933 qui
420 2869 604 2918 caetris
643 2875 888 2931 praeerat,
928 2876 1018 2918 aut
1056 2869 1169 2932 ipso
1205 2870 1357 2918 Prin-

297 2949 439 3009 cipe,
459 2946 550 2994 sed
571 2945 772 3007 legibus
796 2945 993 2995 militiae
1017 2947 1226 2998 veter-ia.
1264 2947 1359 2998 Ju-

300 3037 414 3072 ven.
449 3022 558 3073 Sat.
584 3035 709 3073 xvi.
731 3037 806 3073 va.
832 3026 912 3071 15.
937 3030 992 3072 et
1017 3023 1074 3072 L.
1099 3037 1185 3074 nr.
1208 3021 1262 3073 ff.
1293 3024 1358 3073 de

299 3114 356 3153 re
376 3099 608 3149 militari.

363 3179 380 3209 ²
410 3176 644 3239 Comites]
677 3176 872 3227 Quales
897 3175 1044 3225 multi
1081 3190 1180 3227 non
1205 3176 1358 3226 Prin-

298 3253 402 3316 cipi
441 3253 613 3314 modo,
657 3253 745 3301 sed
792 3259 848 3301 et
891 3252 1113 3302 divitum
1150 3253 1360 3318 cuique,

297 3331 523 3378 maxime
577 3329 618 3377 si
673 3328 948 3391 prodirent
992 3329 1043 3378 in
1080 3327 1357 3390 judicium.

302 3404 453 3454 Unde
475 3405 662 3455 Juven.
698 3405 809 3454 Sat.
829 3417 930 3452 vn.
954 3420 1027 3453 vs.
1050 3408 1164 3453 141.
1217 3405 1233 3432 ‘
1257 3406 1358 3453 Re-

297 3482 456 3544 spicit
475 3482 572 3531 hoc
598 3482 816 3545 primum
841 3481 927 3545 qui
951 3481 1143 3543 litigat,
1164 3495 1230 3530 an
1265 3480 1358 3529 tibi

299 3561 437 3609 servi
453 3560 610 3616 Octo,
629 3561 805 3610 decem
830 3558 1081 3622 comite⁸,'
1097 3562 1197 3610 διο.
1217 3561 1357 3608 Mar-

300 3638 437 3686 tialis
460 3652 662 3702 quoqne
687 3640 892 3701 passim.
938 3668 941 3671 Δ

303 3745 310 3752 -
357 3720 382 3745 ¹¹
396 3713 776 3776 Aequioecerent]
795 3714 913 3763 Hoc
926 3720 1027 3775 eet,
1041 3711 1358 3773 fruerentur,

299 3788 590 3854 gauderent
622 3792 814 3840 bonore
850 3791 945 3840 sibi
966 3790 1173 3839 delato.
1242 3789 1359 3839 Hoc

301 3867 460 3918 verbo
484 3869 668 3917 iterum
695 3868 860 3917 utitur
881 3865 1018 3917 infra
1041 3881 1159 3929 cap.
1179 3870 1260 3916 56.

362 3954 387 3980 V
419 3947 639 3995 Liberam
659 3944 962 4007 legationem]
996 3945 1199 3995 Liberae
1220 3946 1359 4009 lega·

301 4024 473 4073 tiones
519 4023 941 4073 concedebantur
983 4024 1062 4085 iis,
1111 4025 1197 4087 qui
1241 4038 1357 4072 cum

301 4100 583 4149 doineotica
602 4100 849 4148 haberent
874 4102 924 4149 in
963 4099 1240 4162 provinciis
1271 4114 1359 4147 ne-

302 4177 461 4239 gotia,
484 4177 581 4224 hoc
602 4176 807 4225 honoris
843 4189 984 4224 mero
1007 4175 1157 4223 titulo
1180 4175 1233 4223 in
1257 4175 1361 4224 illia

302 4265 416 4300 ease
455 4252 792 4314 exoptabant.
834 4252 995 4313 Talia,
1025 4266 1073 4299 v.
1109 4266 1157 4313 g.
1187 4258 1360 4300 stante

304 4327 611 4392 Republica,
632 4326 818 4378 fuisset
839 4327 951 4378 haic
973 4329 1183 4392 legatio,
1204 4343 1358 4392 quam
1450 4367 1458 4375 .

1434 2719 1707 2781 potestatis
1733 2726 1953 2782 tempus,
1987 2726 2044 2766 ut
2082 2718 2192 2766 sine
2216 2717 2496 2780 ignominia

1433 2801 1608 2858 posset
1630 2795 1829 2856 abesse,
1867 2794 2016 2844 Livia
2052 2799 2214 2842 mater
2249 2792 2498 2854 obtinuit,

1433 2885 1590 2932 suipra
1613 2885 1729 2933 cap.
1763 2874 1842 2920 12.
1892 2871 2198 2934 Quanquam
2232 2869 2348 2929 lege
2379 2882 2493 2929 pro-

1433 2949 1610 2998 hibita»
1637 2950 1826 3006 forent,
1850 2957 1864 2979 ‘
1891 2951 1964 2999 rei
1992 2964 2099 3014 aum
2134 2963 2261 3010 ergo
2286 2962 2351 2996 ne
2383 2948 2495 3012 quia

1432 3027 1634 3090 legatus
1657 3026 1807 3086 esto‚'
1838 3041 1899 3075 ex
1928 3027 2183 3077 Cicerone
2206 3025 2292 3074 lib.
2317 3038 2402 3075 m.
2428 3025 2496 3073 de

1434 3100 1690 3165 Iaegi'bus3
1731 3105 1806 3153 his
1844 3111 2018 3154 tamen
2058 3103 2153 3151 viri
2194 3100 2316 3151 boni
2357 3101 2496 3165 iique

1433 3182 1599 3241 multi,
1623 3182 1850 3240 nomina,
1868 3181 1967 3230 hoc
1985 3187 2065 3229 est
2086 3180 2204 3228 aeria
2219 3178 2370 3228 alieni
2393 3178 2502 3226 exi-

1433 3260 1587 3320 gendi
1611 3274 1764 3308 cansa
1782 3258 1858 3306 usi
1893 3265 2033 3317 aunt,
2062 3265 2118 3304 ut
2144 3263 2289 3318 patet
2312 3270 2375 3303 ex
2408 3269 2495 3303 eo·

1433 3334 1550 3382 dem
1576 3335 1844 3394 Cicerone,
1866 3334 1918 3381 in
1943 3332 2196 3381 Oratione
2223 3346 2315 3394 pro
2346 3331 2495 3379 Flac·

1433 3423 1514 3458 co.
1572 3408 1880 3472 Hujnsmodi
1918 3408 2227 3470 legationem
2264 3407 2499 3470 Scipioni

1435 3485 1647 3534 Nasicae
1690 3485 1954 3533 decretam
1997 3498 2027 3530 a
2064 3482 2279 3539 Senatu,
2311 3489 2499 3530 auctor

1433 3569 1517 3610 eat
1541 3560 1852 3611 Plutarchus
1874 3560 1924 3608 in
1943 3557 2211 3621 Gracchis,
2235 3564 2290 3606 ut
2318 3563 2498 3618 posset

1434 3654 1550 3688 eum
1598 3639 1790 3687 honore
1833 3635 2096 3696 secedere,
2143 3634 2262 3697 quia
2301 3632 2499 3681 Tiberii

1435 3714 1661 3765 Gracchi
1682 3721 1848 3762 morte
1871 3712 2144 3761 maximam
2170 3710 2305 3773 apud
2333 3723 2498 3772 popu-

1434 3793 1541 3841 lum
1565 3791 1808 3839 invidiam
1834 3789 2138 3838 incurrerat.

1498 3877 1534 3902 w
1572 3869 1816 3919 cernente.
1853 3870 1910 3914 ut
1952 3861 2220 3924 Trebianis]
2266 3862 2496 3911 censere

1436 3945 1559 4007 quiid
1582 3947 1666 3998 sit,
1686 3943 1738 3991 in
1763 3941 1996 4004 Angusto
2019 3953 2136 4001 cap.
2171 3942 2253 3986 35.
2281 3946 2332 3984 et
2356 3936 2496 3984 alibi.

1434 4020 1628 4070 Trebia
1671 4018 1874 4081 fluvius,
1897 4025 1950 4066 et
1988 4015 2266 4078 oppidum:
2314 4014 2399 4061 ille
2442 4013 2496 4062 in

1435 4097 1608 4146 Gallia
1629 4096 1833 4158 Togata
1859 4093 2058 4142 Padum
2083 4090 2320 4149 influens,
2341 4091 2496 4139 hodie

1436 4173 1616 4223 itidem
1641 4172 1716 4220 La
1732 4171 1900 4221 Trebia
1917 4187 1933 4219 .-
1969 4172 2062 4220 boc
2083 4169 2134 4220 in
2152 4167 2387 4230 Umbria,
2407 4168 2495 4217 ho·

1436 4251 1521 4301 die
1545 4251 1704 4300 Treui.
2377 4284 2380 4289 .
