3019 4922
505 377 637 445 298

508 540 587 619 ri,
640 558 1017 623 quenquam
1064 556 1236 614 esse,
1290 538 1403 620 qui
1456 536 1542 599 de
1580 557 1687 601 me
1728 535 1899 600 male
1944 534 2272 618 loquatur.
2359 534 2547 600 Satis
2595 541 2699 601 est

510 644 709 720 enim,
741 643 801 705 si
830 642 955 707 hoc
981 642 1329 717 habemuS,
1371 660 1459 706 ne
1504 641 1658 723 quis
1702 639 1900 703 nobis
1948 637 2124 703 male
2172 637 2389 701 facere
2437 636 2700 719 possit-⁹

506 744 673 831 [52]
715 744 1023 829 Templa,
1057 744 1367 826 quamvis
1394 744 1623 820 sciret,
1655 743 1853 806 etiam
1875 739 2405 805 Proconsulibus
2431 739 2698 803 decerni

508 846 814 926 solere,⁷¹²
862 848 929 910 in
974 846 1164 910 nulla
1214 851 1437 910 tamen
1481 845 1850 927 provincia,
1880 844 2007 907 nisi
2034 842 2369 907 communi
2399 861 2523 908 suo
2555 841 2701 908 Ro-

508 969 775 1032 maeque
805 949 1111 1025 nomine,c
1157 948 1436 1031 recepit.
1532 945 1708 1011 Nam
1757 947 1824 1010 in
1877 945 2062 1010 Urbe
2098 944 2366 1028 quidem
2409 944 2701 1026 pertina-

508 1052 780 1115 cissime
812 1051 1141 1115 abstinuit
1168 1050 1296 1115 hoc
1325 1051 1595 1115 honore.
1681 1048 1907 1133 Atque
1936 1050 2138 1114 etiam
2174 1055 2522 1130 argenteas
2557 1055 2699 1110 sta-

507 1165 682 1232 tuaS,
735 1154 898 1218 olim
947 1154 1077 1217 sibi
1118 1155 1403 1238 positaS,
1433 1150 1798 1218 conflavitd
1839 1173 2092 1228 omnes,
2120 1171 2203 1215 ex
2238 1151 2431 1235 quis⁸
2463 1169 2699 1215 aureas

506 1256 844 1320 cortinas‘*
885 1255 1184 1340 Apollini
1218 1257 1535 1323 Palatino
1558 1254 1579 1292 ‘
1623 1256 1984 1322 dedicavit.
2072 1255 2491 1322 Dictaturam
2517 1273 2703 1335 mag-

1363 393 1426 440 0.
1474 390 1834 440 SUETONII

1419 1439 1779 1460 OOOOOOOOOOOO

507 1557 641 1606 ven.
665 1561 719 1606 et
744 1554 805 1604 Ο.
833 1560 1024 1618 praeter
1047 1556 1164 1606 Bas.
1185 1555 1383 1619 Gryph.
1405 1563 1458 1604 et
1475 1560 1711 1620 seqq.-7
1746 1555 1905 1606 Solet-e
1927 1568 2027 1606 non
2052 1558 2321 1616 comparet
2345 1553 2394 1602 in
2419 1552 2521 1604 Ms.
2544 1554 2698 1603 Τοῖα

506 1622 625 1669 Pin.
652 1620 769 1683 Cuj.
791 1622 940 1670 Voss.
964 1622 1159 1671 Medic.
1181 1625 1230 1669 2.
1256 1622 1415 1669 Foue-
1443 1636 1501 1668 ac
1528 1622 1718 1671 rectius
1740 1622 1915 1669 abesse
1941 1627 2093 1683 putat
2117 1620 2256 1676 Oud.
2278 1634 2391 1668 cum
2414 1615 2699 1667 Sclteffero.

509 1685 649 1734 Ante
669 1686 813 1734 etiam
833 1686 1010 1735 exulat
1034 1702 1064 1734 a
1086 1686 1244 1734 Vind.
1270 1691 1415 1735 1.--8
1451 1687 1538 1735 Sic
1563 1687 1831 1749 rescripsit
1851 1687 1991 1735 Oud.
2010 1700 2040 1734 e
2063 1685 2263 1739 Medic.
2284 1684 2403 1732 trib.
2428 1683 2542 1746 Cuj.
2567 1684 2699 1745 Cop.

508 1765 669 1813 marg.
692 1751 812 1800 Bas.
836 1751 960 1801 Ant.
985 1751 1182 1814 Gryph.
1216 1751 1379 1811 Lugd.
1408 1752 1690 1801 accedente
1731 1753 1889 1801 Fouc.
1925 1749 2263 1800 annuentibus
2286 1746 2445 1797 Wolf.
2481 1750 2701 1810 Baumg.

507 1830 655 1879 exque
668 1816 775 1878 quis
787 1817 1000 1867 Dun.ex
1017 1818 1183 1879 quibus
1196 1817 1329 1867 Edd.
1352 1816 1493 1865 Vett.
1507 1824 1630 1866 ante
1648 1816 1870 1867 Casaub.
1887 1816 1975 1881 qui
1995 1815 2156 1866 tacite
2177 1814 2439 1877 rescripsit
2458 1828 2605 1876 exque
2620 1813 2702 1877 iis,

1496 1962 1713 2013 NOTAE

571 2058 596 2093 b
630 2061 990 2110 Pncomlibus
1005 2062 1190 2112 decerni
1214 2063 1384 2127 solere]
1410 2062 1563 2114 Quod
1645 2068 1798 2111 extra
1820 2061 1998 2111 urbem
2019 2058 2328 2109 constructis
2350 2074 2364 2107 z
2404 2057 2523 2108 Ode
2539 2064 2588 2107 5.
2611 2058 2700 2108 lib.

509 2138 692 2201 etipsa
714 2144 885 2186 stante
903 2138 1038 2201 Rep.
1072 2137 1264 2188 factum
1289 2138 1480 2198 fuerat,
1505 2146 1566 2189 ut
1645 2153 1730 2189 111.
1773 2139 2049 2188 ‘Praesens
2087 2137 2248 2186 Divus
2286 2135 2561 2185 habebitur
2596 2136 2701 2185 Au·

507 2229 573 2263 ex
599 2213 854 2263 Cicerone
878 2215 929 2262 in
954 2215 1199 2277 Epistolis
1225 2216 1285 2264 ad
1313 2216 1565 2267 Quintum

509 2288 738 2345 fratrem,
777 2297 831 2339 et
867 2305 933 2339 ex
968 2290 1177 2354 Polybii
1201 2293 1288 2341 lib.
1316 2306 1369 2341 v.
1406 2292 1565 2342 mani-

506 2364 643 2415 feste
699 2366 931 2430 colligas.
1032 2368 1172 2417 Nota
1214 2370 1288 2417 his
1335 2368 1565 2433 quinque

508 2442 764 2493 continuis
795 2443 1051 2508 capitibus
1074 2460 1258 2509 magna
1298 2445 1564 2495 civilitatis

509 2529 832 2584 argumenta.
897 2523 1209 2573 Plutarchus
1231 2520 1395 2572 refert
1435 2529 1563 2573 tem·

510 2598 593 2660 pla
614 2605 667 2646 et
702 2600 966 2662 gymnasia
989 2600 1114 2649 Tito
1139 2599 1404 2663 Flaminio,
1446 2615 1563 2663 per-

509 2674 632 2723 inde
657 2689 718 2724 ae
736 2678 865 2732 Deo,
892 2692 921 2725 a
944 2675 1366 2726 Chalcidensibus
1384 2677 1560 2726 condi·

509 2758 560 2798 ta
604 2750 784 2813 fuisse,
823 2768 1018 2817 sitaque
1052 2754 1207 2802 etiam
1257 2761 1416 2802 aetate
1452 2755 1564 2804 liaec

509 2843 872 2895 perseverasse
894 2820 1165 2880 sacrificia.

572 2912 594 2938 θ
632 2906 881 2954 Communi
934 2921 1019 2955 suo
1065 2908 1320 2970 Romaque
1355 2907 1564 2970 nomine]

507 2980 787 3030 Testantnr
810 2984 1200 3046 inscriptiones.
1252 2986 1416 3033 Vetus
1433 2999 1568 3034 mar·

510 3072 640 3106 mor.
683 3058 970 3108 ‘Sacerdos
999 3061 1142 3109 Rom.
1175 3066 1229 3109 et
1252 3059 1404 3124 Aug!
1458 3061 1569 3110 Nu·

512 3132 750 3182 mismata
792 3135 1039 3197 inscripta
1087 3136 1271 3185 ‘Rom.
1313 3142 1369 3185 et
1411 3135 1568 3199 Aug!

511 3208 781 3272 Historici,
823 3210 1081 3274 Josephus
1126 3211 1214 3259 lib.
1251 3225 1344 3261 xv.
1411 3212 1565 3263 Anti·

512 3284 640 3349 quit.
664 3299 710 3333 c.
737 3290 815 3335 13.
852 3295 903 3335 et
940 3287 1030 3336 lib.
1069 3301 1111 3339 1.
1164 3288 1360 3339 Bellor.
1400 3305 1447 3339 c.
1484 3293 1565 3338 16.

512 3361 695 3425 quibus
735 3370 903 3411 tamen
945 3364 1068 3412 locis
1112 3364 1290 3426 templi
1333 3365 1565 3428 ejusdem

509 3437 706 3487 mentio
725 3446 824 3495 est,
846 3438 937 3488 sed
975 3437 1211 3500 Augusto
1249 3439 1317 3490 ab
1352 3441 1568 3492 Herode

510 3516 818 3576 consecrati,
856 3517 1032 3565 Romae
1071 3531 1192 3566 vero
1224 3519 1425 3567 nonnisi
1463 3526 1568 3567 sta-

512 3597 601 3639 tua
642 3591 708 3639 ad
752 3591 974 3642 Junonis
1012 3592 1219 3656 Argivae
1256 3596 1568 3658 exemplum.

512 3666 595 3717 An
620 3682 744 3716 vero
769 3674 916 3718 tauta
939 3671 1226 3732 pertinacia
1247 3671 1425 3721 Romae
1444 3686 1570 3736 quo·

511 3759 612 3808 qne
633 3745 685 3793 id
712 3745 918 3794 honoris
950 3752 1211 3808 usurpare
1236 3747 1572 3810 abstinuerit,

507 3821 653 3870 locus
668 3821 756 3870 hic
777 3822 1007 3871 Suetonii
1032 3828 1270 3879 testatur,
1292 3824 1429 3873 unde
1454 3840 1569 3886 qun

510 3904 693 3960 postea
730 3899 782 3946 in
802 3898 930 3947 urbe
951 3898 1160 3948 condita
1182 3907 1319 3954 sunt,
1342 3914 1442 3949 non
1465 3901 1569 3951 nisi

509 3983 712 4023 mortuo
734 3975 963 4039 condita,
981 3983 1042 4026 ut
1076 3974 1273 4024 Tiberii
1295 3977 1434 4039 apud
1459 3977 1569 4026 Pli-

510 4053 651 4100 uium
673 4051 766 4099 lib.
791 4064 963 4102 xxxv.
985 4067 1032 4102 e.
1050 4056 1101 4101 4.
1123 4059 1176 4102 et
1208 4053 1371 4116 ipsius
1400 4054 1568 4104 Liviae

510 4128 567 4177 iu
591 4127 816 4189 Palatio,
836 4127 974 4191 apud
1009 4130 1233 4179 eundem
1274 4130 1361 4183 lib.
1393 4145 1494 4182 ιιι.
1518 4147 1567 4182 c.

492 4208 594 4253 49.
665 4203 936 4252 Horatium
963 4205 1123 4267 igitur
1155 4207 1416 4271 intelligas
1451 4216 1566 4259 tan·

516 4290 624 4330 tum
653 4280 716 4328 de
754 4278 855 4329 aris
894 4285 1121 4343 Augusto
1165 4283 1378 4349 ejusque
1415 4290 1567 4350 genio

1646 2214 1858 2278 gustus.'
1925 2215 2044 2265 Ode
2072 2220 2121 2263 5.
2145 2214 2233 2263 lib.
2253 2228 2329 2263 iv.
2362 2213 2593 2264 ‘Alteris
2628 2213 2702 2263 Te

1646 2292 1855 2341 adhibet
1876 2290 2085 2350 Deum‚'
2109 2295 2207 2341 διο.
2259 2292 2327 2342 Et
2348 2290 2505 2354 epist.
2533 2296 2580 2339 l.
2609 2289 2702 2339 lib.

1646 2382 1711 2418 ιι.
1779 2371 1795 2397 ⁴
1811 2369 2069 2419 Praesenti
2094 2367 2188 2417 tibi
2209 2373 2437 2417 maturos
2457 2366 2704 2429 largimur

1644 2444 1882 2507 honores,
1903 2443 2267 2508 Jurandasque
2300 2450 2444 2492 tuum
2486 2456 2581 2507 per
2615 2455 2708 2491 no·

1645 2537 1763 2573 men
1789 2524 2024 2587 ponimus
2049 2520 2197 2572 aras!
2245 2521 2485 2585 Propert.
2507 2519 2595 2568 lib.
2621 2533 2709 2569 m.

1644 2602 1816 2652 Deum
1842 2602 2087 2664 appellat.
2142 2606 2157 2629 ‘
2182 2597 2338 2647 Arma
2361 2599 2507 2647 Deus
2533 2597 2707 2646 Caesar

1645 2677 1782 2727 dites
1804 2678 2081 2725 meditatur
2102 2675 2167 2724 ad
2188 2674 2382 2725 Indos)

1708 2753 1732 2787 ‘¹
1770 2753 2031 2817 Conflavit]
2087 2751 2207 2801 Hoc
2261 2756 2342 2800 est
2363 2736 2702 2814 ‘liquefecitz

1646 2829 1771 2878 alias
1815 2828 2041 2879 conflare
2085 2837 2166 2877 est
2204 2827 2414 2886 cudere,
2441 2834 2501 2876 ut
2539 2827 2705 2877 Geor·

1648 2906 1750 2968 gic.
1793 2920 1830 2955 1.
1899 2910 1914 2934 ‘
1933 2906 2004 2954 Et
2042 2919 2216 2954 curvae
2278 2903 2500 2964 rigidum
2543 2902 2706 2954 falces

1649 2981 1940 3032 conflantur
1982 2983 2033 3031 in
2075 2980 2283 3031 ensem.'
2372 2983 2440 3030 Et
2477 2979 2707 3031 conflata

1649 3060 1894 3122 pecunia:
1935 3074 2035 3107 non
2060 3059 2242 3108 eodem
2283 3073 2487 3121 prorsus
2528 3073 2708 3118 sensu,

1648 3150 1750 3198 quo
1770 3135 1855 3184 bic
1882 3135 2117 3195 sumitur,
2141 3150 2239 3184 non
2265 3137 2398 3184 enim
2425 3136 2523 3184 nisi
2549 3137 2707 3200 lique-

1646 3209 1773 3260 fecit
1790 3225 1806 3270 ;
1826 3226 1891 3260 ex
1914 3212 1988 3260 eis
2005 3211 2260 3275 siquidem
2282 3225 2463 3260 aureas
2480 3212 2708 3261 cortinas

1647 3302 1747 3337 non
1770 3287 2056 3338 fabricatus
2078 3295 2178 3347 est,
2210 3289 2301 3337 sed
2339 3303 2405 3336 ex
2429 3303 2627 3345 earum,
2651 3298 2709 3338 ut

1648 3373 1816 3429 patet,
1829 3366 2027 3429 pretio;
2049 3364 2139 3413 nisi
2162 3372 2430 3425 argentum
2452 3370 2707 3412 transmu-

1651 3448 1816 3491 tatum
1854 3441 2065 3498 dixeris,
2092 3455 2190 3504 quo
2215 3440 2372 3489 etiam
2402 3453 2552 3488 sensu
2574 3437 2710 3488 infra

1616 3522 1804 3567 .c.⁷l.

1711 3601 1733 3627 θ
1769 3593 2015 3660 Cor-tinas]
2048 3592 2222 3656 Hujus
2262 3593 2398 3641 vocis
2433 3591 2572 3641 varia
2609 3592 2713 3655 sig·

1647 3670 1874 3722 nificatio
1889 3686 1905 3719 ε
1929 3685 2043 3719 nam
2067 3670 2324 3720 artificum
2344 3676 2399 3719 et
2421 3668 2708 3732 agrestium

1652 3766 1773 3800 vasa
1794 3750 2028 3816 quiedam
2054 3764 2189 3797 aerea
2223 3748 2391 3808 fuere,
2412 3748 2602 3812 quibus
2628 3746 2709 3795 vei

1647 3827 1702 3876 in
1726 3828 2090 3888 torcularibus,
2106 3826 2186 3873 vel
2209 3825 2260 3873 in
2273 3824 2557 3888 coquendis
2573 3825 2710 3873 colo·

1651 3904 1794 3954 ribus
1814 3912 2107 3966 uterentur,
2126 3917 2189 3950 ex
2205 3902 2392 3958 Plinio,
2407 3901 2709 3962 Columella,

1650 3989 1705 4030 et
1721 3980 1946 4031 Platone
1962 3988 2182 4029 constat.
2219 3979 2324 4029 Hie
2345 3979 2707 4040 intelliguntur

1650 4059 1881 4122 tripodes
1905 4058 2003 4119 illi,
2021 4071 2233 4121 quorum
2260 4062 2362 4105 tam
2389 4053 2634 4119 frequens
2652 4068 2703 4103 a·

1648 4133 1756 4196 pud
1768 4133 2034 4184 historicos
2046 4139 2100 4182 et
2120 4131 2325 4195 poetas,
2340 4131 2556 4181 Graecos
2573 4145 2703 4195 prae·

1648 4210 1843 4274 sertim,
1865 4211 2060 4260 mentio
2098 4208 2179 4270 fit,
2201 4208 2311 4258 sive
2345 4223 2555 4265 mensae,
2596 4208 2700 4256 sive

1650 4303 1770 4338 vasa
1791 4302 2013 4354 quoque,
2038 4287 2126 4337 sed
2153 4300 2316 4350 sacra,
2339 4284 2549 4350 fuerint,
2565 4284 2700 4335 varie
