3019 4922
484 415 617 483 382

485 577 775 642 missezm
827 575 1222 640 draconem³
1266 578 1539 656 repente
1583 571 1930 656 irrepsisse
1977 570 2063 637 ad
2107 590 2279 650 eam,
2337 573 2683 658 pauloque

487 685 646 764 post
681 696 1054 761 egressum3
1099 677 1419 762 illamque
1468 675 2032 759 expergefactam,
2081 676 2277 760 quasi
2326 697 2370 742 a
2430 697 2682 744 concu-

485 783 631 848 bitu
659 780 903 859 mariti,
933 779 1331 863 purificasse
1362 799 1437 844 se
1460 787 1508 845 :¹¹
1538 786 1606 843 et
1653 779 1878 843 statim
1909 779 1977 843 in
2015 798 2291 862 corpore
2320 778 2468 863 ejus
2501 780 2683 845 exti-

489 886 653 950 tisse
699 885 1059 962 maculam,
1108 885 1339 949 velut4
1381 883 1633 968 depicti
1676 882 2011 961 draconis,
2042 902 2167 947 nec
2215 884 2516 966 potuisse
2562 903 2684 947 un-

490 1007 692 1072 quam
751 986 988 1070 exigi,5
1051 987 1227 1051 adeo
1283 994 1360 1052 ut
1415 1006 1576 1051 mox
1635 986 1927 1071 publicis
1968 986 2302 1052 balineis⁰
2358 989 2687 1070 perpetuo

1341 430 1406 476 C.
1453 428 1812 479 SUETONH

1403 1186 1728 1207 OOOOOOOOOO
1732 1187 1763 1206 0

491 1320 702 1381 Baumg.
769 1318 900 1368 Mox
920 1319 1420 1385 ebdomioissevcort.
1454 1323 1712 1372 Foeta—8
1747 1322 1854 1373 Dm
2119 1318 2218 1369 Ed.
2241 1319 2421 1370 Plant.
2443 1318 2691 1385 aliaeque,

490 1387 690 1435 dracone
717 1385 852 1434 Ven.
876 1389 924 1434 2.
948 1389 994 1436 3.
1060 1386 1224 1436 Deest
1250 1387 1501 1451 particula
1541 1394 1630 1451 qioe
1664 1394 1780 1451 post
1812 1388 1948 1449 poulo
1980 1387 2029 1436 in
2069 1383 2236 1435 Codd.
2273 1384 2600 1448 quibusdam.
2628 1393 2688 1436 ct

490 1450 623 1498 illam
662 1450 773 1499 sine
805 1452 990 1512 copula
1014 1451 1257 1500 scribitur
1279 1455 1330 1500 in
1354 1453 1568 1502 Memm.
1607 1452 1766 1501 Fouc.
1790 1452 1958 1501 Periz.
1995 1451 2225 1500 Harlem.
2258 1450 2409 1501 Hnls.
2448 1459 2503 1498 et
2537 1448 2685 1500 libris

492 1515 642 1563 Torr.
678 1526 734 1565 et
770 1514 911 1564 Oud.
944 1531 1060 1565 cum
1094 1515 1230 1567 Edd.
1257 1519 1405 1566 Rom.
1439 1519 1571 1568 ven.
1608 1517 1754 1567 Med.
1788 1519 1920 1566 Bou.
1960 1515 2125 1575 Luoed.
2161 1515 2343 1578 steph.
2399 1514 2557 1564 Panlo
2575 1519 2688 1564 ante

491 1594 728 1639 egressum
762 1579 917 1635 habet
946 1583 1200 1631 Fouc.—4
1240 1582 1398 1633 Veluti
1418 1581 1578 1632 Vind.
1601 1588 1648 1632 l.
1672 1584 1818 1633 Cort.
1856 1580 1988 1631 Edd.
2023 1583 2171 1630 Rom.
2196 1581 2320 1643 picti
2345 1579 2543 1630 Medic.
2562 1582 2615 1629 2.
2637 1583 2691 1628 ⁸.

493 1643 612 1691 Pin.
638 1645 783 1693 Voss.
807 1646 964 1694 Fouc.
997 1647 1129 1709 Cop.
1153 1647 1271 1711 Cuj.
1304 1648 1446 1711 epicti
1468 1649 1781 1697 Memm.—·5
1817 1647 1905 1696 Ita
1939 1645 2183 1695 exhibent
2215 1645 2318 1694 duo
2349 1646 2501 1694 Torr.
2521 1642 2689 1694 Codd.

494 1708 709 1760 Menum.
739 1710 935 1761 Medic.
958 1715 1006 1762 1.
1045 1716 1093 1761 3.
1129 1712 1247 1763 Pin.
1280 1712 1401 1777 Cuj.
1437 1713 1596 1764 Fouc.
1620 1712 1771 1763 Voss.
1810 1711 2107 1777 probantib.
2140 1711 2302 1763 Groui
2341 1708 2523 1760 θεῶν.
2545 1708 2686 1761 Oud-

1476 1907 1698 1959 NOTAE

497 2021 673 2070 Plaut.
692 2033 900 2084 quoque
925 2021 976 2070 iu
1001 2021 1219 2070 Poennio
1244 2020 1364 2071 Act.
1388 2036 1430 2071 ι.
1464 2021 1553 2072 Sc.

1631 2020 1789 2072 cedat
1808 2021 1874 2071 ab
1898 2021 2001 2071 aris
2025 2020 2120 2071 Cui
2158 2020 2277 2070 tulit
2289 2020 2532 2070 hesterna
2568 2032 2689 2084 gau·
2716 2049 2727 2057 ι

496 2100 546 2146 2.
580 2111 653 2144 vs.
679 2084 796 2145 10⁵.
828 2099 843 2124 ‘
871 2097 1044 2147 Nimia
1077 2112 1169 2147 nos
1208 2098 1444 2148 socordia
1463 2098 1555 2148 ho·

1632 2097 1719 2147 dia
1741 2106 1896 2148 nocte
1919 2097 2134 2146 Venus.’
2198 2095 2420 2147 Ovidius
2443 2095 2689 2146 Amorum

496 2171 582 2231 die
603 2171 794 2232 tenuia,
877 2171 983 2222 An.
1006 2188 1107 2237 qua
1130 2173 1195 2223 de
1214 2189 1271 2223 re
1304 2173 1555 2225 obsecro?

498 2248 604 2297 An.
641 2247 778 2299 Quia
797 2263 900 2297 non
923 2249 1035 2312 jam
1058 2249 1251 2298 dudum
1290 2249 1355 2299 ad
1390 2250 1556 2300 aedem

496 2325 715 2373 Veneris
740 2325 992 2389 venimus,
1025 2326 1216 2375 Primoe
1250 2334 1307 2378 ut
1336 2326 1557 2377 inferre·

497 2416 612 2451 mus
666 2401 838 2467 ignem
878 2403 931 2453 in
975 2417 1135 2453 aram.
1202 2405 1309 2453 An.
1351 2404 1416 2453 ab
1455 2420 1559 2455 non

498 2477 643 2530 facto
666 2487 746 2530 est
764 2493 914 2545 opus.
982 2481 1113 2533 Quae
1138 2481 1331 2531 babent
1345 2487 1557 2532 noctur-

498 2571 569 2606 na
596 2571 705 2619 ora,
740 2563 897 2607 noctu
937 2556 1287 2622 significatum
1305 2557 1381 2608 ire
1404 2572 1560 2608 occu-

498 2639 653 2695 pant,
676 2633 985 2698 Priusquam
1011 2635 1191 2684 Venas
1230 2634 1560 2698 expergisca-

500 2716 604 2765 tur,
634 2710 778 2773 prins
811 2710 1167 2777 deproperant
1188 2711 1367 2762 sedulo
1389 2713 1558 2764 Sacri·

498 2784 700 2843 ficare,'
725 2790 825 2837 &c-

564 2868 602 2894 ὓ
634 2862 770 2912 Dum
809 2867 978 2913 cetero
1014 2870 1242 2916 matrona
1283 2867 1562 2930 definirent,

498 2936 808 3002 obdormisse]
840 2940 1082 2990 Somnum
1127 2942 1263 2991 bunc
1301 2951 1561 2993 matrona·

502 3029 613 3063 rum
639 3015 820 3065 eodem
846 3030 1001 3065 sensu
1042 3017 1376 3069 casaubonus
1409 3020 1561 3069 intel·

499 3089 615 3153 ligit
636 3105 735 3155 qno
778 3106 936 3155 supra
959 3108 1008 3143 c.
1031 3097 1114 3142 78.
1148 3095 1212 3143 de
1242 3094 1479 3158 Augusto
1507 3095 1560 3144 in

500 3164 615 3228 ipsa
638 3179 729 3215 sna
748 3166 939 3216 lectica
964 3168 1252 3219 dormiente
1270 3187 1287 3232 ;
1308 3185 1405 3220 uec
1421 3171 1561 3220 enim

502 3242 729 3307 intelligi
747 3251 941 3308 potest,
962 3246 1103 3310 quod
1129 3249 1239 3298 vult
1254 3248 1565 3314 Beroaldus,

502 3318 570 3369 de
593 3320 679 3374 illo
702 3320 1027 3386 antiquorum
1047 3338 1212 3387 more,
1231 3341 1332 3392 quo
1353 3326 1560 3391 quidam

500 3396 554 3446 in
598 3396 813 3447 deornm
852 3400 1059 3464 templis
1115 3401 1463 3466 dormiebant,
1502 3411 1564 3455 nt

504 3489 754 3539 responsa
774 3490 931 3540 snper
967 3478 1047 3527 bis
1076 3479 1232 3529 rebus
1264 3480 1564 3544 acciperent

501 3567 628 3618 quas
645 3552 1004 3617 postulabant:
1027 3555 1162 3618 quod
1176 3557 1192 3584 ‘
1210 3556 1469 3607 incubare’
1487 3558 1564 3608 di·

501 3630 751 3679 cebatnr:
796 3643 859 3678 ea
882 3631 1076 3695 quippe
1099 3631 1350 3681 divinatio
1372 3647 1467 3696 per
1489 3633 1565 3682 in-

504 3707 832 3757 cubationem
873 3708 1087 3771 privatis
1124 3708 1439 3758 solummodo
1464 3724 1566 3759 cae-

503 3784 737 3838 timoniis
777 3786 1132 3850 quaerebatur‚
1146 3786 1229 3835 hic
1248 3784 1464 3835 solenne
1481 3800 1563 3836 sa-

504 3874 646 3911 crum
666 3860 769 3911 fnit
791 3877 806 3910 ι
839 3862 935 3911 soli
970 3862 1247 3917 cubabant,
1265 3862 1349 3911 bic
1369 3870 1565 3912 matre-

503 3934 594 3984 bas
617 3934 824 3986 affuisse
852 3943 1028 4000 patett
1065 3938 1306 3988 castitate
1343 3945 1398 3989 et
1428 3938 1566 4002 jeju-

505 4012 605 4060 niis
626 4012 1303 4080 proeparabantnr‚qnornm
1328 4015 1412 4065 hic
1426 4016 1568 4065 nulla

507 4091 720 4139 mentio.

572 4172 595 4197 ¹¹
628 4166 920 4231 Pnnjficasse
955 4168 1028 4231 se]
1077 4168 1128 4219 N
1132 4183 1193 4218 ec
1230 4168 1366 4218 enim
1400 4170 1565 4233 pollu-

508 4245 619 4288 tum
655 4256 943 4306 quenquam
985 4244 1145 4293 sacris
1189 4244 1442 4295 interesse
1481 4244 1565 4296 fas

506 4323 643 4365 erat.
683 4315 914 4368 Tibullus
929 4318 1111 4382 Elegia
1132 4323 1180 4369 1.
1204 4320 1291 4373 lib.
1313 4334 1381 4371 ιι.
1406 4323 1423 4352 ‘
1448 4323 1568 4375 Dis-

1633 2174 1768 2225 libro
1810 2189 1897 2224 111.
1952 2174 2135 2238 Elegia
2162 2172 2400 2237 septima,
2430 2175 2529 2221 διο.
2552 2171 2689 2237 quod

1635 2267 1785 2318 aquae
1806 2252 2184 2316 aspersionibus
2198 2250 2361 2302 fiebat
2373 2251 2535 2313 idem,
2556 2250 2573 2277 ‘
2589 2251 2695 2301 Ριι-

1635 2343 1794 2393 reque
1817 2329 1977 2379 lavari
2001 2330 2075 2378 Te
2095 2327 2323 2387 memini,
2356 2333 2412 2377 et
2445 2341 2579 2390 puro
2616 2342 2692 2376 se-

1635 2407 1877 2456 cubuisse
1902 2404 2053 2456 toro.’
2117 2406 2186 2454 Et
2209 2404 2421 2456 Persius
2452 2403 2611 2454 Satir.
2630 2418 2693 2454 ιι.

1638 2498 1714 2534 vs.
1752 2488 1833 2534 1⁶.
1865 2484 1882 2513 ‘
1901 2484 2036 2536 Haec
2071 2490 2250 2533 sancte
2283 2489 2341 2533 nt
2380 2497 2589 2546 poscas,
2607 2482 2695 2532 Ti·

1634 2560 1816 2611 berino
1836 2560 1889 2610 in
1910 2560 2116 2624 gurgite
2138 2558 2328 2621 mergis
2352 2558 2512 2607 Mane
2534 2564 2696 2622 caput

1634 2636 1714 2687 bis
1757 2645 1960 2701 terque,
1995 2641 2051 2685 et
2086 2642 2295 2686 noctem
2320 2632 2530 2683 flumine
2574 2649 2696 2699 pur·

1638 2712 1766 2778 gas?
1829 2712 1982 2762 Unde
2005 2711 2190 2762 Cicero
2213 2725 2277 2761 ιι.
2317 2711 2382 2761 de
2401 2711 2625 2776 Legibus
2650 2715 2696 2761 1.

1634 2791 1650 2818 ⁸
1670 2790 1736 2840 ad
1756 2790 1904 2838 divos
1921 2795 2066 2838 caste
2091 2786 2355 2838 adeunto?

1700 2872 1725 2898 ⁰
1759 2865 1977 2915 Publicis
2013 2864 2237 2928 balineis]
2269 2864 2481 2916 Quanta
2517 2878 2695 2915 eornm

1634 2940 1919 2991 multitudo
1942 2941 2122 2990 Roma
2149 2938 2288 2989 foret
2310 2955 2376 2989 ex
2399 2940 2499 2990 boc
2537 2941 2697 2990 Plinii

1637 3018 1752 3067 loco
1763 3017 2022 3067 aestimare
2039 3024 2141 3074 est,
2153 3015 2245 3066 lib.
2267 3029 2470 3070 xxva.
2487 3032 2604 3082 cap.
2620 3022 2700 3067 15.

1637 3094 1724 3144 abi
1742 3093 1809 3143 de
1822 3092 2063 3158 Agrippa
2079 3093 2301 3157 Augusti
2318 3108 2510 3158 genero
2534 3095 2700 3159 loqui·

1637 3178 1754 3220 tur:
1789 3174 1805 3200 ‘
1827 3171 2029 3234 Adjicit
2051 3172 2164 3234 ipse
2198 3170 2253 3219 in
2288 3169 2557 3220 aedilitatis
2592 3185 2699 3220 sua

1636 3248 2144 3307 commemoratione,
2159 3255 2216 3297 et
2237 3246 2386 3296 ludos
2408 3250 2493 3298 68.
2516 3245 2698 3297 diebus

1636 3324 1826 3387 factos,
1880 3331 1938 3375 et
1975 3324 2201 3388 gratuita
2229 3322 2457 3387 prebita
2493 3323 2700 3375 balinea

1639 3408 1754 3454 1⁷0.
1788 3417 1902 3468 qna.-
1941 3416 2079 3451 nunc
2116 3400 2295 3450 Romae
2333 3400 2398 3450 ad
2444 3399 2704 3450 infinitum

1638 3494 1829 3532 auxere
1851 3477 2160 3529 numerum.’
2229 3477 2356 3527 Cum
2379 3477 2513 3527 enim
2534 3478 2701 3526 rarior

1639 3557 1778 3622 apud
1808 3557 1951 3620 ipsos
1972 3562 2127 3606 esset.
2150 3554 2238 3604 lini
2278 3569 2416 3614 usus,
2459 3554 2703 3604 sudorem

1641 3633 1922 3698 sordesque
1961 3632 2195 3696 corpoeis
2245 3630 2435 3694 saepius
2486 3630 2699 3680 abluere

1640 3724 1856 3760 necesse
1877 3707 2173 3769 habebant3
2202 3707 2320 3757 hinc
2342 3706 2703 3756 Artemidorus

1644 3787 1734 3835 lib.
1757 3800 1796 3837 1.
1831 3784 2151 3835 Oneirocrit.
2190 3798 2284 3833 sno
2307 3791 2542 3847 tempore
2579 3798 2702 3848 quo·

1648 3862 1776 3912 tidie
1813 3861 1979 3911 lavari
2008 3862 2209 3925 solitos,
2254 3861 2542 3923 praesertim
2580 3868 2702 3910 ante

1645 3939 1834 4001 cibum,
1872 3948 1931 3989 ut
1968 3938 2227 3988 balineum
2272 3938 2344 3986 nil
2381 3935 2519 3987 foret
2564 3937 2700 3987 aliud

1647 4031 1797 4082 quam
1823 4016 1907 4066 via
1929 4015 1995 4065 ad
2017 4015 2191 4065 cibum
2211 4034 2228 4077 ς
2264 4001 2406 4079 q⁶uod¹
2426 4019 2482 4063 et
2522 4015 2707 4076 volup·

1647 4095 1746 4145 tati
1769 4090 2090 4155 tantae'apnd
2113 4090 2307 4155 aliquos
2331 4096 2464 4150 erat,
2490 4096 2547 4138 nt
2570 4089 2705 4139 Gor-

1645 4170 1828 4221 dianus
1885 4168 2074 4220 Junior
2127 4166 2346 4229 septies,
2397 4164 2706 4215 Commodus

1649 4254 1822 4297 autem
1858 4244 2022 4297 octies
2055 4242 2106 4293 in
2139 4242 2278 4293 diem
2309 4241 2498 4292 lavisse
2530 4242 2705 4305 legan-

1651 4330 1759 4372 tur.
