3019 4922
545 406 677 474 886

543 585 744 632 manu
795 573 1099 649 gestaret,
1142 567 1554 648 reposuisse.

1403 425 1465 471 0.
1508 418 1799 472 SUETON
1817 419 1871 470 11
1925 457 1928 460 -

1669 570 1812 631 At³
1865 565 2257 649 insequenti,
2315 565 2730 634 animadver-

545 670 706 734 tisse
747 688 818 732 se
857 670 925 732 in
956 670 1200 751 gremio
1232 667 1599 751 Capitolini
1626 668 1673 733 J
1675 669 1822 732 ovis
1851 668 2123 732 eundem
2157 687 2435 750 puerum
2464 691 2480 734 :
2529 690 2728 753 quem

461 832 464 837 .
545 788 700 835 eum
729 770 982 835 detrahi
1018 770 1350 855 jussisset,
1383 771 1787 852 prohibitum
1838 771 2089 833 monitu
2124 770 2276 846 Dei,
2322 776 2640 856 tanquam
2669 773 2732 837 is

546 873 630 937 ad
662 875 943 938 tutelam
989 873 1462 957 Reipublicae*
1497 873 1906 938 educaretur.
1993 871 2099 937 Ae
2130 872 2240 936 die
2271 875 2583 956 proximo
2611 876 2728 939 ob-

543 977 725 1040 vium
755 976 882 1039 sibi
910 974 1311 1058 Augustum,
1348 995 1499 1039 cum
1542 977 1945 1057 incognitum
1988 977 2201 1040 alias⁵
2251 978 2548 1054 haberet,
2595 996 2727 1042 non

546 1080 692 1142 sine
721 1078 1153 1143 admiratione
1185 1079 1544 1157 contuituS‚
1579 1079 1987 1142 simillimum
2017 1078 2192 1142 dixit
2220 1098 2455 1163 puero,
2489 1080 2573 1144 de
2596 1101 2726 1163 quo

545 1183 964 1245 somniasset.
1053 1179 1354 1258 Quidam
1405 1181 1588 1263 prius
1641 1180 1963 1245 somnium
2014 1179 2234 1245 Catuli
2283 1182 2475 1245 aliter
2520 1202 2736 1265 expo-

543 1288 731 1361 nunt,
765 1283 960 1366 quasi
991 1281 1260 1364 Jupiter
1291 1283 1747 1366 compluribus
1786 1283 2234 1365 praetextatis,
2266 1289 2548 1348 tutorem
2583 1305 2628 1348 a
2655 1304 2728 1349 se

543 1386 1002 1468 poscentibuS,
1029 1403 1231 1448 unum
1277 1403 1366 1448 ex
1409 1385 1505 1447 eis
1552 1383 2101 1462 demonstrasset,
2132 1380 2216 1449 ad
2268 1405 2465 1467 quem
2509 1385 2740 1454 omnia-

546 1486 877 1551 de-sideria
929 1507 1053 1550 sua
1101 1487 1465 1552 referrent:
1515 1486 1820 1571 eju-sque*
1857 1489 2166 1551 osculum
2222 1486 2586 1552 delibatum
2633 1489 2732 1552 di-

1531 3045 1746 3093 NOTAE

542 3132 698 3181 detur
736 3134 786 3182 in
810 3136 984 3184 multis
1001 3137 1257 3199 numining
1296 3145 1351 3186 et
1388 3138 1485 3187 nisi
1512 3139 1603 3187 illa
1681 3139 1892 3202 Digitus
1961 3154 2078 3189 snos
2125 3140 2309 3191 Jovem
2348 3135 2414 3187 ad
2475 3151 2533 3186 os
2583 3138 2739 3201 pueri

541 3208 628 3265 sit,
651 3208 773 3272 qnid
798 3207 974 3273 fuerit,
988 3210 1186 3261 fatetur
1202 3214 1404 3263 nescire
1426 3229 1480 3264 se
1500 3215 1600 3265 Ca·

541 3284 831 3334 saiubonus:
871 3287 1114 3352 quicquid
1139 3287 1191 3336 id
1218 3297 1320 3351 eat,
1357 3298 1599 3340 constare

538 3359 750 3410 videtur
796 3362 995 3426 signum
1064 3363 1191 3413 illud
1251 3363 1433 3423 fuisse,
1494 3382 1599 3433 quo

537 3437 818 3501 diplomata
842 3439 1048 3504 aliaque
1083 3440 1136 3490 id
1176 3456 1337 3504 genus
1371 3442 1598 3506 Reipub-

539 3513 653 3563 licae
690 3517 895 3566 nomine
949 3516 1377 3581 obsignabantur.
1442 3520 1598 3569 Unde

538 3588 766 3641 futuram
790 3593 1018 3656 Augusti
1056 3593 1465 3645 dominationem
1497 3610 1597 3644 non

537 3665 792 3719 immerito
829 3670 1180 3734 colligebant3
1219 3672 1497 3721 morientes
1521 3678 1595 3721 et-

538 3746 672 3793 enim
699 3746 915 3809 sigilium
941 3762 1088 3796 suum
1109 3748 1215 3796 sive
1239 3749 1479 3797 annulum
1494 3749 1596 3811 sig-

538 3822 791 3871 natorium
843 3824 1227 3873 successoribus
1272 3826 1377 3874 suis
1425 3822 1598 3873 tradess

542 3896 689 3947 bant.
755 3900 905 3950 Quod
951 3902 1087 3949 enim
1125 3908 1179 3949 et
1202 3899 1269 3949 de
1292 3899 1595 3950 Alexandro

539 3973 791 4025 moriente
806 3985 981 4025 narrat
997 3978 1063 4029 Q.
1084 3977 1296 4026 Curtius
1310 3977 1400 4026 lib.
1419 3990 1477 4025 x.
1496 3978 1594 4026 bue

540 4048 691 4110 vulgo
732 4051 961 4115 trabunt,
1006 4059 1060 4101 et
1112 4052 1177 4101 de
1229 4053 1444 4103 Tiberio
1487 4068 1594 4101 mo·

540 4123 707 4172 rieute
730 4126 1006 4177 Suetonius
1039 4144 1085 4178 c.
1106 4133 1187 4178 ⁷3.
1222 4130 1399 4179 Tiber.
1437 4136 1495 4179 et
1525 4130 1593 4179 de

539 4196 756 4261 privatis
781 4203 934 4250 etiam
957 4204 1247 4255 haeredibus
1268 4207 1527 4257 Valerius.

602 4277 627 4305 ⁰
657 4274 738 4324 Aa
754 4288 805 4323 οε
826 4289 959 4325 mum
978 4280 1217 4344 retulisse]
1262 4280 1451 4332 Sensus
1486 4286 1588 4338 eet,

1681 3214 1992 3273 admovisse,
2066 3216 2339 3278 osculoque
2407 3214 2543 3262 iliius
2607 3213 2738 3263 deii·

1681 3292 1820 3352 bato‚
1876 3291 1941 3342 ad
1988 3307 2134 3340 snum
2187 3292 2344 3354 ipsius
2397 3304 2454 3338 os
2497 3290 2742 3338 retulisse

1679 3371 1926 3430 osculum,
2006 3367 2149 3431 quasi
2210 3366 2388 3429 digitis
2465 3365 2740 3427 inhaerens,

1679 3442 1813 3507 quod
1832 3441 2044 3492 adorare
2062 3440 2352 3491 dicebatur.
2417 3440 2501 3488 De
2522 3454 2634 3503 quo*
2648 3439 2744 3488 ad·

1675 3520 1777 3569 hue
1801 3517 1933 3569 infra
1973 3518 2127 3568 Galb.
2163 3532 2212 3566 c.
2239 3523 2287 3565 5.
2320 3522 2379 3565 et
2413 3516 2621 3565 Plinius
2652 3516 2743 3564 nb.

1677 3612 1890 3649 xxvnr.
1913 3613 1961 3648 e.
1985 3602 2032 3647 2.
2055 3596 2150 3646 sub
2173 3596 2346 3656 finem,
2367 3595 2384 3623 ⁸
2401 3595 2452 3643 in
2473 3594 2742 3644 adorando

1677 3674 1919 3723 dextram
1954 3674 2018 3722 ad
2042 3673 2271 3722 osculum
2296 3669 2602 3732 referimua,'
2643 3674 2744 3720 &c.

1677 3749 1748 3798 Et
1777 3748 2131 3799 Jureconsulti
2155 3747 2218 3796 ad
2251 3748 2415 3809 legem
2445 3760 2510 3795 11.
2537 3746 2740 3795 Codice

1675 3826 1741 3874 de
1760 3823 2177 3879 Fabrieensibua,
2196 3825 2296 3871 &m

1748 3898 1771 3931 f
1809 3898 2103 3961 Fbagelium]
2160 3896 2534 3961 Opprimendae
2582 3898 2744 3947 liber-

1675 3975 1799 4024 tatis
1852 3975 2077 4038 signum,
2120 3969 2281 4035 flagro
2338 3970 2541 4036 'quippe
2601 3972 2740 4023 caedi

1674 4051 1932 4103 Quiritem
1960 4049 2123 4098 nefas.
2189 4047 2349 4098 Unde
2375 4046 2626 4097 Juvenal.
2647 4050 2743 4099 Sa-

1675 4130 1760 4178 tir.
1785 4141 1840 4177 x.
1863 4142 1932 4175 vs.
1958 4129 2072 4175 1⁰9.
2094 4124 2160 4173 de
2182 4123 2342 4185 Juiio,
2374 4124 2390 4151 ⁸
2407 4122 2490 4172 Ad
2517 4136 2618 4172 ana
2651 4125 2742 4190 qui

1672 4203 1894 4255 domitos
1921 4200 2139 4252 deduxit
2158 4197 2319 4263 flagra
2335 4197 2612 4250 Quirites?
