3019 4922
1164 426 1565 477 ocravlus.
2344 417 2475 483 369

279 568 345 632 id
371 575 493 645 est,
512 567 860 632 formulam
910 570 1363 653 rationemque
1416 570 1750 636 scribendi
1774 580 1790 609 ¹
1831 592 1872 636 a
1901 575 2348 654 grammaticis
2374 578 2471 641 in-

278 672 596 748 stitutam,
621 692 748 736 non
780 671 948 736 adeo
978 673 1332 738 custodiit:
1380 693 1460 738 ac
1481 676 1737 739 videtur
1759 694 1987 740 eorum
2021 678 2472 763 potiussequi

275 775 672 857 opinionem,
712 777 825 859 qui
862 777 1133 860 perinde
1182 776 1624 855 scribendum,
1656 798 1740 843 ac
1783 778 2184 861 loquamur‚²
2235 782 2468 846 existi-

275 884 480 940 ment.
535 876 717 942 Nam
738 878 920 961 quod
942 886 962 925 ³
994 899 1176 963 saepe
1207 898 1338 943 non
1356 880 1587 944 literas
1615 881 1838 958 modo,
1863 882 1979 945 sed
2012 872 2331 965 syllabam,
2354 891 2474 950 aut

274 983 614 1061 permutat
634 988 748 1043 ant
771 980 1084 1063 praeterit,
1105 983 1473 1046 communis
1496 983 1840 1047 hominum
1857 985 1886 1020 ⁴
1915 1004 2097 1049 error
2125 997 2245 1049 est.
2320 987 2473 1052 Nec

276 1099 403 1162 ego
433 1081 502 1143 id
535 1087 854 1158 notarem,
884 1082 1009 1145 nisi
1043 1083 1201 1145 mihi
1223 1085 1457 1147 mirum
1485 1093 1508 1120 ⁶
1552 1085 1908 1164 videretur,
1942 1088 2297 1154 tradidisse
2345 1091 2472 1153 ali-

276 1202 471 1266 quoS,
498 1185 714 1266 legato
738 1204 888 1248 eum
921 1187 1258 1250 consulari
1286 1207 1749 1252 successorem
1773 1190 2067 1267 dedisse,
2115 1197 2185 1255 ut
2229 1192 2374 1256 rudi
2405 1198 2474 1257 et

277 1286 571 1363 indoct0,
604 1286 799 1370 cujus
824 1308 1022 1352 manu
1052 1294 1074 1323 ‘
1096 1289 1215 1352 ixi’
1245 1309 1368 1373 pro
1398 1295 1418 1323 ‘
1443 1290 1590 1372 ipsi’
1620 1292 1940 1375 scriptum
1989 1294 2473 1358 animadverte-

277 1389 411 1452 rit.⁵
502 1388 793 1467 Quoties
824 1397 1049 1456 autem
1076 1411 1197 1474 per
1234 1388 1475 1456 notasd
1502 1393 1758 1470 scribit,
1784 1392 1822 1455 b
1851 1414 1972 1477 pro
2002 1416 2065 1472 a,
2092 1417 2122 1457 c
2149 1414 2272 1478 pro
2303 1394 2361 1473 b,
2393 1417 2471 1462 ac

1181 1540 1557 1561 eeeeeeeeeeee

225 1612 228 1613 ’
273 1579 604 1656 ιἯιιιί.’2.-1
641 1607 811 1656 Voces
832 1608 884 1656 id
905 1608 1222 1658 calnam-ib.
1255 1610 1479 1670 glossam
1517 1615 1703 1672 putant
1739 1610 1918 1658 Burm.
1943 1608 2085 1659 Oud.
2120 1609 2213 1659 sed
2236 1608 2477 1660 defendit

178 1706 184 1712 ·
278 1673 398 1721 Eru.
417 1673 506 1736 qui
533 1686 648 1720 mox
671 1687 785 1721 cum
810 1672 952 1722 Oud.
974 1674 1181 1722 custodit
1204 1673 1370 1723 edidit
1394 1689 1422 1723 e
1449 1676 1665 1724 Memm.
1689 1675 2058 1722 accedentibus
2076 1674 2231 1723 Vind.
2250 1680 2294 1723 1.
2317 1677 2474 1726 Fouc.

279 1737 415 1786 Dein
449 1741 548 1798 pot.
569 1751 662 1800 seq.
694 1746 960 1799 receptum
998 1737 1101 1786 fide
1132 1738 1329 1787 Medic.
1354 1740 1529 1800 trium,
1555 1740 1717 1788 Polit.
1740 1739 1960 1801 utriusq.
1987 1738 2146 1786 Vind.
2167 1741 2313 1788 Voss.
2338 1740 2475 1789 Edd.

278 1801 428 1850 Rom.
452 1802 617 1862 Vulgo
652 1817 748 1864 seq.
776 1807 974 1865 poa—2
1007 1803 1093 1852 Sic
1131 1804 1428 1852 emendavit
1463 1820 1491 1853 e
1531 1805 1638 1852 suis
1665 1803 1830 1852 Codd.
1865 1804 2117 1853 Cassanb.
2141 1810 2195 1853 et
2221 1805 2328 1864 jam
2353 1806 2475 1853 olim

279 1866 532 1914 dederant
558 1866 692 1915 Edd.
718 1867 865 1916 Rom.
893 1867 1108 1916 Mediol.
1128 1877 1183 1917 et
1208 1868 1281 1918 ita
1313 1869 1481 1916 Pulm.
1507 1870 1720 1918 Memm.
1746 1868 1940 1916 Medic.
1963 1868 2115 1916 Vind.
2138 1871 2308 1932 uterq.
2332 1870 2476 1919 Cort.

279 1931 470 1994 aliique
496 1932 660 1988 multi,
690 1932 771 1980 vel
804 1931 1052 1994 loquimur.
1120 1933 1330 1982 Habent
1352 1949 1407 1982 ac
1428 1935 1701 1997 loquendum
1736 1932 1906 1981 Periz.
1933 1932 2162 1983 Har-lem.
2190 1934 2324 1982 Edd.
2345 1935 2477 1985 Ven.

278 2003 342 2045 tr.
382 1996 547 2055 Lugd.
577 1997 725 2047 Junt.
756 1996 877 2045 Ald.
908 1998 1087 2058 Stepb.
1123 2006 1178 2046 et
1215 2000 1406 2061 plnres,
1443 1999 1600 2047 etiarn
1631 1998 1813 2048 Pitisc.
1837 2006 1890 2045 et
1915 1998 2095 2046 Burm.
2160 1999 2288 2047 Tum
2312 1999 2480 2048 existi-

277 2067 407 2110 mant
431 2060 601 2110 sauls.
627 2061 821 2110 Medic.
847 2065 891 2110 l.
918 2061 1011 2110 Ed.
1033 2063 1272 2111 Tora—3
1310 2065 1440 2113 Nam
1461 2064 1544 2126 qui
1578 2064 1735 2112 Foue.
1769 2070 1824 2110 et
1845 2060 1981 2110 infra
2005 2065 2054 2111 in
2079 2062 2196 2112 eod.
2222 2063 2353 2112 Cod.
2377 2078 2477 2112 non

268 2127 466 2190 legitur
500 2125 668 2174 ica—4
706 2127 854 2190 Conj.
889 2128 1069 2179 Burm.
1115 2127 1434 2178 omnium—5
1470 2128 1827 2178 Animadvertit
1871 2127 2023 2178 Huls.
2065 2137 2289 2192 uterque
2320 2129 2478 2179 Vind.

1269 2271 1488 2322 NOTAE

284 2370 465 2419 melius
500 2384 652 2434 quam
684 2370 797 2433 ipsa
826 2370 1108 2432 scriptione
1133 2369 1340 2419 demon-

280 2447 465 2496 strari:
504 2463 569 2497 en
610 2445 952 2511 fragmentum
994 2445 1233 2510 epistolia
1271 2445 1336 2495 ad

284 2522 484 2582 Caium,
520 2536 635 2586 quae
659 2530 805 2571 extat
838 2522 972 2585 apud
998 2521 1222 2569 Gellium
1247 2520 1337 2570 lib.

281 2611 372 2648 xv.
399 2614 446 2647 c.
470 2602 520 2647 7.
560 2605 572 2618 ·

365 2676 381 2702 ‘
406 2674 512 2724 Ave
534 2674 600 2723 mi
625 2674 733 2729 Gai,
750 2688 877 2723 meus
898 2674 1067 2721 ocellus
1086 2671 1339 2733 jucundis-

1150 2748 1341 2813 (simus,

407 2843 545 2891 quem
586 2842 765 2891 semper
807 2826 989 2875 medius
1006 2825 1163 2891 fidius
1196 2825 1319 2874 desi-

1184 2902 1342 2967 (dero,

337 2989 340 2994 ⁴
407 2981 642 3044 pra-cipue
679 2980 842 3030 diebus
885 2980 1057 3029 talibus
1095 2994 1210 3042 qua-

1154 3055 1244 3121 (lis

409 3141 480 3184 est
500 3134 783 3195 hodiernus,’
804 3136 884 3198 fise.
969 3197 970 3200 Ἴ

281 3212 343 3261 Id
385 3220 559 3261 autem
597 3210 827 3259 faciebat
872 3210 1258 3273 perspicuitatis
1290 3225 1341 3258 a-

283 3305 441 3344 more,
455 3304 519 3338 ne
532 3289 678 3353 quasi
694 3288 866 3336 avulsa
881 3303 910 3335 a
927 3302 980 3335 se
996 3287 1216 3336 invicem
1230 3300 1340 3335 ver-

282 3360 345 3415 ba
373 3366 565 3418 forent.
589 3365 723 3428 quod
761 3370 931 3413 tamen
960 3364 1163 3413 errandi
1197 3370 1340 3430 post·

283 3441 489 3491 modum
533 3456 703 3489 ansam
743 3439 966 3503 praebuit
1002 3437 1216 3498 criticis,
1255 3439 1343 3501 qui

283 3517 751 3568 circumductiones
765 3514 1017 3579 ejusmodi
1034 3514 1201 3576 quand
1210 3528 1344 3577 oque

213 3613 218 3617 ·
284 3611 380 3659 pro
421 3595 586 3645 literis
621 3607 891 3655 accepere,
926 3589 1210 3654 praesertim
1249 3604 1343 3652 pro

282 3674 441 3721 litera
466 3671 509 3719 L
541 3670 845 3733 majuscula,
880 3673 1092 3730 propter
1120 3666 1344 3730 aliquam

284 3746 675 3796 similitudinem
696 3746 757 3794 L.
820 3744 925 3793 Hic
967 3749 1138 3793 antem
1163 3750 1344 3792 notare

285 3833 364 3874 est
384 3823 579 3887 obiter,
601 3837 800 3871 versum
819 3822 971 3870 etiam
989 3820 1038 3868 in
1058 3834 1213 3883 prosa
1232 3835 1344 3869 ora-

287 3903 427 3953 tione
468 3900 571 3949 dici
608 3900 744 3948 bunc
781 3898 1058 3948 verborum
1094 3896 1347 3961 ordinem,

286 3992 438 4042 quem
465 3990 600 4024 nunc
626 3976 779 4039 vulgo
802 3974 1020 4023 dicimus
1054 3979 1069 4001 ‘
1087 3972 1315 4021 lineam!

349 4062 371 4087 ⁰
410 4052 527 4102 Nisi
569 4052 687 4101 mihi
726 4052 914 4105 mirum,
956 4049 1064 4114 aa]
1125 4050 1350 4099 Videtur

287 4130 409 4180 inde
451 4129 621 4192 colligi
677 4143 845 4192 posse,
907 4129 1040 4177 bunc
1090 4127 1346 4176 scribendi

289 4206 496 4256 modum
540 4220 639 4253 non
684 4211 788 4253 tam
832 4220 861 4252 a
910 4202 1347 4267 pronuntiatione,

292 4300 444 4350 qnam
471 4283 537 4332 ab
561 4282 924 4345 orthographia
960 4281 1200 4345 abfuisse,
1224 4281 1350 4331 Sue-

421 4366 598 4427 Delph.
633 4371 682 4414 et
709 4364 824 4414 Var.
854 4364 980 4413 Clas.

1282 4362 1474 4414 Sueten.

1422 2369 1550 2419 tonii
1593 2377 1650 2420 nt
1688 2369 1952 2419 minimum
1991 2367 2343 2431 temporibus3
2387 2365 2482 2414 du·

1422 2447 1554 2496 bitat
1575 2448 1824 2513 siquidem
1847 2448 1926 2497 lric
1948 2455 2147 2502 auctor,
2177 2452 2348 2494 utrum
2373 2441 2480 2491 Au·

1422 2531 1602 2587 gustus
1630 2521 1968 2572 offendendus
1993 2536 2155 2570 necne
2191 2519 2351 2568 fuerit
2381 2519 2479 2567 hae

1423 2599 1518 2647 viri
1539 2599 1825 2648 consularis
1850 2597 2105 2647 scribendi
2139 2596 2371 2656 ratione;
2406 2602 2481 2644 at-

1424 2689 1521 2738 que
1539 2674 1657 2722 ideo
1674 2688 1851 2723 vocem
1870 2673 2000 2735 ‘ipsi
2019 2671 2032 2692 ’
2052 2672 2248 2720 mollius
2261 2679 2314 2719 et
2336 2672 2483 2735 quasi

1422 2750 1596 2799 medio
1611 2749 1829 2814 quodam
1857 2756 1978 2797 tono
1998 2748 2132 2797 inter
2153 2748 2242 2795 issi
2263 2751 2486 2809 pronun-

1424 2827 1638 2875 tiatam:
1673 2841 1712 2874 x
1745 2826 1879 2874 enim
1902 2825 2053 2873 litera
2076 2823 2271 2885 duplex
2303 2831 2383 2871 est
2418 2827 2483 2872 ss.

1423 2904 1576 2955 Quod
1617 2910 1788 2951 antem
1829 2902 2148 2951 consularem
2190 2900 2343 2948 istum
2384 2899 2482 2947 Ca-

1420 2982 1678 3031 saubonus
1694 2980 1949 3043 increpat,
1963 2978 2098 3042 quod
2117 2978 2333 3041 Augusti
2355 2983 2485 3025 tem-

1423 3057 1634 3121 poribus
1659 3058 1895 3119 ignorata
1930 3055 2212 3104 etiamnum
2236 3063 2370 3115 erat,
2393 3060 2485 3101 aut

1425 3136 1604 3199 paucis
1644 3134 1853 3198 cognita
1883 3134 2037 3181 litera
2073 3147 2126 3188 x,
2157 3138 2215 3180 ut
2257 3137 2484 3179 testatur

1423 3211 1656 3260 Isidorus
1680 3211 1769 3258 lib.
1796 3225 1833 3260 ι.
1857 3225 1905 3259 c.
1926 3213 2007 3258 24.
2031 3213 2173 3257 certe
2198 3209 2485 3269 ignoratam

1424 3287 1680 3335 duntaxat
1703 3286 1894 3335 inferre
1918 3291 2092 3348 potest
2116 3285 2168 3332 in
2191 3283 2488 3343 scribendo,

1424 3377 1524 3411 non
1549 3362 1704 3411 etiam
1728 3362 1777 3410 in
1804 3361 2025 3409 dicendo
2042 3375 2130 3409 seu
2152 3361 2483 3423 pronuntian-

1423 3440 1511 3500 do,
1537 3445 1594 3488 ut
1617 3444 1765 3501 patet
1790 3440 1870 3487 vel
1906 3440 2018 3500 ipso
2056 3438 2302 3485 Varronis
2339 3437 2486 3485 testi-

1424 3517 1616 3577 monio,
1633 3515 1768 3578 quod
1788 3514 2027 3562 adducit:
2054 3513 2352 3562 ‘literarum
2372 3526 2486 3575 par·-

1427 3594 1521 3642 tim
1546 3600 1666 3641 sunt
1688 3599 1742 3641 et
1763 3591 2019 3650 dicuntur,
2043 3598 2100 3639 ut
2123 3589 2191 3649 A,
2208 3590 2273 3649 Β,
2299 3589 2486 3653 partim

1426 3669 1670 3738 dicuntur
1710 3675 1767 3717 et
1805 3681 1906 3716 non
1951 3674 2090 3728 sunt,
2124 3672 2182 3714 ut
2221 3665 2274 3713 H
2309 3674 2363 3713 et
2396 3662 2486 3713 X.’

1426 3750 1622 3798 Saltem
1655 3762 1778 3811 ergo
1814 3746 2078 3796 dicebatur
2115 3761 2150 3794 x
2178 3746 2352 3808 litera,
2387 3746 2486 3793 hoc

1427 3834 1529 3888 est,
1567 3824 2015 3889 pronuntiabatur,
2050 3822 2183 3887 quod
2219 3821 2404 3871 sufficit
2429 3829 2489 3871 ut

1427 3917 1491 3951 ea
1520 3902 1629 3949 sine
1665 3900 1790 3948 vitio
1830 3898 2061 3962 potuerit
2093 3898 2168 3946 uti
2206 3898 2490 3946 consularis

1428 3978 1550 4040 ille3
1572 3978 1693 4042 quin
1719 3981 1774 4025 et
1798 3975 2033 4039 Augusto
2058 3981 2266 4037 poterat
2283 3973 2380 4022 hac
2407 3989 2488 4024 ra·

1430 4055 1573 4104 tione
1598 4051 1894 4117 gratificari,
1912 4051 2065 4113 hujus
2088 4050 2382 4099 methodum
2408 4066 2490 4099 se-

1428 4136 1580 4180 cutus
1605 4130 1657 4178 in
1681 4127 1973 4190 scribendo,
1995 4127 2208 4191 perinde
2227 4142 2288 4177 ac
2311 4127 2490 4192 loque-

1430 4215 1591 4255 retur.

1496 4281 1520 4315 ‘³
1558 4282 1653 4331 Per
1675 4279 1835 4344 notas]
1890 4275 1973 4331 De
1997 4281 2073 4331 bis
2099 4281 2149 4330 in
2174 4280 2207 4333 J
2214 4278 2314 4329 ulio
2339 4295 2384 4327 c.
2408 4282 2488 4327 56.

2246 4359 2360 4409 2A
