3019 4922
2410 408 2540 475 115

358 562 504 648 [52]
549 560 973 626 Dilexitet⁵
1029 562 1312 645 reginas,
1376 564 1548 630 inter
1593 583 1766 650 quas
1823 563 2142 633 Eunoen⁶
2203 557 2538 650 Mauram,

359 661 700 750 Bogudish
758 684 1085 731 uxorem:
1147 669 1256 732 cui
1315 668 1683 753 maritoque
1740 669 1886 755 ejus
1946 671 2235 756 plurima
2291 680 2356 739 et
2413 673 2540 739 imss

355 788 581 834 mensa
626 770 885 848 tribuit,
928 777 1003 835 ut
1047 767 1330 835 Naso⁷i
1378 771 1692 855 scripsit:
1747 772 1863 837 sed
1907 775 2204 840 maxime
2250 774 2540 862 Cleopa·-

350 876 531 954 tram',
566 893 724 939 cum
767 894 904 958 qua
945 880 1015 939 ‘et
1057 874 1370 939 convivia
1411 874 1482 939 in
1526 874 1803 958 primam
1852 878 2112 943 lucem⁸
2153 887 2345 965 saepe
2385 901 2540 965 pro-

355 980 570 1051 traxit,
617 986 690 1042 et
731 977 963 1043 eadem
1005 997 1176 1042 nave
1222 969 1689 1062 thalamego9¹¹
1742 989 1934 1063 paene
1967 981 2325 1066 AEthiopia
2354 991 2540 1050 tenus

356 1081 719 1166 AEgyptum
751 1078 1177 1166 penetravit)
1235 1082 1366 1147 nisi
1416 1083 1754 1148 exercitus
1799 1086 1988 1169 sequi
2038 1091 2456 1153 recusasset:
2485 1073 2539 1128 ¹⁶

356 1204 547 1268 quam
584 1184 872 1269 denique
902 1186 1186 1255 accitam
1212 1194 1232 1223 ¹
1279 1187 1350 1250 in
1385 1184 1659 1264 Urbem,
1688 1197 1816 1252 non
1847 1190 1974 1253 nisi
2000 1189 2312 1254 'maximis
2339 1189 2544 1255 hono-

353 1288 525 1353 ribus
561 1290 995 1373 praemiisque
1025 1295 1299 1355 auctam
1332 1290 1611 1367 remisit,
1656 1290 1999 1375 filiumque
2044 1299 2277 1356 natum
2309 1293 2544 1376 appel-‘-

353 1389 478 1457 lare
509 1394 775 1457 nomine
805 1412 929 1457 suo
948 1400 972 1428 ²
1005 1413 1250 1479 passus
1279 1398 1397 1458 esta
1469 1392 1690 1473 'Quem
1722 1394 1989 1479 quidem
2023 1396 2324 1460 nonnulli
2346 1395 2543 1462 Grae-'-

1292 400 1586 471 summ.

1260 1592 1624 1615 OOOMONOOO

356 1734 522 1778 tamen
581 1729 892 1792 postulante,
945 1744 1011 1788 ex
1062 1730 1207 1781 Med.
1244 1735 1293 1782 3.
1336 1736 1390 1780 at
1426 1736 1546 1780 ante
1583 1731 1680 1793 hic,
1735 1729 1870 1795 quod
1926 1729 2065 1780 Oud.
2110 1737 2363 1795 suaserat,
2411 1733 2547 1798 inse-5

354 1795 451 1845 ruit
471 1792 636 1844 Wolf.
672 1810 734 1845 ac
770 1800 949 1859 postea
983 1797 1205 1861 Baumg.
1274 1795 1480 1847 Omisso
1514 1797 1669 1846 etiam
1707 1802 1780 1858 ut,
1815 1796 1952 1859 conj.
1987 1796 2126 1847 Oud.
2163 1797 2369 1854 Gallias,
2406 1807 2463 1849 ut
2491 1800 2543 1847 in

353 1868 528 1921 quarto
572 1860 707 1920 pede
744 1867 883 1910 esset
921 1870 1233 1925 anapaestus.
1262 1861 1458 1925 sumpsit·
1491 1860 1680 1911 deinde
1719 1861 1968 1910 exhibent
2009 1860 2128 1911 Ald.
2159 1862 2438 1925 steph-5
2480 1865 2548 1912 Et

353 1924 529 1975 deerat
555 1926 715 1975 Fouc.
741 1926 1069 1977 Harlem.—6
1099 1926 1334 1977 Malebat
1362 1928 1481 1976 Ern.
1517 1933 1574 1977 ut
1597 1927 1904 1991 elegantius,
1928 1928 2139 1990 interque
2159 1942 2254 1978 eas.
2298 1927 2427 1978 Mox
2452 1943 2548 1992 pro

353 1991 545 2040 Eunoen
583 1992 813 2055 reposuit
834 1992 1061 2043 Turneb.
1085 1991 1221 2042 Adv.
1243 1992 1333 2043 lib.
1353 2006 1439 2043 111.
1460 1996 1544 2043 22.
1581 1993 1769 2051 Euuen,
1792 1992 1930 2057 quod
1956 1992 2107 2042 habet
2146 1992 2290 2043 Med.
2310 1997 2356 2042 1.
2394 2008 2424 2042 a
2463 2008 2545 2057 pr.

351 2068 415 2103 m.
453 2056 657 2106 Eunoen
678 2058 823 2108 Junt.
848 2057 1015 2122 Lugd.
1086 2059 1328 2107 Eunouem
1365 2058 1538 2108 Periz.
1592 2058 1789 2106 Eut-iem
1830 2056 2061 2107 Harlem.
2087 2058 2223 2107 Ven.
2265 2066 2390 2120 tres,
2414 2059 2547 2107 Bon.

350 2120 567 2171 Mediol.
605 2123 754 2183 cujus
786 2138 949 2187 marg.
975 2123 1135 2174 Polit.
1174 2122 1368 2172 Eunoen
1396 2123 1590 2173 allevit.
1642 2123 1826 2172 Einoe'n
1847 2122 1982 2172 liber
2002 2124 2149 2173 Torr.
2204 2124 2394 2173 Cimolia
2431 2124 2549 2175 cod.

353 2185 519 2237 Pulm.
556 2194 614 2235 et
651 2187 779 2237 alius
817 2189 1155 2240 Bariana—7
1196 2190 1263 2238 Ut
1294 2181 1439 2238 νει-εἷα
1478 2189 1690 2238 Memm.
1723 2188 1868 2238 Vasto
1906 2187 2046 2238 Pith.
2079 2189 2260 2238 Barth.
2297 2189 2434 2241 Nasu
2455 2189 2551 2237 Vi-

354 2251 483 2301 terb.
507 2252 629 2301 etin
652 2268 744 2302 ora
765 2252 906 2304 Vasa.
948 2254 1108 2304 Fouc.
1133 2254 1280 2304 Rasa.
1304 2253 1490 2303 Heius.
1514 2254 1665 2303 Vassa
1689 2254 1770 2302 vel
1801 2253 1944 2303 Vatia
1967 2253 2192 2303 volebat.
2245 2254 2413 2302 Nansa
2435 2254 2552 2303 Pal.

352 2317 399 2366 3.
432 2321 486 2367 ut
519 2332 633 2366 vasa
659 2319 779 2368 Lisl.
817 2320 937 2369 Pin.
959 2321 1111 2369 Voss.
1138 2319 1319 2382 Cujae.
1349 2319 1475 2369 Bas.
1513 2319 1713 2382 Grypb.
1738 2327 1792 2367 et
1816 2334 1977 2381 marg.
2000 2318 2178 2381 steph.
2213 2324 2262 2367 et
2297 2334 2410 2367 vasa
2433 2318 2551 2369 Pau

350 2386 396 2429 2.
417 2383 592 2432 Periz.
618 2383 766 2432 Huls.
792 2384 929 2433 Edd.
950 2385 1083 2434 Ven.
1112 2388 1156 2433 1.
1181 2384 1328 2433 Rom.
1398 2385 1584 2434 Utrum
1626 2397 1690 2432 ue
1722 2382 1920 2433 habent
1942 2383 2192 2444 Medicei,
2213 2383 2368 2444 Vind.
2403 2384 2549 2432 Cort.

351 2447 479 2498 Vide
503 2449 647 2499 Diss.
681 2449 936 2501 Bernecc.
1011 2450 1144 2498 Naso
1181 2449 1372 2513 legitur
1408 2449 1459 2499 in
1503 2399 1634 2500 Edg.
1659 2448 1791 2511 aliis,
1831 2456 1886 2498 et
1921 2447 2063 2499 Oud.
2098 2464 2164 2498 ex
2207 2448 2550 2511 praecedenti-

355 2512 444 2562 bus
467 2515 688 2578 corrigit
709 2520 766 2563 ut
786 2521 832 2564 et
857 2516 1021 2565 Ν.-8
1056 2516 1113 2564 ln
1142 2516 1298 2579 primu
1319 2518 1418 2566 luce
1442 2516 1630 2578 Copes.
1652 2529 1774 2577 soepe
1795 2516 1888 2563 luc.
1916 2514 2061 2563 Med.
2087 2518 2134 2562 1.
2164 2529 2288 2577 soepe
2309 2514 2553 2563 contraxit

354 2578 613 2630 Eoum—9
648 2581 752 2629 Pro
775 2582 1058 2644 thalamego,
1079 2594 1195 2644 quae
1233 2582 1391 2645 Bapt.
1410 2582 1494 2630 Pii
1532 2588 1587 2629 et
1622 2580 1782 2628 Polit.
1805 2587 1884 2628 est
1919 2577 2234 2634 emendatio,
2259 2578 2554 2627 accedenti-

357 2642 447 2693 bus
474 2645 662 2709 Egnat.
695 2647 841 2694 Torr.
864 2655 1108 2695 exaratur
1131 2645 1421 2709 thalamoque
1442 2646 1494 2694 in
1527 2645 1671 2694 Med.
1693 2649 1740 2694 2.
1762 2644 1914 2693 Viud.
1940 2651 2175 2707 utroque,
2198 2644 2344 2692 Cort.
2383 2643 2555 2697 Pei-iz.

353 2707 470 2758 Pal.
502 2716 550 2760 1.
575 2714 624 2760 3.
648 2710 835 2774 Copes.
859 2711 1090 2761 Harlem.
1115 2711 1265 2760 Voss.
1287 2710 1468 2774 Cujae.
1495 2708 1633 2760 Edd.
1658 2710 1840 2771 Camp.
1864 2709 1996 2758 Veu.
2023 2714 2067 2758 1.
2091 2707 2232 2772 (quae
2257 2715 2313 2756 et
2335 2707 2553 2770 eandem)

354 2783 406 2822 et
428 2774 548 2825 duae
574 2776 708 2836 aliae,
730 2776 863 2826 Bon.
890 2776 1055 2840 Lugd.
1077 2775 1347 2837 thalamego
1367 2775 1544 2838 Stepli.
1568 2772 1692 2823 Ald.
1726 2774 2051 2835 thalamegone
2073 2772 2210 2821 AEcla.
2231 2772 2343 2821 Pal.
2364 2776 2413 2820 2.
2447 2772 2556 2821 tha-

353 2839 622 2903 lamegoque
646 2842 933 2901 Foue.—10
969 2842 1277 2891 Recurrasset
1295 2840 1455 2890 vind.
1479 2844 1528 2888 1.
1550 2853 1642 2888 rec·
1676 2839 1908 2888 dominam
1929 2836 2127 2899 denique
2158 2837 2322 2886 Rhed.
2347 2840 2396 2886 2.
2458 2836 2555 2886 Su-

355 2919 449 2966 pra
493 2906 793 2968 AEthiopiam
816 2906 1095 2957 'Periz.——l
1131 2906 1349 2957 Asellum
1397 2906 1583 2969 Copes.
1622 2902 1874 2957 Huls.—2
1914 2902 2081 2952 Rlied.
2124 2906 2171 2951 l.
2210 2900 2439 2966 appellari
2468 2915 2556 2950 suo

354 2979 560 3022 nannet
581 2971 635 3021 iu
655 2971 814 3021 Vind.
840 2977 887 3024 l.
908 2971 1091 3024 nomine
1113 2987 1160 3037 q.
1182 2986 1284 3031 suo,
1307 2971 1446 3022 unde
1470 2969 1610 3021 Oud.
1640 2969 1918 3034 legendum
1950 2968 2245 3034 suspicatur
2277 2982 2397 3017 nom.
2421 2966 2558 3030 quasi

1348 3136 1564 3188 NOTAE

1508 3264 1652 3315 Vasa.

353 3278 454 3314 mae
478 3264 587 3314 sine
610 3265 780 3330 pretio
794 3271 1027 3331 stuprum
1045 3263 1342 3322 exercuisti,
1358 3270 1420 3316 ut

357 3340 568 3405 'quidam
612 3343 926 3407 intelligunt.
989 3342 1094 3403 Sed
1135 3342 1307 3407 potins
1345 3341 1420 3392 ita

355 3416 741 3481 interpretare:
777 3433 962 3483 nempe
986 3435 1082 3484 par
1105 3420 1216 3485 pari
1239 3433 1420 3484 repen·

358 3506 473 3540 sum
492 3491 667 3543 fuisse.
715 3495 845 3544 Cum
869 3495 1005 3545 enim
1027 3497 1203 3547 Caesar
1225 3495 1419 3545 alienas

270 3610 274 3615 .
357 3582 549 3619 uxores
594 3570 934 3631 adulteraret,
966 3586 1107 3622 suam
1146 3585 1349 3637 quoque
1388 3586 1421 3620 a

360 3646 547 3697 Clodio
569 3647 914 3699 adulteratam
938 3664 1039 3699 non
1057 3650 1322 3714 patienter
1343 3655 1422 3698 tu·

356 3723 441 3773 lit.

424 3797 452 3831 ¹²
488 3798 730 3864 Bogudis]
762 3801 949 3865 Bogud
972 3799 1302 3851 Mauritani'ae
1326 3813 1419 3849 rex

360 3880 505 3935 erat,
540 3891 570 3925 a
608 3891 709 3940 quo
746 3877 1021 3941 plurimum
1065 3877 1243 3928 auxilii
1285 3876 1423 3927 bello

361 3949 553 4002 Africo
577 3952 753 4002 Caesar
775 3954 1003 4017 accepit.

427 4029 444 4062 ¹
485 4029 639 4094 Naso]
674 4030 757 4081 An
780 4031 914 4081 idem
940 4032 1027 4081 ille
1052 4031 1118 4082 de
1141 4047 1243 4099 quo
1269 4046 1427 4097 supra

365 4110 483 4157 e.9.
506 4106 856 4158 Probabillter
871 4108 1077 4173 quidem
1096 4108 1427 4174 suspicantur

362 4183 704 4246 interpretes,
724 4184 813 4248 qui
842 4191 1016 4235 tamen
1049 4199 1117 4234 ne
1150 4183 1425 4242 affirment,

365 4259 554 4325 obstat
582 4260 813 4310 codicum
837 4261 965 4310 Mss.
988 4260 1281 4322 diversitas,
1303 4275 1428 4327 quo-

365 4347 494 4385 rum
524 4335 606 4385 alii
632 4337 787 4402 Naso,
821 4337 908 4388 alii
939 4336 1091 4389 Vana
1122 4337 1332 4400 babent,
1370 4347 1427 4390 et

1561 3340 1588 3374 ¹²
1625 3339 1932 3402 Thalamego]
1967 3337 2031 3388 In
2069 3335 2234 3388 tribus
2272 3336 2402 3386 Mss.
2435 3333 2564 3398 legit

1496 3417 1794 3466 Torrentius
1819 3417 2129 3479 thalamoque,
2151 3421 2334 3477 aperto
2356 3426 2561 3478 quoque

1499 3505 1678 3553 sensu3
1705 3490 1928 3554 priorem
1951 3496 2124 3538 tamen
2146 3487 2361 3552 praefert
2384 3485 2564 3535 lectio·

1499 3582 1638 3618 nem.
1677 3568 1807 3615 Erat
1821 3570 1992 3614 autem
2015 3566 2031 3594 ‘
2049 3560 2394 3627 thalamegus'
2417 3561 2564 3610 navis

1499 3643 1738 3709 quaedam
1797 3638 1998 3705 ingens,
2057 3641 2258 3704 qualem
2307 3638 2564 3688 Atlienaeo

1501 3727 1639 3772 teste
1684 3719 1998 3770 Ptolemaeus
2044 3717 2354 3780 Philopator
2409 3713 2566 3765 aedifi·

1502 3792 1717 3849 cand'am
1731 3797 1916 3862 jussit,
1937 3801 1996 3845 ut
2028 3809 2092 3844 ea
2116 3794 2255 3842 intra
2287 3791 2564 3842 thalamum

1503 3876 1719 3940 ipsaque
1742 3872 1797 3925 in‘
1820 3873 1964 3937 regia
1986 3886 2102 3922 esse
2134 3869 2233 3920 sibi
2268 3869 2564 3919 videretur:

1503 3950 1858 4016 magnitudine
1893 3954 2009 3998 erat
2042 3946 2346 4008 semistadii,
2386 3946 2566 3996 latitu-

1506 4029 1628 4078 dine
1659 4031 1740 4078 80.
1777 4026 2084 4089 cubitorum,
2108 4023 2384 4075 altitudine
2415 4023 2565 4087 paulo

1505 4106 1672 4155 minus
1691 4107 1774 4155 40.
1806 4105 1888 4154 De
1911 4103 2065 4153 simili
2088 4115 2221 4152 nave
2246 4099 2450 4150 Plinius
2474 4098 2566 4148 lib.

1508 4194 1614 4230 vn.
1638 4195 1756 4245 cap.
1779 4184 1862 4230 30.
2089 4235 2094 4240 ,

1569 4255 1584 4290 ¹
1603 4255 2052 4320 PenetraoitJPro
2076 4258 2422 4320 penetrasset,
2440 4264 2565 4316 quo-

1491 4335 1660 4388 *modo
1678 4336 1843 4388 adhue
1866 4335 2096 4401 loquitur
2113 4333 2268 4386 Galb.
2289 4346 2403 4396 cap.
2424 4332 2501 4378 lo.
