3019 4922
511 410 639 475 170
1368 423 1429 469 ο.
1477 417 1828 468 suu'roun

509 571 654 649 filii,
686 571 745 634 si
777 568 965 653 quis⁷
999 567 1123 631 sibi
1157 564 1980 646 nasceretur,nominavit;
2033 565 2382 631 Dec-imum
2415 566 2698 631 Brutum

508 675 709 738 etiam
755 673 821 735 in
853 670 1161 736 secundis
1207 668 1641 737 haeredibus.¹¹
1729 667 1995 752 Populo
2043 668 2275 732 hortos
2298 677 2325 702 V
2370 670 2551 733 circa
2580 669 2697 733 Ti.

508 776 715 840 berim
776 773 1063 858 publice,
1126 779 1201 837 >et
1258 771 1501 837 viritim
1573 779 1881 837 trecenos
1954 772 2299 836 sestertios
2328 780 2363 807 '⁵'
2427 769 2696 853 legavit.

509 876 669 957 [84]
716 877 969 941 Funere
1010 875 1313 951 indicto,'‘
1356 893 1556 956 rogus
1587 879 1969 937 exstructus
2000 880 2100 938 est
2128 874 2194 936 in
2226 873 2479 937 Martio
2512 892 2694 936 cam-

508 999 601 1062 po
622 981 826 1064 juxta
856 977 899 1040 J
907 979 1062 1042 uliae
1085 975 1435 1041 tumulum:
1463 984 1491 1021 5
1536 980 1602 1040 et
1630 996 1756 1059 pro
1777 974 2040 1039 Rostris
2071 982 2303 1038 aurata
2327 974 2543 1038 aedes²
2566 973 2690 1037 ad⁸

1428 1192 1771 1212 OONWN‘

509 1324 672 1402 Rhesi.
699 1329 839 1374 1.-7
863 1321 920 1373 Si
940 1325 1021 1388 qui
1044 1325 1255 1382 Memm.
1279 1332 1333 1402 et
1355 1324 1426 1374 ita
1452 1324 1747 1401 saepe.filiis
1760 1323 1804 1373 si
1824 1324 1902 1400 qiu·
1925 1320 2226 1435 Hulsffilius
2245 1318 2341 1369 Ed.
2368 1317 2513 1394 Cald.
2553 1316 2689 1365 Item

503 1406 593 1438 sec.
618 1405 668 1438 tn
689 1391 786 1440 her.
806 1389 965 1439 vind.
989 1394 1034 1438 1.
1060 1398 1115 1438 et
1136 1395 1265 1439 ortos
1285 1389 1422 1439 idem
1452 1404 1567 1439 cum
1596 1392 1710 1439 alus
1742 1390 2031 1439 multum—8
2111 1388 2142 1435 d
2168 1386 2349 1434 abesse
2376 1385 2519 1432 iinalit
2541 1382 2688 1431 Torr.

503 1469 560 1504 ac
583 1456 812 1505 Harlem.
836 1455 1003 1504 Periz.
1022 1454 1156 1505 Edd.
1181 1451 1350 1519 Lugd.
1374 1455 1521 1506 Cald.
1547 1455 1762 1506 Mediol.
1784 1453 1876 1504 sed
1901 1459 2187 1503 correctum
2213 1451 2264 1501 in
2291 1464 2455 1513 marg.
2525 1447 2688 1497 Paulo

1487 1587 1697 1668 No'rAE

503 1730 605 1793 nio,
637 1744 701 1778 ne
724 1729 923 1787 scilicet
945 1731 1031 1780 ille
1066 1746 1158 1794 pro
1189 1731 1414 1794 legitimo
1445 1730 1554 1781 filio

504 1806 728 1857 Caesaris
771 1808 1070 1870 haberetur,
1098 1807 1267 1858 Dione
1304 1808 1394 1857 lib.
1421 1821 1552 1858 xm.

502 1889 557 1933 et
603 1882 844 1946 Appiano
865 1899 951 1934 111.
995 1886 1062 1934 de
1100 1886 1258 1934 Bellis
1304 1885 1554 1935 Civilibus

503 1960 822 2011 auctoribus..
891 1962 1019 2012 Quae
1057 1969 1228 2012 tamen
1266 1977 1437 2012 omnes
1457 1962 1552 2014 Ju-

501 2036 571 2085 ris
610 2037 944 2086 solennitates
977 2037 1344 2101 impedimento
1379 2054 1477 2088 non
1503 2055 1551 2087 e·

504 2118 636 2173 rant,
661 2114 928 2176 quominus
970 2114 1244 2165 Historicis
1267 2123 1322 2166 et
1357 2117 1549 2168 Orato-

502 2188 640 2238 ribus
679 2189 751 2237 illi
777 2190 1070 2240 dicerentur
1107 2200 1421 2242 testamento
1457 2193 1547 2241 ad-

499 2264 684 2328 optati.
751 2266 866 2317 Quo
889 2281 1042 2316 sensu
1079 2268 1361 2330 adoptandi
1387 2269 1546 2319 verbo

499 2355 647 2389 usum
690 2339 772 2390 hic
820 2349 968 2405 patet
1010 2344 1323 2394 Suetonium.
1395 2346 1545 2394 *Talis

498 2414 788 2480 adoptionis
812 2420 1104 2483 exemplum
1131 2434 1230 2469 non
1260 2420 1394 2471 male
1413 2421 1549 2473 forte

495 2491 761 2556 subjicias,
783 2508 850 2542 ex
887 2496 920 2544 1.
961 2493 1099 2545 facta
1135 2509 1296 2546 Lx111.
1329 2499 1460 2562 ξω.
1494 2497 1552 2548 ff.

497 2567 560 2615 ad
607 2568 691 2618 Sc.
734 2570 958 2620 Trebell.
1044 2573 1177 2622 Vide
1230 2574 1266 2623 1.
1316 2573 1548 2640 Adoptio

496 2656 659 2694 xvm.
693 2642 748 2696 ff.
786 2647 851 2696 de
875 2647 1277 2712 Adoptionibus,
1308 2659 1362 2702 et
1395 2653 1546 2717 Cuja-

496 2720 630 2767 cium
655 2720 747 2770 lib.
766 2721 990 2774 Observ.
1016 2739 1118 2774 vn.
1144 2740 1190 2775 c.
1208 2729 1257 2776 7.

560 2801 581 2826 ¹¹
617 2795 675 2845 In
696 2800 912 2848 secundis
939 2800 1224 2868 haeredibus]
1259 2802 1546 2855 Intestatos

491 2872 621 2920 mori
644 2873 783 2922 cives
819 2874 1096 2941 Romanos,
1123 2892 1217 2927 nec
1251 2880 1349 2929 sibi
1383 2881 1546 2931 haere·

495 2947 587 2997 des
610 2957 804 3014 extare,
825 2951 1214 3014 ignominiosum
1236 2956 1542 3007 videbatur:

492 3032 807 3087 quapropter
844 3027 1014 3089 plures
1056 3029 1245 3090 gradus
1280 3029 1542 3081 haeredum

416 3118 425 3134 κ
494 3101 898 3163 constituebant,
916 3103 1151 3153 nimirum
1176 3115 1233 3154 ut
1257 3106 1543 3160 deficienti-

495 3175 608 3236 bus,
643 3178 727 3236 qui
758 3179 921 3240 primo
946 3180 1107 3242 gradu
1143 3182 1377 3249 instituti
1402 3185 1543 3236 dice·

492 3254 700 3315 bantur,
742 3266 1052 3306 vocarentur
1095 3256 1401 3323 substituti3
1456 3263 1545 3328 qui

491 3331 720 3380 secundo
756 3333 916 3395 gradu
966 3342 1138 3398 erant,
1179 3337 1446 3397 nominati,
1491 3348 1545 3391 et

491 3405 567 3454 sic
601 3406 868 3471 deinceps.
953 3409 1084 3459 Vide
1125 3410 1331 3462 titulum
1377 3412 1433 3463 ff.
1477 3414 1544 3465 de

491 3483 690 3547 vulgari
752 3493 806 3533 et
863 3485 1103 3550 pupillari
1160 3489 1546 3542 substitutione.

491 3561 659 3611 Notat
682 3561 948 3626 Appianus
981 3563 1048 3613 de
1088 3567 1155 3615 D.
1195 3566 1359 3617 Bruto
1392 3569 1546 3620 mise-

490 3638 704 3688 randum
745 3641 1032 3703 praesertim
1074 3638 1124 3690 id
1152 3644 1342 3707 populo
1381 3645 1544 3694 visum

490 3728 622 3764 esse.

551 3794 574 3818 v
609 3790 816 3856 Hortos]
855 3790 1052 3843 Quibus
1079 3792 1290 3855 publice
1326 3796 1542 3858 populus

488 3874 756 3915 uteretur:
816 3868 1061 3917 meminit·
1092 3868 1276 3919 Horat.
1314 3871 1424 3921 Sat.
1463 3886 1543 3922 rx.

486 3947 500 3971 ‘
519 3945 680 3992 Trans
701 3944 926 3993 Tiberim
946 3944 1098 4008 longe
1132 3947 1289 3996 cubat
1309 3940 1352 3997 is
1378 3962 1539 4012 prope

488 4019 707 4068 Caesaris
735 4018 964 4068 Hortos.'
1026 4021 1096 4070 Et
1129 4023 1314 4072 Cicero
1355 4023 1419 4072 ad
1445 4024 1539 4073 At-

489 4095 578 4144 tic.
598 4093 689 4142 lib.
715 4107 777 4141 ιι.
800 4095 970 4157 Epist.
993 4100 1040 4146 6.

550 4178 580 4201 ⁸·
621 4170 848 4219 Trecenos
868 4172 1133 4236 sestertios]
1178 4158 1296 4223 Hoc
1334 4183 1413 4225 est
1437 4178 1538 4226 sin·

490 4249 618 4310 gulis
657 4261 687 4295 e
725 4247 875 4311 plebe
897 4246 1043 4296 dedit
1070 4253 1149 4297 13.
1181 4251 1213 4298 Ι.
1232 4254 1280 4299 2.
1304 4266 1344 4299 s.
1413 4253 1537 4302 Plu-

489 4323 694 4374 tarchus
735 4323 809 4372 ait
849 4326 934 4373 ⁷5.
979 4323 1260 4390 drachmas,
1298 4329 1432 4393 quod
1468 4347 1538 4380 ω·

1629 1732 1833 1798 qualem
1851 1731 2107 1780 drachmae
2130 1742 2189 1778 ac
2216 1726 2414 1776 denarii
2439 1725 2683 1786 valorem,

1631 1815 1687 1857 et
1718 1814 1936 1873 quatuor
1972 1805 2025 1854 in
2062 1810 2279 1867 utroque
2310 1800 2594 1864 sestertios,
2629 1809 2686 1849 ut

1630 1898 1787 1947 supra
1823 1898 1887 1931 ex
1912 1880 2111 1930 Budaeo
2151 1878 2412 1943 posuimus
2446 1892 2494 1926 c.
2516 1880 2566 1925 4.
2607 1874 2684 1934 fue

1628 1961 1750 2021 isse,
1764 1957 2031 2008 manifeste
2046 1955 2328 2007 confirmat.

1693 2044 1719 2068 ¹
1752 2036 1937 2085 Funere
1959 2033 2159 2097 indicto]
2194 2032 2313 2081 Non
2346 2028 2569 2080 omnium
2605 2030 2683 2079 in·

1630 2110 1825 2160 dictive
1876 2108 2021 2159 fuere
2075 2103 2276 2169 funera,
2332 2106 2423 2156 sed
2482 2107 2681 2155 nonnisi

1629 2201 1842 2251 quorum
1882 2194 1972 2236 aut
2000 2200 2125 2249 opes
2166 2185 2420 2247 ingentes,
2455 2188 2543 2231 aut
2572 2182 2680 2231 exi·

1628 2264 1791 2313 miain
1813 2263 2001 2327 Remp.
2015 2262 2221 2310 merita:
2240 2259 2479 2325 (aliorum
2499 2257 2682 2307 funera

1627 2341 1807 2390 dixere
1825 2340 2002 2401 tacita,
2027 2338 2248 2403 plebeia,
2262 2336 2528 2398 tralatitia,
2544 2329 2682 2400 quod

1629 2419 1737 2469 siue
1779 2415 1930 2474 ludis,
1975 2416 2179 2480 aliaque
2216 2428 2402 2479 pompa
2437 2409 2681 2477 tierentz)

1629 2495 1728 2544 illis
1752 2509 1851 2545 non
1876 2493 1979 2542 ludi
2001 2493 2171 2554 modo,
2190 2493 2279 2541 sed
2301 2499 2355 2541 et
2374 2491 2684 2552 desultores,

1628 2571 1829 2634 aliaque
1860 2569 1911 2618 id
1946 2584 2106 2635 genus
2135 2569 2462 2632 amplissima.
2526 2567 2678 2617 Unde

1629 2655 1750 2696 nata
1774 2645 1976 2695 videtur
1999 2645 2234 2710 quaedatn
2262 2645 2509 2693 nobilium
2534 2642 2680 2692 fune·

1630 2705 1737 2772 rum
1773 2721 2083 2782 differentia,
2119 2736 2294 2770 eorum
2318 2721 2534 2779 scilicet,
2561 2733 2677 2784 quae

1627 2799 1932 2848 dicebantur
1974 2797 2345 2861 simpludiaria,
2380 2798 2525 2861 quasi
2560 2796 2681 2845 sini·

1627 2878 1698 2941 pli
1743 2877 1978 2938 ludiaria,
2035 2877 2132 2924 hoc
2175 2883 2277 2936 est,
2321 2882 2376 2924 ut
2422 2875 2678 2940 Josephus

1624 2958 1858 3022 Scaliger
1890 2957 2119 3021 explicat
2141 2952 2301 3007 lib.'1.
2332 2956 2526 3007 Auson.
2558 2960 2680 3008 lect.

1624 3048 1739 3097 cap.
1757 3032 2031 3099 28.quibus
2054 3033 2223 3097 simpli
2244 3033 2388 3090 ludii,
2406 3035 2677 3084 saltatores

1624 3125 1828 3174 nempe,
1862 3125 1961 3159 non
1986 3111 2141 3161 etiam
2164 3109 2473 3172 desultores,
2494 3114 2593 3160 ὅτε.
2625 3116 2679 3158 et

1623 3187 1873 3237 indictiva
1896 3187 2123 3251 proprie,
2142 3185 2327 3251 quibus
2351 3186 2523 3235 omnia
2539 3199 2677 3248 mag·

1625 3277 1705 3312 ua.
2077 3299 2085 3305 .

1687 3348 1710 3382 ἵ
1740 3339 1892 3389 Juliae
1915 3339 2164 3404 tumulum]
2200 3338 2368 3405 Supra
2386 3352 2505 3401 cap.
2530 3341 2612 3386 26.

1688 3425 1708 3450 2
1742 3418 1844 3465 Pro
1885 3417 2077 3466 Rostris
2119 3421 2289 3466 aurata
2331 3414 2480 3477 aedes]
2535 3413 2674 3467 Quid

1629 3494 1815 3544 Rostra
1840 3508 1887 3542 c.
1904 3498 1952 3543 6.
2021 3493 2364 3542 Bononiensis
2401 3491 2567 3541 editio
2609 3493 2676 3540 le-

1627 3570 1783 3634 gebat
1804 3571 1971 3617 sedes.-
2003 3583 2179 3616 verum
2220 3572 2512 3631 repugnant
2548 3567 2675 3617 Mss.

1625 3646 1754 3695 Haec
1778 3654 1947 3694 autem
1971 3642 2069 3692 fuit
2094 3645 2281 3706 imago,
2305 3652 2380 3703 et,
2405 3649 2463 3691 ut
2486 3643 2582 3706 ait,
2612 3643 2675 3692 si-

1624 3722 1904 3769 mulacrum
1944 3719 2068 3768 aedis
2102 3719 2255 3778 illius,
2280 3719 2344 3767 de
2373 3733 2475 3782 qua
2516 3733 2674 3782 supra

1621 3813 1737 3861 cap.
1760 3802 1840 3848 61.
1874 3804 1927 3846 et
1959 3801 2040 3846 78.
2104 3796 2253 3849 Quod
2295 3806 2348 3845 et
2381 3797 2674 3847 addendum

1624 3875 1824 3925 videtur
1865 3874 1929 3922 ad
1956 3888 2037 3936 ea,
2060 3887 2173 3939 quae
2202 3873 2299 3936 ipsi
2323 3888 2479 3936 supra
2502 3875 2674 3922 huma-

1622 3967 1738 4000 num
1779 3948 2036 4013 fastigium
2069 3950 2281 3999 decreta
2315 3957 2453 4005 sunt,
2488 3952 2675 4000 ceteris

1622 4027 1776 4088 enim,
1801 4026 1888 4090 qui
1916 4041 2009 4089 pro
2033 4026 2238 4075 Rostris
2260 4026 2361 4079 buc
2382 4041 2545 4091 usque
2568 4027 2672 4076 lau-

1621 4105 1726 4153 dati
1765 4104 1993 4163 fuerant,
2033 4104 2231 4152 nonnisi
2278 4104 2440 4152 lectus
2479 4106 2671 4168 positus

1620 4190 1715 4231 est.
1800 4181 1873 4229 At
1911 4181 2135 4230 inductis
2176 4181 2464 4244 principum
2493 4195 2670 4230 conse-

1618 4255 1950 4317 crationibus,
2004 4254 2297 4321 frequentia
2343 4255 2668 4319 postmodum

1618 4333 1728 4383 liaec
1751 4330 1911 4381 fuere.
