3019 4922
473 397 562 461 54

476 555 600 622 tali
631 552 1161 620 consternatione
1203 552 1489 619 referre?
1536 562 1658 619 aut
1697 562 1970 619 censere
2014 550 2275 637 aliquid
2298 551 2324 590 ⁸
2368 553 2675 631 auderet,

477 657 705 742 qualia
734 657 947 723 multa
989 675 1176 741 saepe
1218 656 1290 722 in
1331 657 1700 723 levioribus
1743 658 1959 723 turbis
1980 664 2011 707 ⁹
2052 656 2316 722 decreta
2351 664 2562 734 erant,
2606 657 2675 720 iu

473 781 623 827 eam
669 758 895 844 coegit
944 760 1505 844 desperationem,
1551 768 1647 840 ut,
1695 760 1920 845 quoad
1969 763 2316 843 potestate
2342 766 2396 796 ¹0
2439 760 2675 824 abiret,

475 864 677 928 domo
728 862 1002 928 abditus
1044 862 1215 928 nihil
1256 862 1439 929 aliud
1484 882 1691 947 quam
1734 881 1858 947 per
1893 862 2118 928 edicta
2153 863 2629 928 obnuntiaret*
2650 868 2677 908 ‘¹

475 960 671 1031 Unus
701 985 792 1032 ex
820 986 904 1033 eo
934 974 1233 1051 tempore
1266 966 1492 1032 omnia
1517 967 1588 1031 in
1630 965 2033 1051 Republica,
2064 973 2167 1032 et¹
2215 967 2302 1030 ad
2334 965 2676 1031 arbitrium

462 1069 1007 1135 ÷administravit=
1050 1075 1127 1134 ut
1172 1070 1467 1136 nonnulli
1514 1071 1963 1148 urbanorum:
2006 1088 2163 1137 cum
2191 1069 2355 1152 quid
2403 1087 2525 1153 per
2562 1066 2676 1152 jo·

464 1191 630 1238 cum
649 1179 674 1209 ⁸
695 1180 717 1209 ⁸
762 1173 1059 1239 testandi
1102 1175 1318 1258 gratia
1360 1175 1723 1258 signarent,
1751 1193 1887 1239 non
1932 1172 2251 1239 ‘Caesare
2280 1178 2349 1237 et
2377 1170 2678 1249 Bibulo,’

1339 411 1405 457 G.
1450 409 1812 460 suss'rouu

536 1347 576 1372 ¹¹⁸
610 1339 852 1390 Postridie
871 1346 917 1390 et
943 1341 1109 1391 Coesar
1140 1341 1400 1391 intentam
1429 1340 1799 1404 desperationem
1819 1338 2007 1404 impulit
2036 1337 2256 1388 Bibulum
2290 1343 2591 1401 conquestum
2625 1337 2678 1385 in

475 1405 677 1468 Senatu,
698 1410 752 1456 ut
783 1408 938 1469 quoad
970 1408 1238 1457 consulatus
1270 1405 1518 1472 finimur,
1540 1407 1677 1454 dmm
1712 1406 1971 1455 occultatus
2003 1405 2285 1453 solummodo
2313 1417 2400 1466 per
2429 1403 2584 1452 edicta
2605 1401 2680 1450 in·

473 1471 764 1530 tercederet;
796 1471 905 1535 quia
928 1487 1060 1522 nemo
1080 1477 1293 1535 repertus
1313 1476 1436 1529 erat,
1459 1471 1543 1534 qui
1562 1472 1757 1521 auderet
1787 1471 1965 1532 referre
1986 1471 2062 1519 oet
2093 1483 2280 1519 censere
2303 1482 2442 1532 super
2462 1468 2552 1517 tali
2570 1482 2680 1530 per-

472 1535 756 1594 turbatione,
778 1538 900 1600 qnod
908 1535 1188 1602 frequenter
1208 1536 1336 1586 idem
1354 1536 1623 1598 contigerat
1645 1535 1696 1585 in
1716 1535 1971 1586 minoribus
1992 1532 2211 1585 motibus.

1393 1665 1482 1685 ”O
1486 1665 1512 1685 O
1516 1665 1544 1685 O
1548 1662 1762 1685 OOOW

473 1760 722 1811 Βοιὼ-8
757 1762 925 1813 Deest
943 1763 1123 1828 aliquid
1159 1764 1211 1813 in
1233 1764 1391 1814 Vind.
1408 1768 1560 1813 1.—9
1594 1762 1761 1827 Culpis
1783 1760 1901 1811 Pal.
1922 1764 1972 1812 8.
1993 1758 2163 1811 Periz.
2180 1759 2364 1809 Barth.
2384 1759 2538 1808 Voss.
2564 1758 2681 1806 Me-

472 1825 577 1877 dic.
591 1830 643 1878 2.
666 1826 899 1879 Harlem.
916 1829 1071 1879 Vind.
1088 1833 1139 1879 2.
1164 1832 1309 1880 Cort.
1334 1830 1565 1893 plerique
1589 1828 1721 1877 Mss.
1738 1826 1889 1876 Torr.
1913 1833 1969 1875 et
1988 1825 2211 1875 Casaub.
2232 1839 2348 1873 cum
2385 1823 2520 1873 Eud.
2545 1825 2680 1873 anti·

473 1891 591 1954 quis
621 1893 859 1943 omnibus
892 1891 1007 1944 fere
1042 1894 1107 1943 ad
1146 1895 1475 1956 Basilienses,
1512 1908 1627 1958 quse
1665 1892 1839 1951 turbis,
1871 1891 2006 1940 sicut
2029 1898 2084 1941 et
2106 1890 2319 1939 Merum.
2342 1904 2404 1938 ac
2430 1903 2536 1939 var.
2557 1890 2682 1939 lect.

472 1956 692 2007 Mediol.
721 1958 932 2009 habent.
1011 1959 1252 2023 Conjecit
1290 1958 1427 2009 Oud.
1463 1960 1728 2023 antiquam
1768 1956 1954 2020 script.
1998 1954 2156 2006 fuisse
2199 1955 2496 2015 tumultibus,
2539 1957 2680 2003 uude

470 2019 698 2072 fortasse
722 2025 955 2087 potuerit
976 2027 1153 2077 enasci
1177 2026 1381 2089 gemina
1404 2025 1712 2077 lectio.—10
1746 2023 2044 2072 Potestatens
2070 2021 2191 2070 Pin.
2222 2024 2500 2084 potestaten·
2528 2019 2684 2069 obiret

468 2087 631 2138 Fouc.
665 2089 1034 2151 desperationem
1068 2090 1235 2140 Periz.
1274 2091 1367 2141 sed
1400 2092 1454 2140 in
1490 2104 1602 2140 mar
1639 2121 1653 2138 .
1685 2086 2108 2138 emendatus.—l
2145 2086 2346 2149 Copula
2379 2089 2426 2134 et
2472 2085 2623 2134 abest
2648 2099 2682 2134 a

472 2151 654 2201 Graev.
679 2154 902 2205 casaub.
926 2156 1049 2205 Var.
1073 2162 1129 2206 et
1150 2156 1287 2206 Edu.
1309 2155 1541 2207 aliis.—2
1574 2158 1590 2184 ‘
1666 2168 1729 2204 uc
1751 2168 1873 2203 sane
1899 2151 2165 2217 pertinent
2204 2150 2361 2201 verba
2389 2165 2476 2213 per
2498 2149 2682 2209 jocum,

474 2230 576 2267 non
599 2225 719 2281 post
739 2219 1012 2285 signarent,
1046 2230 1101 2271 ut
1121 2222 1283 2272 visum
1302 2222 1478 2287 Lipsio
1495 2229 1550 2271 et
1563 2222 1805 2270 Torrent.
1825 2218 2142 2283 astipulante
2160 2214 2435 2268 Ernestio.’
2467 2216 2681 2276 Batanag-

1479 2351 1530 2401 N
1538 2348 1697 2399 0⁹1·AE

473 2457 555 2510 lit.
1491 2464 1494 2470 ’
1616 2463 1902 2529 proprium,
1916 2476 2103 2525 nempe
2124 2458 2242 2511 mali
2265 2456 2452 2510 ominis
2476 2455 2679 2523 aliquid

537 2543 564 2579 Ρ
598 2537 821 2603 Referre]
871 2540 1386 2592 Senatusconsultum
1427 2556 1531 2592 non

470 2614 634 2666 tiebat
676 2616 772 2667 uisi
812 2621 994 2670 consul
1034 2628 1126 2670 aut
1168 2620 1317 2678 alius,
1352 2620 1434 2670 cui
1475 2619 1532 2668 id

458 2691 595 2757 juris
619 2701 752 2757 erat,
774 2695 839 2745 ad
873 2697 1123 2748 Senatum
1157 2695 1394 2761 referret,
1410 2698 1462 2746 h.
1485 2711 1534 2748 e.

463 2785 574 2820 reru
597 2788 700 2839 qna
732 2773 801 2822 de
824 2775 1081 2838 agebatur
1110 2776 1163 2824 in
1197 2775 1533 2826 consultatio·

469 2860 589 2898 nem
609 2849 913 2915 adduceret,
938 2862 1244 2917 patrumque
1280 2868 1438 2917 super
1472 2868 1537 2902 ea

468 2928 778 2977 sententiam
823 2936 1047 2993 rogaret.
1113 2932 1222 2981 Cur
1255 2930 1415 2994 igitur
1446 2930 1539 2980 Bi·

469 3000 622 3052 bulus
646 3010 770 3053 tunc
794 3019 896 3053 non
924 3007 1160 3056 retulerit
1193 3006 1328 3057 haud
1353 3008 1536 3072 liquet.

471 3078 777 3143 Suspicatus·
810 3079 1020 3146 quidem
1054 3082 1385 3133 casaubonus
1419 3084 1535 3148 ejus

467 3153 641 3206 forsan
665 3156 756 3207 illo
788 3172 964 3208 mense
997 3174 1103 3209 nou
1140 3158 1301 3209 fuisse
1342 3158 1536 3224 fasces,

471 3246 571 3281 nec
594 3232 691 3282 nisi
728 3233 793 3283 ab
825 3248 885 3283 eo
909 3235 1139 3299 consule,
1162 3236 1311 3300 cujus
1344 3245 1539 3299 essent,

470 3307 658 3359 referri
694 3311 937 3376 potuisse.
1002 3311 1107 3361 Sed
1140 3314 1311 3363 nentri
1340 3315 1538 3378 astipu«

469 3385 610 3435 latur
633 3386 931 3451 antiquitas.
999 3389 1149 3439 Dicit
1171 3391 1308 3440 enirn
1333 3390 1534 3455 Appia·

468 3476 567 3513 nus
600 3463 844 3514 Bibulum
877 3466 1101 3517 extortis
1134 3465 1362 3517 fascibus
1394 3468 1532 3532 ejec-

470 3546 603 3601 tum,
640 3547 695 3590 et
737 3541 831 3590 hos
866 3541 1024 3606 igitur
1058 3543 1297 3595 habuisse
1331 3546 1532 3609 debuit,

469 3617 653 3682 sicque
695 3616 850 3667 etiarn
891 3619 1069 3669 Caesar
1100 3619 1265 3671 fasces
1300 3636 1400 3671 non
1438 3621 1530 3671 ha-

469 3692 601 3743 bens
643 3693 710 3743 de
746 3695 821 3745 his
861 3696 1097 3745 omnibus
1133 3694 1426 3747 referebat:
1475 3704 1532 3747 et

470 3782 596 3820 sane
630 3771 754 3821 milri
799 3786 901 3822 non
936 3779 1156 3838 apparet
1191 3772 1313 3837 quid
1359 3787 1546 3822 causaer

470 3843 651 3908 fuerit,
686 3846 788 3895 nisi
826 3852 929 3896 tam
962 3848 1124 3912 ipsius
1158 3846 1354 3910 Bibuli,
1378 3862 1532 3912 quam

469 3919 691 3971 Senatus
713 3921 942 3972 universi
964 3924 1338 3974 consternatio.

533 4004 561 4039 ⁴¹
583 3997 697 4047 *Per
733 3999 890 4058 edicta
930 3998 1252 4065 obnuntiaret]
1292 4003 1371 4051 Ea
1406 4006 1534 4051 sunt

470 4072 647 4124 edicta
668 4073 735 4123 de
757 4073 941 4139 quibus
963 4091 1120 4141 supra
1142 4082 1319 4142 cap.9.
1344 4078 1532 4144 quibus

471 4150 667 4200 Caesari
682 4151 845 4201 multa
861 4152 1088 4203 molienti
1106 4154 1349 4205 adversus
1364 4158 1534 4221 auspi·

469 4224 553 4276 cia
575 4224 929 4278 obnuntiaudo
951 4228 1265 4280 resistebat:
1291 4238 1372 4280 est
1391 4232 1529 4282 euim

469 4300 784 4356 obnuntiare
809 4304 1022 4357 verbum
1056 4305 1335 4370 auguribus
1359 4304 1530 4359 ferme

1615 2538 1875 2599 nuntiare,
1896 2552 1998 2604 quo
2019 2536 2232 2587 decreta
2265 2534 2474 2601 publica
2504 2539 2560 2598 et
2593 2548 2682 2583 co-

1614 2616 1873 2666 mitiorum
1886 2622 2105 2666 eventus
2120 2611 2553 2677 impediebantur.
2587 2610 2682 2660 Bi·
2740 2640 2746 2646 -

1613 2694 1719 2744 buli
1744 2701 1937 2756 autem,
1961 2700 2145 2756 utpote
2173 2690 2421 2751 consulis,
2443 2695 2578 2751 erat,
2594 2689 2681 2739 vel

1615 2773 1842 2837 auspicia
1863 2772 2161 2833 observare,
2181 2769 2264 2820 vel
2288 2769 2350 2819 iis
2373 2782 2473 2818 non
2495 2767 2677 2818 obser·

1612 2849 1747 2899 vatis
1769 2848 2096 2898 obnuntiare.

1679 2932 1699 2959 ¹*
1731 2925 1964 2975 Nonnulli
2001 2922 2309 2987 urbanorum]
2355 2921 2453 2970 Vel
2492 2919 2680 2970 civium

1615 3005 1794 3055 urbem
1838 3001 2182 3052 habitantium
2225 3013 2487 3050 sermones
2526 2998 2682 3047 iutel-

1609 3083 1740 3146 lige,
1770 3082 1852 3131 vel
1891 3078 2179 3130 facetorum
2211 3078 2403 3142 potius,
2440 3075 2538 3125 hoc
2576 3082 2684 3136 est,

1614 3161 1808 3210 urbana
1849 3166 1904 3209 et
1946 3157 2089 3208 culta
2133 3154 2354 3221 quadam
2398 3151 2681 3201 dicacitate

1609 3237 1918 3302 jocantium.

1680 3320 1699 3347 ⁸
1735 3313 1856 3361 Cam
1888 3310 2004 3374 quid
2044 3321 2130 3372 per
2150 3307 2334 3371 jocum]
2374 3303 2683 3355 Torrentius

1613 3389 1698 3439 hic
1722 3388 1795 3437 ait
1820 3387 2077 3436 inversum
2110 3398 2220 3433 esse
2244 3384 2516 3445 scripturas
2543 3381 2685 3430 ordi·

1611 3478 1751 3524 nem,
1767 3461 1943 3526 sicque
1962 3458 2317 3525 reponendum
2336 3465 2548 3520 censet3
2571 3473 2680 3508 eum

1607 3542 1723 3606 quid
1755 3540 1963 3590 testandi
1990 3538 2155 3601 gratia
2185 3537 2452 3599 signarent,
2486 3550 2574 3599 per
2595 3536 2680 3597 ,γὀ-

1609 3631 1732 3679 cum,
1766 3633 1860 3667 non
1895 3617 2103 3673 Coesare,
2138 3617 2221 3678 ξε.
2270 3620 2329 3663 ut
2367 3627 2547 3662 sensus
2591 3614 2681 3676 sit,

1611 3710 1714 3745 nou
1732 3708 1827 3759 per
1839 3692 2019 3757 jocum
2045 3689 2464 3741 testificationem
2484 3690 2682 3740 exhil›i-'

1612 3778 1735 3829 tam,
1753 3770 1844 3819 sed
1868 3769 1956 3818 illa
1977 3768 2228 3831 exhibita,
2242 3768 2494 3831 scriptum
2518 3765 2681 3817 fuisse

1612 3862 1706 3912 per
1720 3846 1895 3910 jocum
1912 3859 2007 3893 non
2026 3846 2235 3905 Coesare,
2252 3847 2334 3908 qe.
2358 3858 2533 3892 verum
2558 3853 2680 3894 cum'

1613 3923 1920 3973 dicacitates
1955 3928 2009 3970 et
2034 3917 2144 3985 joci
2183 3934 2362 3985 parurn
2390 3930 2686 3983 congruant

1613 3998 1813 4049 actibus
1846 3996 2034 4063 quibus
2069 3996 2404 4046 solennitates
2417 3996 2554 4060 juris
2586 3996 2683 4045 ad-

1611 4075 1879 4138 hibentur,
1893 4073 2133 4123 videutur
2150 4074 2252 4122 illae
2273 4072 2581 4122 testationes
2600 4074 2679 4123 in-

1610 4153 1774 4216 telligi
1793 4158 1990 4203 tanturn
2004 4148 2158 4201 sactae
2177 4150 2316 4199 iuter
2328 4150 2539 4214 jocosos
2559 4150 2679 4202 illos

1611 4231 1854 4294 urbanos,
1882 4234 1938 4279 et
1971 4241 2072 4278 nou
2107 4227 2206 4278 nisi
2229 4227 2441 4291 jocandi
2469 4227 2674 4293 gratiag

1611 4308 1790 4373 sicque
1835 4302 2125 4356 remanebit
2170 4303 2453 4355 communis
2495 4312 2552 4356 et
2594 4319 2680 4357 re·
