3019 4922
548 435 676 501 162
1405 448 1468 495 c.
1509 445 1872 495 sus'routt

543 604 751 661 venta
800 601 930 673 est,
977 592 1364 677 conscripta
1407 592 1618 657 literis
1663 592 2017 675 verbisque
2065 591 2352 671 GraeciS‚
2406 594 2531 660 hac
2580 615 2731 684 sen-

548 700 803 766 tentia:
851 703 872 733 ‘
895 696 1319 781 Quandoque
1338 704 1358 743 ³
1382 704 1419 730 W
1451 715 1613 760 ossa
1642 694 1898 781 Capyis
1920 703 1950 743 4
1996 696 2254 761 detecta
2282 678 2527 776 essent‚⁶
2568 701 2730 778 fore,

543 808 624 865 ut
654 801 894 866 Iulo⁵⁸
943 809 1305 884 prognatus
1350 796 1595 865 manu⁶
1639 796 2321 881 consanguineorumy
2363 808 2730 879 necaretur,

542 905 933 989 magnisque
990 922 1150 967 mox
1208 902 1425 966 Italiae
1486 901 1793 965 cladibus
1817 909 1841 936 ²
1898 902 2363 966 vindicaretur.
2386 899 2402 925 '
2515 904 2730 988 Cujus

541 1009 685 1084 rei,⁷
731 1028 810 1071 ne
840 1008 989 1090 quis
1016 1006 1390 1071 fabulosam
1424 1010 1543 1067 aut
1573 1003 2083 1076 commentitiam
2119 1012 2332 1087 putet,
2363 1012 2600 1070 auctor
2624 1013 2732 1070 est

545 1110 894 1175 Cornelius
925 1109 1211 1185 Balbus,
1233 1105 1791 1171 familiarissimus
1816 1104 2124 1170 Caesaris.
2213 1105 2554 1170 Proximis
2586 1106 2730 1173 die-

540 1215 669 1278 bus
700 1233 1020 1299 equorum
1052 1230 1302 1293 gregeS,
1336 1230 1508 1294 quos
1532 1210 1600 1272 in
1633 1208 2410 1292 trajiciendo·Rubiconc
2433 1209 2727 1274 flumine⁸

539 1323 1028 1393 consecrarat,⁸‘
1047 1335 1128 1379 ac
1162 1332 1364 1396 vagos
1392 1321 1459 1376 et
1488 1312 1631 1376 siue
1663 1312 1939 1375 custode
1963 1309 1986 1347 ¹³
2016 1311 2373 1388 dimiserat,
2406 1312 2729 1395 comperit

1456 1493 1512 1512 Oe
1518 1492 1724 1513 ‘NOO‘O
1729 1493 1813 1512 ‘00

541 1631 721 1679 Burm.
740 1629 966 1679 ceria—3
1006 1631 1395 1692 Quandocumque
1418 1628 1534 1677 Pal.
1558 1633 1605 1677 3.
1628 1628 1783 1678 vind.
1807 1633 1853 1678 1.
1875 1630 2028 1679 Vinc.
2055 1630 2235 1695 quando
2269 1627 2465 1678 Medic.
2492 1632 2539 1677 l.
2570 1628 2727 1680 Vind.

542 1698 589 1744 1.
614 1694 758 1744 Cort.
786 1696 952 1744 Periz.
979 1695 1209 1743 Harlem.
1233 1695 1365 1745 Edd.
1387 1695 1521 1743 Ven.
1547 1701 1601 1743 et
1625 1696 1835 1757 reliquae
1872 1704 2060 1758 pra-ter
2092 1695 2272 1756 Steph.
2311 1693 2529 1742 Casaub.
2557 1701 2614 1744 et
2646 1710 2726 1743 re-

539 1760 821 1822 centiores,
853 1775 965 1823 quae
999 1762 1378 1823 quandoque.—4
1419 1759 1578 1821 Capu's
1625 1760 1834 1822 Memm.
1875 1760 2051 1823 Cujac.
2097 1760 2255 1823 Capys
2291 1759 2452 1809 Fouc.
2488 1759 2620 1808 Ven.
2657 1770 2725 1810 tr.

536 1824 689 1876 Junt.
717 1824 837 1874 Ald.
863 1824 1062 1888 Gryph.
1086 1825 1253 1886 Lugd.
1281 1824 1423 1887 Cupis
1443 1824 1627 1886 Copes.
1655 1825 1885 1874 Harlem.
1911 1826 2044 1874 Edd.
2068 1826 2209 1873 Rom.
2234 1825 2364 1873 Bon.
2382 1823 2457 1871 uti
2477 1831 2528 1873 et
2548 1837 2725 1888 supra.

535 1896 631 1938 —5
668 1889 741 1937 Ilo
776 1891 989 1940 Memm.
1026 1890 1359 1952 probantibus
1391 1889 1572 1938 Burm.
1612 1889 1750 1939 Oud.
1785 1890 1992 1939 Ruhnk.
2050 1890 2154 1938 'Ilio
2191 1889 2326 1952 conj.
2365 1889 2520 1937 Salm.
2556 1896 2612 1939 et
2650 1891 2727 1939 ita

533 1953 781 2003 Dunelm.
805 1950 1000 2004 Medic.
1023 1959 1072 2003 2.
1096 1955 1275 2016 anac.
1304 1953 1585 2004 accedente
1609 1956 1754 2005 Torr.
1798 1957 1933 2005 Julio
1955 1956 2108 2004 Voss..
2132 1953 2230 2003 Ed.
2254 1954 2372 2002 Ba's.
2394 1962 2590 2015 poster.
2630 1949 2726 2004 Ju'-

534 2018 629 2067 lius
665 2019 822 2068 Vind.
854 2024 901 2069 2.
939 2020 1081 2069 Cort.
1145 2021 1239 2068 Illo
1276 2021 1379 2069 Ms.
1416 2019 1645 2069 Turneb.
1722 2022 1826 2069 Iulo
1861 2020 2105 2069 vendicat
2137 2017 2391 2068 wolfi—6
2429 2020 2563 2067 More
2593 2024 2722 2069 cous.

533 2081 769 2133 Harlem.
798 2085 930 2133 Edd.
970 2085 1098 2134 Ven.
1142 2084 1354 2134 Mediol.
1397 2085 1542 2134 Cald.
1588 2084 1780 2135 Sabell.
1852 2086 1987 2134 Dein
2022 2084 2209 2146 maguis
2240 2099 2350 2132 mox
2386 2082 2586 2133 Medic.
2611 2088 2727 2134 1.-

533 2150 565 2196 7
604 2148 761 2203 Quam
776 2148 1052 2199 rem‘Vind.
1080 2155 1124 2199 l.
1150 2150 1319 2199 Periz.
1348 2150 1577 2200 Harlem.
1614 2151 1766 2200 Voss.
1804 2150 1939 2202 Edd.
1974 2152 2106 2199 Ven.
2140 2150 2286 2199 Med.
2323 2148 2469 2199 Cald.
2509 2150 2641 2198 Bon.
2672 2155 2726 2199 et

531 2226 667 2261 omn.
689 2213 835 2264 Vett.
863 2221 1049 2278 praeter
1083 2216 1199 2264 Bas.
1236 2222 1291 2263 et
1325 2230 1472 2279 seqq.
1531 2216 1658 2264 Mox
1696 2215 1931 2278 probant,
1955 2215 2090 2280 quod
2129 2214 2179 2263 in
2217 2213 2437 2263 tuembb.
2463 2215 2719 2263 nonnullis

527 2280 939 2341 superscriptum
979 2279 1184 2341 legitur,
1202 2279 1471 2338 fabulosum
1502 2286 1586 2329 aut
1616 2282 2005 2341 commaticium,
2036 2280 2256 2330 Casaub.
2288 2279 2465 2329 Burm.
2521 2279 2724 2329 Ruhnk.

530 2347 629 2390 —8
667 2344 811 2392 Solus
836 2346 1047 2393 Memm.
1070 2345 1299 2394 Rubiconi
1306 2345 1519 2408 flumini,
1545 2346 1689 2395 etita
1713 2346 1875 2395 edidit
1901 2347 2078 2396 Graev.
2104 2344 2399 2394 auctoribus
2416 2344 2648 2393 Turneb.
2667 2351 2723 2394 et

534 2405 756 2457 casaub.
819 2410 945 2457 Tum
978 2414 1034 2458 ut
1065 2424 1174 2471 vag.
1207 2410 1361 2460 Fouc.
1398 2409 1484 2475 qui
1523 2418 1705 2472 postea
1734 2411 1965 2476 patibulo.
2032 2410 2203 2459 Etiam
2237 2409 2388 2458 deest
2417 2414 2465 2457 et
2488 2410 2724 2458 Harlem.

533 2471 667 2539 Edd.
692 2475 825 2523 Ven.
852 2481 915 2523 tr.
941 2476 1071 2524 Bon.
1096 2485 1148 2523 et
1174 2476 1327 2525 Omn.
1360 2477 1596 2538 exceptis
1621 2477 1839 2526 Casaub.
1863 2486 1917 2526 et
1942 2475 2331 2525 recentioribus.
2393 2476 2520 2523 Tum
2544 2490 2723 2538 compe·

529 2537 619 2589 riit
654 2539 823 2590 Periz.
856 2541 1090 2590 Harlem.
1124 2540 1278 2590 vind.
1312 2543 1360 2590 l.
1395 2541 1546 2603 Voss.
1582 2543 1717 2592 Edd.
1745 2542 1878 2591 Ven.
1903 2546 1951 2591 1.
1971 2541 2117 2591 Med.
2141 2541 2289 2591 Cald.
2315 2539 2480 2604 Lugd.
2512 2539 2715 2604 Gryph.

1518 2699 1739 2754 NOTAE

612 2824 646 2851 Ἡ
699 2817 1005 2880 Quandoque]
1074 2816 1289 2880 Vulgati
1343 2817 1586 2881 legebant

526 2894 725 2954 quando.
794 2894 872 2940 Ex
914 2892 1077 2941 tribus
1114 2893 1242 2942 Mss.
1283 2893 1584 2942 Torrentius

523 2969 838 3018 emendavit.
903 2969 1131 3018 Sumitur
1153 2969 1287 3017 enim
1312 2983 1408 3032 pro
1430 2984 1583 3032 quan·

526 3044 850 3108 ducumque:
911 3059 1011 3107 quo
1056 3059 1207 3094 sensu
1253 3047 1379 3095 alias
1430 3040 1617 3111 etiam,

526 3121 665 3183 apud
688 3121 1115 3171 Jurisconsnltos.
1187 3136 1192 3141 ·

591 3203 618 3229 Χ
639 3199 785 3258 Fore,
803 3204 852 3247 ut
870 3198 996 3262 luto]
1017 3199 1314 3248 Torrentius
1330 3215 1429 3249 uno
1451 3201 1583 3251 libro

523 3275 652 3337 leg'it
684 3275 809 3322 Ilio.-
841 3277 855 3302 ⁶
877 3275 1001 3341 quid
1037 3275 1212 3332 enim,'
1248 3276 1342 3336 ait,
1380 3277 1584 3340 ‘Capys

525 3350 589 3399 ad
611 3351 891 3412 Caesarem‚
906 3342 997 3400 aut
1018 3366 1111 3400 cur
1134 3351 1185 3400 in
1207 3352 1321 3415 ejus
1344 3353 1582 3415 sepulcro

524 3424 590 3473 de
615 3426 713 3474 Iuli
742 3427 960 3490 posteris
975 3425 1017 3475 θ’
1040 3426 1131 3476 sed
1156 3441 1219 3474 ex
1242 3428 1443 3490 Virgilii
1469 3429 1584 3478 loco

522 3516 644 3551 mox
683 3504 912 3568 laudato,
953 3509 1009 3552 et
1049 3517 1115 3552 ex
1154 3504 1397 3567 Dionysii
1438 3505 1585 3571 Hali·

521 3592 663 3630 carn.
691 3580 781 3630 lib.
807 3595 845 3631 1.
880 3587 1109 3641 constat,
1131 3582 1315 3646 Capyn
1335 3597 1487 3631 unum
1513 3596 1578 3631 ex

519 3655 695 3705 AEneae
718 3656 901 3706 sociis:
938 3657 1059 3720 quin
1082 3662 1137 3706 et
1159 3671 1224 3704 ex
1248 3657 1431 3706 eodem
1457 3658 1581 3707 Dio-

518 3733 685 3796 nysio,
703 3733 879 3783 'AEneae
899 3734 1240 3798 propinquum
1260 3731 1417 3781 fuisse
1435 3747 1579 3782 vero-

518 3809 829 3858 simillimum
853 3818 949 3858 est.
986 3810 1157 3874 Capys
1178 3809 1313 3858 enim
1336 3809 1577 3858 Assaraci

515 3882 671 3938 filius,
696 3884 932 3932 Anchisae
958 3890 1109 3945 pater
1132 3882 1264 3933 fuit:
1288 3899 1387 3948 quo
1411 3884 1575 3933 minus

519 3959 807 4008 mirandum
840 3960 1062 4023 videtur,
1093 3961 1142 4009 si
1179 3975 1390 4025 quorum
1428 3962 1574 4024 origo

520 4037 821 4096 communis,
871 4039 1159 4087 communia
1206 4052 1409 4102 quoque
1464 4037 1576 4088 fata

517 4110 909 4175 significentur;
943 4122 1058 4162 eum
1091 4123 1145 4164 et
1167 4116 1434 4165 Turnebus
1468 4116 1573 4165 Ad·-

518 4200 710 4237 versar.
732 4201 890 4238 xxiv.
911 4189 1000 4239 lib.
1023 4204 1139 4253 cap.
1163 4195 1241 4241 14.
1264 4193 1407 4255 legat
1426 4193 1526 4243 illo.

581 4273 607 4308 5
640 4266 792 4313 Manu
821 4266 1290 4330 consanguineorum]
1335 4258 1575 4319 Obscura

406 4377 414 4386 -
518 4350 598 4393 est
615 4342 705 4393 illa
717 4343 1133 4408 consanguinitas
1152 4344 1570 4407 apud'auctores:

1664 2818 1858 2867 nullum
1896 2819 2030 2867 enim
2065 2832 2095 2866 e
2130 2816 2407 2881 conjuratis
2439 2815 2537 2864 hoc
2570 2815 2721 2865 modo

1665 2895 1857 2944 Caesari
1871 2896 2108 2956 junctum
2130 2892 2376 2953 referunt,
2390 2891 2484 2940 nisi
2506 2891 2569 2953 de
2589 2892 2718 2940 Bru-

1664 2979 1737 3033 to,
1769 2972 1916 3035 cujus
1952 2980 2101 3035 pater
2137 2970 2462 3019 existimatus
2483 2977 2582 3031 est,
2605 2982 2723 3030 cap.

1665 3052 1745 3099 50.
1785 3050 1891 3098 sive
1926 3049 1991 3099 de
2029 3048 2246 3098 Caesaris
2286 3045 2569 3101 adulteriis,
2603 3059 2718 3109 quae

1664 3125 1827 3175 multa
1862 3123 2088 3182 fuerunt,
2127 3123 2403 3184 intelligas.
2481 3120 2592 3169 Aut
2628 3134 2719 3191 po·

1663 3199 1784 3261 tius,
1805 3201 1974 3255 latiori
2006 3192 2384 3262 significatione
2416 3195 2718 3258 consangui-

1663 3276 1747 3325 nei
1773 3276 2013 3326 dicuntur
2041 3274 2278 3329 Romani,
2312 3273 2546 3336 ejusdem
2580 3273 2719 3321 inter

1663 3367 1721 3402 se
1745 3354 2020 3415 sanguinis.

1725 3436 1746 3462 z
1778 3430 1939 3479 Italiae
1959 3428 2189 3493 cladibus]
2234 3425 2455 3489 Augusti
2490 3424 2625 3474 bella
2649 3426 2720 3475 in·

1660 3503 1793 3564 nuit,
1828 3504 1893 3553 de
1916 3504 2099 3569 quibus
2118 3517 2235 3552 mox
2259 3503 2308 3551 in
2333 3500 2469 3563 Aug.

1726 3585 1750 3612 ⁸
1775 3582 1904 3636 Quos
1916 3581 1965 3628 in
1978 3579 2257 3642 trajiciendo
2272 3576 2510 3626 Rubicone
2514 3575 2716 3640 flumine

1657 3656 1974 3718 consecrarat]
2021 3654 2287 3704 Turnebus
2308 3653 2530 3704 Advers.
2546 3666 2712 3704 την.

1656 3746 1771 3796 cap.
1796 3737 1873 3781 14.
1898 3734 2025 3796 legit
2047 3731 2278 3781 Rubiconi
2284 3731 2503 3795 flumini,
2520 3745 2620 3794 qua
2637 3745 2713 3780 ra-

1651 3810 1797 3857 tione
1819 3809 2130 3859 Plutarchus
2154 3808 2244 3871 ait,
2262 3807 2586 3856 ‘immolatum
2612 3808 2712 3859 Eu-

1657 3883 1827 3947 phrati
1864 3892 2066 3934 taurum
2098 3899 2136 3933 ¹a
2174 3884 2391 3932 Lucullo
2426 3883 2710 3932 exercltum

1657 3962 1984 4022 traductur03
2008 3961 2099 4011 sed
2124 3962 2188 4010 de
2213 3961 2370 4010 tauris
2384 3960 2710 4010 videtui-'hoc

1652 4053 1770 4089 esse
1796 4040 2203 4099 convenientius,
2237 4052 2391 4102 quam
2427 4036 2493 4086 de
2530 4037 2707 4099 equis:

1657 4115 1984 4165 tauriformes
2014 4117 2205 4179 quippe
2229 4128 2254 4162 a
2281 4113 2446 4177 poe‘tis
2469 4112 2708 4162 dicuutur

1650 4189 1827 4242 fluvii.
1863 4191 1995 4241 Hor.
2014 4192 2205 4242 libaerv.
2230 4190 2332 4241 od.
2358 4193 2435 4239 14.
2456 4191 2473 4217 ‘
2489 4188 2577 4238 Sic
2602 4196 2705 4237 tan·

1652 4267 1878 4318 risormis
1902 4269 2124 4318 volvitur
2145 4265 2396 4317 Aufidus?
2462 4267 2532 4314 Et
2553 4264 2703 4314 Torr.

1652 4345 1718 4394 ad
1747 4345 1887 4394 illum
1909 4345 2097 4397 locum.
2163 4342 2317 4393 Unde·
2334 4342 2420 4394 hic
2441 4336 2703 4393 existimat
