3019 4922
524 333 658 401 226

1390 345 1456 392 G.
1503 343 1863 393 SUEToNu

527 495 711 561 citra
731 490 1093 559 commoda
1122 487 1539 555 emeritorum
1579 487 2068 573 [praemiorum]
2087 496 2107 535 ³
2131 487 2157 525 ¹³
2202 490 2722 556 exauctoravit.⁸

529 598 881 674 Cohortes,
913 596 973 659 si
990 614 1143 679 quae
1169 592 1528 657 cessissent
1553 591 1726 669 loco,
1751 590 2124 656 decimatas
2143 587 2170 626 ‘¹
2201 590 2452 657 hordeo
2484 592 2721 675 pavit?-

527 701 993 776 Centuriones,
1024 696 1320 761 statione
1350 691 1665 773 deserta,f
1699 695 1952 773 itidem,
1974 700 2049 759 ut
2073 695 2582 778 manipulare8‚⁸
2612 715 2725 761 ca-

1388 892 1394 898 .
1432 876 1463 897 e
1470 876 1807 908 ‘maome

524 1017 647 1067 Seb.
679 1021 734 1065 et
768 1015 891 1065 Ant.
926 1011 1128 1076 Gryph.
1162 1010 1348 1059 divisit.
1431 1007 1568 1057 Tum
1601 1008 1748 1061 deest
1784 1009 1901 1059 item
1933 1009 2049 1059 Pal.
2095 1013 2143 1060 1.
2180 1008 2432 1073 probante
2470 1008 2723 1061 (irum—3

523 1083 613 1133 Ita
655 1082 723 1132 Ο.
762 1081 874 1130 fere
907 1079 1060 1129 codd.
1097 1076 1251 1125 Torr.
1291 1089 1406 1124 cum
1431 1074 1572 1138 Lips.
1598 1075 1662 1124 ad
1686 1076 1814 1125 Tac.
1837 1075 1970 1124 Ann.
1993 1089 2031 1123 1.
2054 1082 2105 1122 et
2130 1074 2287 1125 Grut.
2309 1074 2390 1122 vel
2411 1074 2724 1137 ejiciendum

521 1163 688 1210 proem.
708 1148 790 1196 vel
815 1145 1085 1206 legendum
1101 1146 1145 1192 et
1161 1155 1326 1204 proem.
1344 1146 1513 1203 putat.
1533 1141 1656 1188 Ern.
1682 1147 1848 1191 totum
1871 1142 1967 1189 hoc
1990 1155 2130 1190 emer.
2146 1155 2310 1204 proem.
2328 1154 2423 1202 pro
2447 1141 2621 1202 glossa
2644 1156 2723 1190 re-

513 1214 668 1277 jecit,
705 1213 797 1261 sed
836 1213 1054 1271 Baumg.
1091 1206 1489 1257 assentientibus
1513 1206 1741 1270 Giphan.
1765 1214 1822 1256 et
1846 1205 1997 1256 Wolf.
2021 1213 2221 1255 tantum
2246 1206 2392 1255 uncis
2415 1206 2625 1255 inclusit
2647 1208 2722 1256 ul-

484 1293 495 1302 ·
524 1280 701 1329 timam
726 1292 923 1327 vocem.
991 1274 1204 1325 Habent
1234 1272 1492 1335 primorum
1516 1272 1661 1322 Cort.
1691 1271 1828 1323 Edd.
1852 1273 1999 1322 Rom.
2023 1281 2079 1321 et
2110 1271 2263 1335 paulo
2289 1278 2410 1321 ante
2433 1270 2563 1320 circa
2585 1272 2715 1336 Cop.

1525 1450 1740 1501 NOTAE

585 1569 608 1603 ὓ
644 1569 784 1618 Citra
803 1568 1041 1617 commoda
1054 1567 1354 1617 emeritorum
1362 1564 1582 1627 proemio-

519 1644 649 1708 rum]
681 1645 768 1694 Sic
792 1645 975 1707 legunt
997 1658 1207 1693 omnes:
1242 1643 1483 1692 Torrent.
1505 1648 1584 1691 ta-

518 1736 637 1771 men
674 1729 730 1771 et
767 1720 1100 1771 Casaubonns
1138 1733 1316 1769 vocem
1365 1718 1586 1782 pra-mio-

516 1815 623 1849 rum
645 1806 734 1849 aut
755 1798 1117 1850 removendam
1142 1802 1377 1861 censent,
1394 1804 1484 1846 aut
1507 1796 1581 1844 in·

518 1876 880 1940 terjiciendam
915 1874 1334 1939 conjunctionem
1358 1878 1405 1922 et
1424 1889 1441 1922 .·
1479 1886 1579 1922 nec

517 1953 739 2018 injuria3
774 1952 1026 2002 differunt
1054 1952 1252 2016 quippe
1285 1950 1504 1999 emerita
1527 1954 1584 1997 et

517 2031 750 2096 praemia.
817 2031 920 2079 Illa
953 2045 1056 2080 non
1089 2036 1209 2078 sunt
1247 2029 1347 2078 nisi
1382 2036 1583 2077 vetera-

517 2121 740 2167 norum3
773 2107 1022 2156 dicuntur
1042 2107 1177 2155 enim
1213 2104 1416 2153 emeriti
1437 2104 1480 2152 si
1502 2117 1583 2151 sa-

514 2192 784 2234 cramento
796 2184 953 2233 soluti
966 2183 1263 2232 donativum
1281 2182 1428 2243 illud,
1442 2181 1581 2245 quod

515 2259 716 2311 idcirco
761 2267 975 2321 vocatur
1029 2260 1319 2320 emeritum,
1367 2273 1584 2323 accepe-

515 2337 640 2392 rint,
679 2337 744 2387 de
780 2352 882 2402 qno
917 2337 1245 2387 Modestinus
1276 2336 1368 2386 lib.
1402 2351 1493 2387 111.
1526 2336 1583 2387 ff.

516 2412 584 2464 de
618 2428 676 2463 re
703 2414 931 2464 militari.
997 2415 1069 2465 Et
1089 2415 1352 2466 ‘emeritae
1383 2415 1579 2469 militiae

515 2491 816 2542 commoda’
840 2500 992 2543 vocat
1026 2498 1236 2545 sueton.
1257 2491 1392 2543 infra
1414 2495 1579 2559 Calig.

514 2581 564 2619 c.
598 2573 683 2619 44.
721 2569 900 2633 qualia
938 2578 1088 2620 erant
1109 2586 1158 2621 v.
1180 2586 1231 2633 g.
1256 2571 1369 2634 agri
1402 2571 1579 2621 distri-

513 2643 651 2708 buti,
675 2647 741 2696 de
768 2647 950 2711 quibus
962 2649 1074 2710 jam
1092 2662 1197 2697 nou
1220 2650 1397 2699 semel.
1431 2650 1578 2699 Prae-

512 2723 622 2772 mia
645 2737 770 2772 vero
793 2724 1072 2788 cujuslibet
1093 2726 1288 2775 strenui
1310 2726 1489 2776 militis
1512 2726 1579 2777 ad

513 2800 630 2864 ejus
668 2800 913 2850 virtutem
944 2801 1280 2865 incitandam,
1304 2803 1471 2867 qualia
1498 2819 1582 2852 su·

511 2891 609 2940 pra
631 2892 748 2940 cap.
772 2883 819 2929 8.
842 2893 909 2928 ex
933 2878 1126 2941 Gellio,
1147 2886 1205 2928 et
1228 2894 1276 2929 e.
1298 2883 1381 2928 25.
1424 2880 1578 2931 Quod

515 2951 567 3000 ni
594 2952 736 3001 locus
758 2953 843 3002 hic
866 2952 934 3001 de
960 2954 1221 3003 veteranis
1246 2960 1389 3003 totus
1410 2955 1486 3005 sic
1505 2971 1587 3004 ac-

512 3027 810 3092 c'ipiendus‚
852 3029 1067 3078 detrahe
1100 3030 1307 3079 literam
1339 3046 1381 3094 e,
1417 3039 1474 3083 et
1502 3033 1579 3083 sic

510 3119 719 3169 quoqne
743 3105 1005 3155 constabit
1036 3120 1236 3170 sensus,
1259 3108 1460 3158 scilicet
1486 3125 1581 3160 me·

510 3181 718 3229 ritorum
731 3181 1051 3244 premiorum.

574 3264 598 3290 ⁰
656 3258 1030 3322 Exouctoraoit]
1093 3258 1450 3311 Exanctorare
1493 3269 1577 3313 est
1601 3296 1620 3301 ⁷-

511 3333 739 3398 insignia
795 3335 1044 3385 militaria
1099 3335 1395 3402 detrahere,
1438 3339 1576 3404 quod

512 3426 628 3461 cum
662 3413 944 3478 ignominia
976 3411 1266 3479 perficitur,
1285 3432 1576 3484 quanquam

511 3503 614 3538 non
658 3504 883 3555 semper.
952 3495 1275 3560 Quandoque
1317 3499 1454 3546 enim
1496 3504 1579 3546 est

511 3565 799 3630 dimittere,
834 3577 892 3620 et
930 3571 1066 3622 infra
1100 3574 1271 3624 adhuc
1304 3574 1419 3623 Tib.
1453 3590 1500 3624 c.
1524 3579 1575 3624 ⁷.

511 3642 604 3692 ubi
627 3642 694 3694 de
714 3652 1105 3699 auctoramento
1119 3649 1299 3701 Vitell.
1319 3654 1397 3699 10.
1410 3651 1575 3714 Vesp.

513 3724 559 3770 8.
582 3724 682 3771 &c.

575 3798 599 3831 ‘¹
634 3800 935 3865 Decimatas]
956 3801 1222 3853 Decimari
1236 3802 1485 3855 dicuntur
1504 3807 1581 3856 le'-

510 3873 711 3937 giones,
733 3892 849 3927 cum
874 3877 1105 3929 decimus
1139 3878 1363 3946 quisque
1386 3883 1583 3947 snppli-

512 3952 595 3999 cio
631 3951 872 4004 afficitur.
939 3956 1114 4006 Livius
1140 3957 1234 4009 lib.
1256 3972 1318 4007 n.
1351 3961 1366 3987 ‘
1390 3961 1581 4009 Cetera

511 4029 790 4079 multitudo
823 4039 962 4082 sorte
997 4035 1062 4083 ad
1099 4036 1409 4099 supplicium
1446 4037 1582 4102 quis-

513 4117 615 4167 que
647 4104 872 4169 legitur,’
895 4107 1033 4158 unde
1072 4118 1127 4158 et
1161 4113 1500 4162 centesimare
1526 4119 1580 4162 et

512 4181 835 4234 vicesimare.
909 4184 1041 4235 Quae
1097 4190 1268 4238 omnia
1323 4190 1573 4254 gravioris

512 4265 667 4308 erant
700 4258 1181 4327 animadversionis,
1209 4272 1267 4314 ut
1304 4273 1357 4318 et
1391 4269 1573 4318 venire

1662 1563 1757 1614 sub
1779 1564 1948 1627 hasta,
1965 1564 2122 1630 virgis
2157 1564 2313 1629 caedi,
2335 1563 2507 1614 securi
2544 1578 2725 1628 percu-

1663 1640 1721 1698 ti,
1751 1642 1803 1691 in
1826 1656 2032 1692 crucem
2068 1642 2198 1705 tolli,
2219 1644 2318 1692 διο.
2388 1641 2485 1704 Ea,
2515 1642 2579 1690 de
2611 1643 2723 1705 qui-

1661 1717 1756 1767 bus
1793 1720 1874 1769 hic
1915 1733 2084 1769 sermo
2122 1725 2224 1783 est,
2265 1717 2725 1768 animadversionis

1661 1794 1917 1847 duntaxat
1937 1797 2066 1846 levis
2089 1811 2283 1860 genera
2301 1794 2464 1846 fuere.

1723 1879 1746 1905 θ
1778 1874 1974 1924 Hordeo
2006 1875 2166 1939 pavit]
2203 1874 2318 1925 Hoc
2353 1888 2509 1923 unum
2547 1881 2630 1923 est
2657 1889 2726 1923 ex

1658 1951 1741 2013 iis,
1772 1966 1890 2015 quae
1926 1967 1993 2001 ex
2028 1954 2243 2016 antiquo
2273 1966 2416 2001 more
2456 1952 2727 2001 revocavit

1659 2029 1962 2094 Augustus;
2005 2032 2058 2080 id
2108 2031 2244 2081 enim
2289 2030 2457 2094 ipsum
2508 2036 2726 2081 narrant

1659 2108 1835 2158 Livius
1873 2110 1963 2159 lib.
1989 2122 2172 2158 xxvu.
2212 2115 2269 2158 et
2299 2107 2613 2157 Plutarchus
2653 2107 2752 2156 de.

1659 2185 1932 2248 Marcello,
1965 2186 2053 2250 qui
2079 2184 2392 2249 legionibus,
2420 2199 2539 2248 quae
2576 2183 2726 2246 sigua

1656 2261 1956 2323 amiserant,
1969 2257 2216 2311 hordeum
2234 2260 2481 2325 prebuit.
2525 2259 2724 2323 Magna

1662 2337 1857 2401 quippe
1911 2346 2028 2388 erat
2072 2337 2353 2403 ignominia
2408 2336 2721 2400 gladiatorio

1659 2413 1756 2464 hoc
1779 2414 1897 2465 cibo
1922 2414 2082 2466 vesci.

1722 2490 1743 2525 ¹
1774 2492 2104 2551 Centuriones,
2144 2492 2347 2542 statione
2387 2490 2596 2554 deserta]
2641 2490 2721 2539 De

1660 2567 2060 2618 Centurionibus
2084 2570 2137 2619 in
2159 2569 2265 2620 Jul.
2287 2584 2336 2619 c.
2357 2572 2440 2618 68.
2485 2568 2557 2618 Hi
2575 2582 2723 2617 suum

1659 2645 1846 2708 cuique
1878 2645 2028 2694 militi
2066 2644 2236 2695 locum
2267 2645 2319 2694 in
2353 2644 2463 2694 acie
2494 2642 2724 2708 assigna-

1661 2721 1850 2785 bant‚a
1873 2737 1974 2787 quo
1995 2724 2076 2773 vel
2109 2737 2316 2788 passum
2352 2720 2605 2772 recedere
2640 2736 2723 2771 ea·

1657 2798 1822 2862 pitale
1846 2795 1964 2851 fuit.
2029 2800 2134 2849 Sed
2159 2799 2379 2850 eandem
2402 2799 2726 2850 centurioni-

1659 2875 1752 2924 bus
1773 2878 2019 2926 statutam
2043 2876 2109 2925 ab
2146 2875 2296 2926 initio
2330 2889 2533 2939 poenam
2556 2874 2728 2924 innuit

1657 2951 1742 3001 bic
1760 2953 2063 3003 Suetonius.

1722 3036 1749 3072 3
1774 3029 2135 3096 ⁸Mcuu'pular·e.‹s]
2185 3028 2488 3093 Manipulus
2532 3027 2726 3079 dicitur

1658 3105 1842 3155 decem
1892 3107 2110 3157 militnm
2167 3105 2588 3167 contubernium,
2631 3105 2725 3155 sub

1657 3195 1761 3231 uno
1795 3184 2061 3248 papilione
2098 3182 2420 3248 degentium,
2452 3189 2594 3232 teste
2618 3183 2725 3232 Ve-

1660 3260 1805 3323 getio
1825 3261 1859 3310 Ι.
1881 3275 1942 3313 u.
1968 3261 2056 3311 alii
2079 3261 2252 3312 aliter.
2290 3261 2506 3310 Servius
2530 3273 2613 3308 ιι.
2633 3259 2724 3309 AE-

1654 3337 1799 3387 neid.
1831 3337 1897 3386 ad
1935 3337 2070 3389 hunc
2094 3352 2301 3388 versum
2335 3336 2351 3365 ‘
2375 3336 2726 3400 Desolatiqne

1657 3414 1899 3478 manipli'
1936 3416 2038 3464 ait:
2080 3414 2337 3479 ‘Manipli
2372 3422 2549 3464 autem
2594 3413 2727 3463 dicti

1658 3497 1778 3541 sunt
1810 3491 2062 3555 signiferi,
2086 3492 2205 3556 quia
2227 3491 2323 3541 sub
2356 3492 2579 3541 Romulo
2602 3506 2725 3555 pau-

1657 3584 1752 3632 per
1776 3570 1942 3619 adhuc
1979 3571 2200 3633 populus
2230 3569 2497 3619 Romanus
2526 3569 2727 3618 exerci-

1658 3652 1739 3695 tus
1759 3646 1933 3696 hastas
1954 3644 2078 3695 foeni
2102 3646 2375 3709 manipulis
2397 3645 2653 3710 illigabat,
2671 3650 2727 3692 et

1651 3723 1750 3772 hos
1792 3738 1887 3787 pro
1924 3723 2082 3787 signis
2120 3723 2401 3788 gerebaut3
2448 3721 2592 3772 unde
2629 3723 2725 3771 hoc

1659 3815 1846 3850 nomen
1871 3800 2155 3851 remansit.'
2187 3801 2318 3850 Ideo
2335 3801 2580 3850 Donatus
2600 3812 2724 3849 voce

1657 3876 2005 3940 manipulares
2027 3878 2112 3928 hic
2150 3877 2400 3941 intelligit
2422 3876 2724 3941 signiferos,

1661 3967 1842 4017 parum
1865 3968 1981 4003 meo
2011 3953 2221 4019 quidem
2246 3954 2455 4019 judicio
2474 3953 2725 4004 verisimi-

1653 4031 1799 4081 liter.
1864 4032 2113 4083 Quamvis
2152 4033 2263 4082 haec
2295 4030 2459 4081 fuerit
2492 4033 2723 4096 appella-

1658 4108 1815 4159 tionis
1839 4124 2012 4173 causa,
2026 4118 2086 4160 ut
2110 4109 2268 4160 Ovid.
2293 4123 2381 4160 111.
2404 4111 2546 4159 Fast.
2582 4110 2720 4158 clare

1659 4192 1786 4243 satis
1812 4193 1994 4242 docet:
2052 4190 2068 4217 ‘
2092 4190 2297 4255 Illoque
2318 4187 2385 4237 de
2418 4187 2558 4238 foeno
2577 4205 2594 4237 z
2628 4187 2720 4238 sed

1654 4277 1768 4321 erat
1792 4269 2086 4321 reverentia
2107 4267 2557 4333 foeno‚·Quantam
2584 4278 2718 4315 nunc
