<?xml version="1.0" encoding="UTF-8"?>
<!DOCTYPE html PUBLIC "-//W3C//DTD XHTML 1.0 Transitional//EN"
    "http://www.w3.org/TR/xhtml1/DTD/xhtml1-transitional.dtd">
<html xmlns="http://www.w3.org/1999/xhtml" xml:lang="en" lang="en">
 <head>
  <title>
</title>
<meta http-equiv="Content-Type" content="text/html;charset=utf-8" />
  <meta name='ocr-system' content='tesseract 3.04.00' />
  <meta name='ocr-capabilities' content='ocr_page ocr_carea ocr_par ocr_line ocrx_word'/>
</head>
<body>
  <div class='ocr_page' id='page_1' title='image "./operaomniaexedi04suetgoog_0467.png"; bbox 0 0 3019 4922; ppageno 0'>
   <div class='ocr_carea' id='block_1_1' title="bbox 1238 426 2510 490">
    <p class='ocr_par' dir='ltr' id='par_1_1' title="bbox 1238 426 2510 490">
     <span class='ocr_line' id='line_1_1' title="bbox 1238 426 2510 490; baseline 0.002 -3"><span class='ocrx_word' id='word_1_1' title='bbox 1238 438 1623 489; x_wconf 70' lang='lat' dir='ltr'><strong>Tumulus·</strong></span> <span class='ocrx_word' id='word_1_2' title='bbox 2380 426 2510 490; x_wconf 82' lang='grc'><strong>455</strong></span> 
     </span>
    </p>
   </div>
   <div class='ocr_carea' id='block_1_2' title="bbox 324 582 2517 1888">
    <p class='ocr_par' dir='ltr' id='par_1_2' title="bbox 324 582 2517 1888">
     <span class='ocr_line' id='line_1_2' title="bbox 326 582 2512 669; baseline 0 -21"><span class='ocrx_word' id='word_1_3' title='bbox 326 586 531 649; x_wconf 85' lang='lat' dir='ltr'><strong>etiam</strong></span> <span class='ocrx_word' id='word_1_4' title='bbox 562 583 942 669; x_wconf 80' lang='lat' dir='ltr'><strong>Principem</strong></span> <span class='ocrx_word' id='word_1_5' title='bbox 968 582 1455 652; x_wconf 83' lang='lat' dir='ltr'><strong>detrectabant⁸</strong></span> <span class='ocrx_word' id='word_1_6' title='bbox 1489 606 1619 651; x_wconf 92' lang='lat' dir='ltr'><strong>non</strong></span> <span class='ocrx_word' id='word_1_7' title='bbox 1651 605 1714 654; x_wconf 64' lang='lat' dir='ltr'><strong>ax</strong></span> <span class='ocrx_word' id='word_1_8' title='bbox 1743 604 1818 649; x_wconf 91' lang='lat' dir='ltr'><strong>se</strong></span> <span class='ocrx_word' id='word_1_9' title='bbox 1851 585 2105 665; x_wconf 89' lang='lat' dir='ltr'><strong>datum,</strong></span> <span class='ocrx_word' id='word_1_10' title='bbox 2125 604 2512 669; x_wconf 89' lang='lat' dir='ltr'><strong>summaque</strong></span> 
     </span>
     <span class='ocr_line' id='line_1_3' title="bbox 327 687 2517 773; baseline 0.001 -23"><span class='ocrx_word' id='word_1_11' title='bbox 327 687 397 750; x_wconf 79' lang='lat' dir='ltr'><strong>vi</strong></span> <span class='ocrx_word' id='word_1_12' title='bbox 416 687 940 766; x_wconf 56' lang='lat' dir='ltr'><strong>Germanicumy</strong></span> <span class='ocrx_word' id='word_1_13' title='bbox 967 688 1080 773; x_wconf 89' lang='lat' dir='ltr'><strong>qui</strong></span> <span class='ocrx_word' id='word_1_14' title='bbox 1104 696 1240 754; x_wconf 91' lang='lat' dir='ltr'><strong>tum</strong></span> <span class='ocrx_word' id='word_1_15' title='bbox 1270 691 1356 753; x_wconf 89' lang='lat' dir='ltr'><strong>iis</strong></span> <span class='ocrx_word' id='word_1_16' title='bbox 1381 694 1682 773; x_wconf 81' lang='lat' dir='ltr'><strong>praeerat,</strong></span> <span class='ocrx_word' id='word_1_17' title='bbox 1708 688 1791 753; x_wconf 90' lang='lat' dir='ltr'><strong>ad</strong></span> <span class='ocrx_word' id='word_1_18' title='bbox 1817 689 2287 773; x_wconf 81' lang='lat' dir='ltr'><strong>capessendam</strong></span> <span class='ocrx_word' id='word_1_19' title='bbox 2311 689 2517 752; x_wconf 87' lang='lat' dir='ltr'><strong>Rem·</strong></span> 
     </span>
     <span class='ocr_line' id='line_1_4' title="bbox 327 790 2514 876; baseline -0.001 -21"><span class='ocrx_word' id='word_1_20' title='bbox 327 793 663 876; x_wconf 78' lang='lat' dir='ltr'><strong>publicam</strong></span> <span class='ocrx_word' id='word_1_21' title='bbox 713 792 1165 875; x_wconf 86' lang='lat' dir='ltr'><strong>perurgebant,</strong></span> <span class='ocrx_word' id='word_1_22' title='bbox 1222 810 1604 875; x_wconf 88' lang='lat' dir='ltr'><strong>quanquam</strong></span> <span class='ocrx_word' id='word_1_23' title='bbox 1648 790 1994 855; x_wconf 90' lang='lat' dir='ltr'><strong>obfirmate</strong></span> <span class='ocrx_word' id='word_1_24' title='bbox 2013 800 2041 841; x_wconf 90' lang='lat'><strong>⁹</strong></span> <span class='ocrx_word' id='word_1_25' title='bbox 2088 793 2514 855; x_wconf 87' lang='lat' dir='ltr'><strong>resistentem.</strong></span> 
     </span>
     <span class='ocr_line' id='line_1_5' title="bbox 329 893 2514 978; baseline 0.001 -21"><span class='ocrx_word' id='word_1_26' title='bbox 329 893 545 974; x_wconf 85' lang='lat' dir='ltr'><strong>Quem</strong></span> <span class='ocrx_word' id='word_1_27' title='bbox 591 896 879 958; x_wconf 86' lang='lat' dir='ltr'><strong>maxime</strong></span> <span class='ocrx_word' id='word_1_28' title='bbox 929 915 1155 959; x_wconf 91' lang='lat' dir='ltr'><strong>casum</strong></span> <span class='ocrx_word' id='word_1_29' title='bbox 1207 897 1501 972; x_wconf 78' lang='lat' dir='ltr'><strong>timenS,q</strong></span> <span class='ocrx_word' id='word_1_30' title='bbox 1551 902 1778 978; x_wconf 85' lang='lat' dir='ltr'><strong>partes</strong></span> <span class='ocrx_word' id='word_1_31' title='bbox 1825 894 1977 972; x_wconf 90' lang='lat' dir='ltr'><strong>sibi,</strong></span> <span class='ocrx_word' id='word_1_32' title='bbox 2020 913 2190 978; x_wconf 91' lang='lat' dir='ltr'><strong>quas</strong></span> <span class='ocrx_word' id='word_1_33' title='bbox 2236 893 2514 959; x_wconf 90' lang='lat' dir='ltr'><strong>Senatui</strong></span> 
     </span>
     <span class='ocr_line' id='line_1_6' title="bbox 325 996 2517 1081; baseline -0 -22"><span class='ocrx_word' id='word_1_34' title='bbox 325 996 588 1072; x_wconf 89' lang='lat' dir='ltr'><strong>liberet,</strong></span> <span class='ocrx_word' id='word_1_35' title='bbox 619 998 898 1062; x_wconf 90' lang='lat' dir='ltr'><strong>tuendas</strong></span> <span class='ocrx_word' id='word_1_36' title='bbox 931 997 997 1060; x_wconf 91' lang='lat' dir='ltr'><strong>in</strong></span> <span class='ocrx_word' id='word_1_37' title='bbox 1027 997 1408 1081; x_wconf 85' lang='lat' dir='ltr'><strong>Republica</strong></span> <span class='ocrx_word' id='word_1_38' title='bbox 1438 996 1901 1080; x_wconf 65' lang='lat' dir='ltr'><strong>depoposcit-:⁸</strong></span> <span class='ocrx_word' id='word_1_39' title='bbox 1947 996 2219 1080; x_wconf 91' lang='lat' dir='ltr'><strong>quando</strong></span> <span class='ocrx_word' id='word_1_40' title='bbox 2251 996 2517 1059; x_wconf 89' lang='lat' dir='ltr'><strong>univer-</strong></span> 
     </span>
     <span class='ocr_line' id='line_1_7' title="bbox 328 1098 2516 1181; baseline -0.001 -19"><span class='ocrx_word' id='word_1_41' title='bbox 328 1117 422 1162; x_wconf 85' lang='lat' dir='ltr'><strong>sae</strong></span> <span class='ocrx_word' id='word_1_42' title='bbox 453 1098 751 1164; x_wconf 88' lang='lat' dir='ltr'><strong>sufficere</strong></span> <span class='ocrx_word' id='word_1_43' title='bbox 770 1099 959 1163; x_wconf 91' lang='lat' dir='ltr'><strong>solus</strong></span> <span class='ocrx_word' id='word_1_44' title='bbox 981 1107 1033 1137; x_wconf 80' lang='lat'><strong>¹0</strong></span> <span class='ocrx_word' id='word_1_45' title='bbox 1061 1118 1256 1162; x_wconf 92' lang='lat' dir='ltr'><strong>nemo</strong></span> <span class='ocrx_word' id='word_1_46' title='bbox 1282 1107 1540 1181; x_wconf 91' lang='lat' dir='ltr'><strong>posset,</strong></span> <span class='ocrx_word' id='word_1_47' title='bbox 1572 1098 1703 1162; x_wconf 92' lang='lat' dir='ltr'><strong>nisi</strong></span> <span class='ocrx_word' id='word_1_48' title='bbox 1750 1118 1900 1163; x_wconf 88' lang='lat' dir='ltr'><strong>cum</strong></span> <span class='ocrx_word' id='word_1_49' title='bbox 1930 1100 2159 1176; x_wconf 87' lang='lat' dir='ltr'><strong>altero,</strong></span> <span class='ocrx_word' id='word_1_50' title='bbox 2179 1098 2287 1163; x_wconf 87' lang='lat' dir='ltr'><strong>vel</strong></span> <span class='ocrx_word' id='word_1_51' title='bbox 2309 1099 2516 1161; x_wconf 85' lang='lat' dir='ltr'><strong>etiam</strong></span> 
     </span>
     <span class='ocr_line' id='line_1_8' title="bbox 327 1201 2513 1286; baseline -0.001 -20"><span class='ocrx_word' id='word_1_52' title='bbox 327 1222 481 1267; x_wconf 86' lang='lat' dir='ltr'><strong>cum</strong></span> <span class='ocrx_word' id='word_1_53' title='bbox 518 1203 845 1285; x_wconf 91' lang='lat' dir='ltr'><strong>pluribus.</strong></span> <span class='ocrx_word' id='word_1_54' title='bbox 933 1203 1366 1267; x_wconf 82' lang='lat' dir='ltr'><strong>Simulavit¹¹</strong></span> <span class='ocrx_word' id='word_1_55' title='bbox 1407 1209 1479 1266; x_wconf 90' lang='lat' dir='ltr'><strong>et</strong></span> <span class='ocrx_word' id='word_1_56' title='bbox 1524 1201 1998 1278; x_wconf 89' lang='lat' dir='ltr'><strong>valetudinem,</strong></span> <span class='ocrx_word' id='word_1_57' title='bbox 2029 1222 2165 1286; x_wconf 92' lang='lat' dir='ltr'><strong>quo</strong></span> <span class='ocrx_word' id='word_1_58' title='bbox 2215 1201 2513 1284; x_wconf 78' lang='lat' dir='ltr'><strong>aequiore</strong></span> 
     </span>
     <span class='ocr_line' id='line_1_9' title="bbox 327 1305 2514 1382; baseline -0.001 -13"><span class='ocrx_word' id='word_1_59' title='bbox 327 1306 550 1377; x_wconf 87' lang='lat' dir='ltr'><strong>animo</strong></span> <span class='ocrx_word' id='word_1_60' title='bbox 599 1306 1034 1371; x_wconf 86' lang='lat' dir='ltr'><strong>Germanicus</strong></span> <span class='ocrx_word' id='word_1_61' title='bbox 1079 1307 1354 1371; x_wconf 87' lang='lat' dir='ltr'><strong>celerem</strong></span> <span class='ocrx_word' id='word_1_62' title='bbox 1404 1306 1915 1382; x_wconf 88' lang='lat' dir='ltr'><strong>successionem,</strong></span> <span class='ocrx_word' id='word_1_63' title='bbox 1958 1305 2064 1369; x_wconf 86' lang='lat' dir='ltr'><strong>vel</strong></span> <span class='ocrx_word' id='word_1_64' title='bbox 2095 1310 2272 1369; x_wconf 87' lang='lat' dir='ltr'><strong>certe</strong></span> <span class='ocrx_word' id='word_1_65' title='bbox 2302 1306 2514 1367; x_wconf 89' lang='lat' dir='ltr'><strong>socie-</strong></span> 
     </span>
     <span class='ocr_line' id='line_1_10' title="bbox 327 1407 2512 1494; baseline -0.002 -19"><span class='ocrx_word' id='word_1_66' title='bbox 327 1416 529 1475; x_wconf 87' lang='lat' dir='ltr'><strong>tatem</strong></span> <span class='ocrx_word' id='word_1_67' title='bbox 576 1410 1016 1494; x_wconf 80' lang='lat' dir='ltr'><strong>principatuS,</strong></span> <span class='ocrx_word' id='word_1_68' title='bbox 1063 1411 1489 1494; x_wconf 86' lang='lat' dir='ltr'><strong>opperiretur.</strong></span> <span class='ocrx_word' id='word_1_69' title='bbox 1578 1407 1995 1492; x_wconf 91' lang='lat' dir='ltr'><strong>Compositis</strong></span> <span class='ocrx_word' id='word_1_70' title='bbox 2045 1407 2512 1481; x_wconf 78' lang='lat' dir='ltr'><strong>seditionibuS,</strong></span> 
     </span>
     <span class='ocr_line' id='line_1_11' title="bbox 327 1511 2513 1597; baseline -0.004 -20"><span class='ocrx_word' id='word_1_71' title='bbox 327 1512 726 1578; x_wconf 84' lang='lat' dir='ltr'><strong>Clementem</strong></span> <span class='ocrx_word' id='word_1_72' title='bbox 744 1519 765 1546; x_wconf 85' lang='lat'>⁸</span> <span class='ocrx_word' id='word_1_73' title='bbox 794 1533 1061 1597; x_wconf 93' lang='lat' dir='ltr'><strong>quoque</strong></span> <span class='ocrx_word' id='word_1_74' title='bbox 1092 1512 1325 1577; x_wconf 85' lang='lat' dir='ltr'><strong>fraude</strong></span> <span class='ocrx_word' id='word_1_75' title='bbox 1354 1512 1708 1594; x_wconf 89' lang='lat' dir='ltr'><strong>deceptum</strong></span> <span class='ocrx_word' id='word_1_76' title='bbox 1729 1511 1981 1594; x_wconf 86' lang='lat' dir='ltr'><strong>redegit</strong></span> <span class='ocrx_word' id='word_1_77' title='bbox 2001 1512 2068 1575; x_wconf 92' lang='lat' dir='ltr'><strong>in</strong></span> <span class='ocrx_word' id='word_1_78' title='bbox 2090 1515 2513 1594; x_wconf 88' lang='lat' dir='ltr'><strong>potestatem.</strong></span> 
     </span>
     <span class='ocr_line' id='line_1_12' title="bbox 324 1610 2515 1699; baseline -0.003 -20"><span class='ocrx_word' id='word_1_79' title='bbox 324 1615 677 1693; x_wconf 84' lang='lat' dir='ltr'><strong>Libonem,</strong></span> <span class='ocrx_word' id='word_1_80' title='bbox 712 1635 797 1679; x_wconf 91' lang='lat' dir='ltr'><strong>ne</strong></span> <span class='ocrx_word' id='word_1_81' title='bbox 845 1615 1002 1699; x_wconf 91' lang='lat' dir='ltr'><strong>quid</strong></span> <span class='ocrx_word' id='word_1_82' title='bbox 1042 1616 1111 1678; x_wconf 93' lang='lat' dir='ltr'><strong>in</strong></span> <span class='ocrx_word' id='word_1_83' title='bbox 1142 1616 1434 1680; x_wconf 87' lang='lat' dir='ltr'><strong>novitate</strong></span> <span class='ocrx_word' id='word_1_84' title='bbox 1472 1614 1783 1677; x_wconf 87' lang='lat' dir='ltr'><strong>acerbius</strong></span> <span class='ocrx_word' id='word_1_85' title='bbox 1827 1614 2033 1692; x_wconf 90' lang='lat' dir='ltr'><strong>fieret,</strong></span> <span class='ocrx_word' id='word_1_86' title='bbox 2076 1611 2371 1676; x_wconf 91' lang='lat' dir='ltr'><strong>secundo</strong></span> <span class='ocrx_word' id='word_1_87' title='bbox 2402 1610 2515 1673; x_wconf 91' lang='lat' dir='ltr'><strong>de-</strong></span> 
     </span>
     <span class='ocr_line' id='line_1_13' title="bbox 325 1717 2514 1801; baseline -0.004 -18"><span class='ocrx_word' id='word_1_88' title='bbox 325 1739 507 1783; x_wconf 90' lang='lat' dir='ltr'><strong>mum</strong></span> <span class='ocrx_word' id='word_1_89' title='bbox 542 1737 715 1783; x_wconf 88' lang='lat' dir='ltr'><strong>anno</strong></span> <span class='ocrx_word' id='word_1_90' title='bbox 741 1719 809 1782; x_wconf 92' lang='lat' dir='ltr'><strong>in</strong></span> <span class='ocrx_word' id='word_1_91' title='bbox 840 1718 1094 1784; x_wconf 85' lang='lat' dir='ltr'><strong>Senatu</strong></span> <span class='ocrx_word' id='word_1_92' title='bbox 1127 1718 1454 1800; x_wconf 88' lang='lat' dir='ltr'><strong>coarguit,</strong></span> <span class='ocrx_word' id='word_1_93' title='bbox 1485 1717 1703 1782; x_wconf 89' lang='lat' dir='ltr'><strong>medio</strong></span> <span class='ocrx_word' id='word_1_94' title='bbox 1728 1719 2047 1801; x_wconf 89' lang='lat' dir='ltr'><strong>temporis</strong></span> <span class='ocrx_word' id='word_1_95' title='bbox 2077 1717 2297 1799; x_wconf 90' lang='lat' dir='ltr'><strong>spatio</strong></span> <span class='ocrx_word' id='word_1_96' title='bbox 2316 1721 2341 1749; x_wconf 82' lang='lat'>²</span> <span class='ocrx_word' id='word_1_97' title='bbox 2372 1718 2514 1777; x_wconf 89' lang='lat' dir='ltr'><strong>tan·</strong></span> 
     </span>
     <span class='ocr_line' id='line_1_14' title="bbox 324 1816 2514 1888; baseline -0.003 -2"><span class='ocrx_word' id='word_1_98' title='bbox 324 1831 466 1886; x_wconf 88' lang='lat' dir='ltr'><strong>tum</strong></span> <span class='ocrx_word' id='word_1_99' title='bbox 515 1842 754 1887; x_wconf 88' lang='lat' dir='ltr'><strong>cavere</strong></span> <span class='ocrx_word' id='word_1_100' title='bbox 801 1822 1174 1888; x_wconf 86' lang='lat' dir='ltr'><strong>contentus.</strong></span> <span class='ocrx_word' id='word_1_101' title='bbox 1293 1820 1475 1885; x_wconf 87' lang='lat' dir='ltr'><strong>Nam</strong></span> <span class='ocrx_word' id='word_1_102' title='bbox 1534 1826 1601 1885; x_wconf 92' lang='lat' dir='ltr'><strong>et</strong></span> <span class='ocrx_word' id='word_1_103' title='bbox 1641 1820 1815 1884; x_wconf 91' lang='lat' dir='ltr'><strong>inter</strong></span> <span class='ocrx_word' id='word_1_104' title='bbox 1847 1819 2214 1884; x_wconf 89' lang='lat' dir='ltr'><strong>Pontifices</strong></span> <span class='ocrx_word' id='word_1_105' title='bbox 2258 1816 2514 1881; x_wconf 87' lang='lat' dir='ltr'><strong>sacrifi-</strong></span> 
     </span>
    </p>
   </div>
   <div class='ocr_carea' id='block_1_3' title="bbox 323 2006 2508 2138">
    <p class='ocr_par' dir='ltr' id='par_1_3' title="bbox 323 2006 2508 2138">
     <span class='ocr_line' id='line_1_15' title="bbox 387 2006 2508 2071; baseline -0.002 -12"><span class='ocrx_word' id='word_1_106' title='bbox 387 2009 405 2043; x_wconf 77' lang='lat' dir='ltr'><strong>t</strong></span> <span class='ocrx_word' id='word_1_107' title='bbox 440 2009 612 2059; x_wconf 79' lang='lat' dir='ltr'><strong>Finxit</strong></span> <span class='ocrx_word' id='word_1_108' title='bbox 633 2011 779 2060; x_wconf 84' lang='lat' dir='ltr'><strong>etiam</strong></span> <span class='ocrx_word' id='word_1_109' title='bbox 799 2026 850 2060; x_wconf 75' lang='lat' dir='ltr'><strong>se</strong></span> <span class='ocrx_word' id='word_1_110' title='bbox 869 2010 1264 2059; x_wconf 76' lang='lat' dir='ltr'><strong>valetudinarium</strong></span> <span class='ocrx_word' id='word_1_111' title='bbox 1291 2022 1406 2071; x_wconf 78' lang='lat' dir='ltr'><strong>esse,</strong></span> <span class='ocrx_word' id='word_1_112' title='bbox 1435 2014 1490 2057; x_wconf 77' lang='lat' dir='ltr'><strong>ut</strong></span> <span class='ocrx_word' id='word_1_113' title='bbox 1517 2008 1828 2057; x_wconf 75' lang='lat' dir='ltr'><strong>Germanicus</strong></span> <span class='ocrx_word' id='word_1_114' title='bbox 1848 2012 2119 2071; x_wconf 82' lang='lat' dir='ltr'><strong>expectaret</strong></span> <span class='ocrx_word' id='word_1_115' title='bbox 2153 2006 2404 2069; x_wconf 74' lang='lat' dir='ltr'><strong>lubentius,</strong></span> <span class='ocrx_word' id='word_1_116' title='bbox 2423 2011 2508 2056; x_wconf 77' lang='lat' dir='ltr'><strong>aut</strong></span> 
     </span>
     <span class='ocr_line' id='line_1_16' title="bbox 323 2073 1893 2138; baseline -0.001 -13"><span class='ocrx_word' id='word_1_117' title='bbox 323 2090 374 2125; x_wconf 76' lang='lat' dir='ltr'><strong>se</strong></span> <span class='ocrx_word' id='word_1_118' title='bbox 396 2075 524 2126; x_wconf 78' lang='lat' dir='ltr'><strong>brevi</strong></span> <span class='ocrx_word' id='word_1_119' title='bbox 546 2091 878 2138; x_wconf 72' lang='lat' dir='ltr'><strong>successurum,</strong></span> <span class='ocrx_word' id='word_1_120' title='bbox 899 2081 984 2125; x_wconf 80' lang='lat' dir='ltr'><strong>aut</strong></span> <span class='ocrx_word' id='word_1_121' title='bbox 1000 2091 1111 2125; x_wconf 70' lang='lat' dir='ltr'><strong>sane</strong></span> <span class='ocrx_word' id='word_1_122' title='bbox 1130 2080 1380 2125; x_wconf 80' lang='lat' dir='ltr'><strong>venturum</strong></span> <span class='ocrx_word' id='word_1_123' title='bbox 1400 2074 1452 2121; x_wconf 80' lang='lat' dir='ltr'><strong>in</strong></span> <span class='ocrx_word' id='word_1_124' title='bbox 1471 2078 1654 2136; x_wconf 83' lang='lat' dir='ltr'><strong>partem</strong></span> <span class='ocrx_word' id='word_1_125' title='bbox 1678 2073 1893 2136; x_wconf 80' lang='lat' dir='ltr'><strong>Imperii.</strong></span> 
     </span>
    </p>
   </div>
   <div class='ocr_carea' id='block_1_4' title="bbox 1233 2220 1292 2240">
    <p class='ocr_par' dir='ltr' id='par_1_4' title="bbox 1233 2220 1292 2240">
     <span class='ocr_line' id='line_1_17' title="bbox 1233 2220 1292 2240; baseline 0 0"><span class='ocrx_word' id='word_1_126' title='bbox 1233 2220 1292 2240; x_wconf 62' lang='grc' dir='ltr'>Ν</span> 
     </span>
    </p>
   </div>
   <div class='ocr_carea' id='block_1_5' title="bbox 1298 2219 1601 2240">
    <p class='ocr_par' dir='ltr' id='par_1_5' title="bbox 1298 2219 1601 2240">
     <span class='ocr_line' id='line_1_18' title="bbox 1298 2219 1601 2240; baseline 0 2682"><span class='ocrx_word' id='word_1_127' title='bbox 1298 2219 1601 2240; x_wconf 95' lang='lat' dir='ltr'><strong> </strong></span> 
     </span>
    </p>
   </div>
   <div class='ocr_carea' id='block_1_6' title="bbox 310 2317 2520 2917">
    <p class='ocr_par' dir='ltr' id='par_1_6' title="bbox 310 2317 2520 2917">
     <span class='ocr_line' id='line_1_19' title="bbox 323 2317 2514 2388; baseline -0.004 -13"><span class='ocrx_word' id='word_1_128' title='bbox 323 2326 445 2375; x_wconf 83' lang='lat' dir='ltr'><strong>Urs·</strong></span> <span class='ocrx_word' id='word_1_129' title='bbox 465 2323 600 2374; x_wconf 86' lang='lat' dir='ltr'><strong>Edd.</strong></span> <span class='ocrx_word' id='word_1_130' title='bbox 620 2325 740 2373; x_wconf 82' lang='lat' dir='ltr'><strong>Bas.</strong></span> <span class='ocrx_word' id='word_1_131' title='bbox 764 2332 898 2388; x_wconf 87' lang='lat' dir='ltr'><strong>post.</strong></span> <span class='ocrx_word' id='word_1_132' title='bbox 953 2324 1253 2375; x_wconf 77' lang='lat' dir='ltr'><strong>Germanicis</strong></span> <span class='ocrx_word' id='word_1_133' title='bbox 1274 2324 1434 2374; x_wconf 79' lang='lat' dir='ltr'><strong>vind.</strong></span> <span class='ocrx_word' id='word_1_134' title='bbox 1450 2328 1499 2373; x_wconf 77' lang='lat'><strong>2.</strong></span> <span class='ocrx_word' id='word_1_135' title='bbox 1523 2326 1781 2374; x_wconf 86' lang='lat' dir='ltr'><strong>Fonc.-8</strong></span> <span class='ocrx_word' id='word_1_136' title='bbox 1813 2321 2035 2372; x_wconf 79' lang='lat' dir='ltr'><strong>Detruct.</strong></span> <span class='ocrx_word' id='word_1_137' title='bbox 2067 2318 2217 2369; x_wconf 86' lang='lat' dir='ltr'><strong>Huls.</strong></span> <span class='ocrx_word' id='word_1_138' title='bbox 2283 2317 2412 2367; x_wconf 73' lang='lat' dir='ltr'><strong>Mox</strong></span> <span class='ocrx_word' id='word_1_139' title='bbox 2434 2332 2514 2367; x_wconf 77' lang='lat' dir='ltr'><strong>ur·</strong></span> 
     </span>
     <span class='ocr_line' id='line_1_20' title="bbox 321 2382 2513 2469; baseline -0.003 -30"><span class='ocrx_word' id='word_1_140' title='bbox 321 2391 529 2469; x_wconf 68' lang='lat' dir='ltr'><strong>guebont</strong></span> <span class='ocrx_word' id='word_1_141' title='bbox 554 2391 631 2439; x_wconf 81' lang='lat' dir='ltr'><strong>vei</strong></span> <span class='ocrx_word' id='word_1_142' title='bbox 669 2391 902 2452; x_wconf 80' lang='lat' dir='ltr'><strong>urgebant</strong></span> <span class='ocrx_word' id='word_1_143' title='bbox 925 2391 1151 2439; x_wconf 86' lang='lat' dir='ltr'><strong>Medicei</strong></span> <span class='ocrx_word' id='word_1_144' title='bbox 1175 2405 1293 2439; x_wconf 90' lang='lat' dir='ltr'><strong>cnm</strong></span> <span class='ocrx_word' id='word_1_145' title='bbox 1324 2392 1454 2453; x_wconf 87' lang='lat' dir='ltr'><strong>Cop.</strong></span> <span class='ocrx_word' id='word_1_146' title='bbox 1490 2389 1722 2438; x_wconf 84' lang='lat' dir='ltr'><strong>Harlem.</strong></span> <span class='ocrx_word' id='word_1_147' title='bbox 1745 2389 1901 2437; x_wconf 87' lang='lat' dir='ltr'><strong>Fonc.</strong></span> <span class='ocrx_word' id='word_1_148' title='bbox 1945 2388 2112 2447; x_wconf 81' lang='lat' dir='ltr'><strong>Supra</strong></span> <span class='ocrx_word' id='word_1_149' title='bbox 2136 2382 2335 2433; x_wconf 80' lang='lat' dir='ltr'><strong>auctior</strong></span> <span class='ocrx_word' id='word_1_150' title='bbox 2357 2382 2513 2432; x_wconf 79' lang='lat' dir='ltr'><strong>lectio</strong></span> 
     </span>
     <span class='ocr_line' id='line_1_21' title="bbox 324 2448 2510 2532; baseline -0.004 -28"><span class='ocrx_word' id='word_1_151' title='bbox 324 2472 375 2505; x_wconf 78' lang='lat' dir='ltr'><strong>in</strong></span> <span class='ocrx_word' id='word_1_152' title='bbox 400 2456 523 2532; x_wconf 59' lang='lat' dir='ltr'><strong>Ljsl.</strong></span> <span class='ocrx_word' id='word_1_153' title='bbox 545 2465 600 2506; x_wconf 86' lang='lat' dir='ltr'><strong>et</strong></span> <span class='ocrx_word' id='word_1_154' title='bbox 623 2456 743 2520; x_wconf 86' lang='lat' dir='ltr'><strong>Cuj.</strong></span> <span class='ocrx_word' id='word_1_155' title='bbox 793 2455 958 2506; x_wconf 80' lang='lat' dir='ltr'><strong>Germ.</strong></span> <span class='ocrx_word' id='word_1_156' title='bbox 971 2455 1134 2516; x_wconf 81' lang='lat' dir='ltr'><strong>filium</strong></span> <span class='ocrx_word' id='word_1_157' title='bbox 1157 2455 1309 2506; x_wconf 76' lang='lat' dir='ltr'><strong>Drusi</strong></span> <span class='ocrx_word' id='word_1_158' title='bbox 1330 2457 1413 2519; x_wconf 78' lang='lat' dir='ltr'><strong>qui</strong></span> <span class='ocrx_word' id='word_1_159' title='bbox 1434 2461 1552 2514; x_wconf 81' lang='lat' dir='ltr'><strong>tum,</strong></span> <span class='ocrx_word' id='word_1_160' title='bbox 1587 2454 1740 2504; x_wconf 75' lang='lat' dir='ltr'><strong>fluis·</strong></span> <span class='ocrx_word' id='word_1_161' title='bbox 1761 2468 2025 2515; x_wconf 78' lang='lat' dir='ltr'><strong>summaque</strong></span> <span class='ocrx_word' id='word_1_162' title='bbox 2046 2452 2099 2500; x_wconf 78' lang='lat' dir='ltr'><strong>in</strong></span> <span class='ocrx_word' id='word_1_163' title='bbox 2124 2449 2387 2499; x_wconf 64' lang='lat' dir='ltr'><strong>Germ—9</strong></span> <span class='ocrx_word' id='word_1_164' title='bbox 2414 2448 2510 2496; x_wconf 84' lang='lat' dir='ltr'><strong>Ob-</strong></span> 
     </span>
     <span class='ocr_line' id='line_1_22' title="bbox 310 2513 2520 2598; baseline -0.004 -29"><span class='ocrx_word' id='word_1_165' title='bbox 310 2521 551 2598; x_wconf 51' lang='lat' dir='ltr'><strong>firmfftate</strong></span> <span class='ocrx_word' id='word_1_166' title='bbox 573 2523 729 2571; x_wconf 82' lang='lat' dir='ltr'><strong>Fouc.</strong></span> <span class='ocrx_word' id='word_1_167' title='bbox 763 2521 993 2570; x_wconf 72' lang='lat' dir='ltr'><strong>obstinate</strong></span> <span class='ocrx_word' id='word_1_168' title='bbox 1025 2523 1170 2571; x_wconf 85' lang='lat' dir='ltr'><strong>Cort.</strong></span> <span class='ocrx_word' id='word_1_169' title='bbox 1201 2528 1256 2570; x_wconf 91' lang='lat' dir='ltr'><strong>et</strong></span> <span class='ocrx_word' id='word_1_170' title='bbox 1277 2536 1437 2584; x_wconf 83' lang='lat' dir='ltr'><strong>marg.</strong></span> <span class='ocrx_word' id='word_1_171' title='bbox 1460 2520 1617 2568; x_wconf 74' lang='lat' dir='ltr'><strong>vind.</strong></span> <span class='ocrx_word' id='word_1_172' title='bbox 1640 2524 1689 2568; x_wconf 82' lang='lat'><strong>2.</strong></span> <span class='ocrx_word' id='word_1_173' title='bbox 1740 2518 1911 2566; x_wconf 80' lang='lat' dir='ltr'><strong>Etiam</strong></span> <span class='ocrx_word' id='word_1_174' title='bbox 1934 2517 2008 2565; x_wconf 79' lang='lat' dir='ltr'><strong>his</strong></span> <span class='ocrx_word' id='word_1_175' title='bbox 2032 2530 2126 2577; x_wconf 85' lang='lat' dir='ltr'><strong>pro</strong></span> <span class='ocrx_word' id='word_1_176' title='bbox 2149 2515 2230 2576; x_wconf 77' lang='lat' dir='ltr'><strong>iis,</strong></span> <span class='ocrx_word' id='word_1_177' title='bbox 2253 2513 2403 2562; x_wconf 84' lang='lat' dir='ltr'><strong>solita</strong></span> <span class='ocrx_word' id='word_1_178' title='bbox 2428 2524 2520 2561; x_wconf 42' lang='grc' dir='ltr'><strong>νεά</strong></span> 
     </span>
     <span class='ocr_line' id='line_1_23' title="bbox 325 2577 2516 2644; baseline -0.004 -10"><span class='ocrx_word' id='word_1_179' title='bbox 325 2595 559 2644; x_wconf 78' lang='lat' dir='ltr'><strong>natione,</strong></span> <span class='ocrx_word' id='word_1_180' title='bbox 593 2588 644 2636; x_wconf 90' lang='lat' dir='ltr'><strong>in</strong></span> <span class='ocrx_word' id='word_1_181' title='bbox 677 2588 804 2636; x_wconf 85' lang='lat' dir='ltr'><strong>Mss.</strong></span> <span class='ocrx_word' id='word_1_182' title='bbox 825 2595 881 2635; x_wconf 89' lang='lat' dir='ltr'><strong>et</strong></span> <span class='ocrx_word' id='word_1_183' title='bbox 903 2586 1036 2635; x_wconf 84' lang='lat' dir='ltr'><strong>Edd.</strong></span> <span class='ocrx_word' id='word_1_184' title='bbox 1061 2587 1341 2635; x_wconf 65' lang='lat' dir='ltr'><strong>vem—10</strong></span> <span class='ocrx_word' id='word_1_185' title='bbox 1374 2585 1563 2634; x_wconf 80' lang='lat' dir='ltr'><strong>Manet</strong></span> <span class='ocrx_word' id='word_1_186' title='bbox 1586 2585 1733 2632; x_wconf 86' lang='lat' dir='ltr'><strong>Torr.</strong></span> <span class='ocrx_word' id='word_1_187' title='bbox 1762 2585 1889 2630; x_wconf 73' lang='lat' dir='ltr'><strong>solus</strong></span> <span class='ocrx_word' id='word_1_188' title='bbox 1923 2582 2130 2641; x_wconf 83' lang='lat' dir='ltr'><strong>abesse,</strong></span> <span class='ocrx_word' id='word_1_189' title='bbox 2151 2594 2213 2627; x_wconf 84' lang='lat' dir='ltr'><strong>ac</strong></span> <span class='ocrx_word' id='word_1_190' title='bbox 2244 2577 2516 2627; x_wconf 84' lang='lat' dir='ltr'><strong>deleverat</strong></span> 
     </span>
     <span class='ocr_line' id='line_1_24' title="bbox 324 2642 2514 2716; baseline -0.005 -16"><span class='ocrx_word' id='word_1_191' title='bbox 324 2652 465 2715; x_wconf 79' lang='lat' dir='ltr'><strong>Lips.</strong></span> <span class='ocrx_word' id='word_1_192' title='bbox 487 2654 572 2702; x_wconf 76' lang='lat' dir='ltr'><strong>sol.</strong></span> <span class='ocrx_word' id='word_1_193' title='bbox 592 2652 706 2716; x_wconf 77' lang='lat' dir='ltr'><strong>suff.</strong></span> <span class='ocrx_word' id='word_1_194' title='bbox 728 2667 817 2701; x_wconf 80' lang='lat' dir='ltr'><strong>non</strong></span> <span class='ocrx_word' id='word_1_195' title='bbox 840 2652 1010 2700; x_wconf 78' lang='lat' dir='ltr'><strong>Pei-iz.</strong></span> <span class='ocrx_word' id='word_1_196' title='bbox 1035 2667 1064 2699; x_wconf 96' lang='lat' dir='ltr'><strong>a</strong></span> <span class='ocrx_word' id='word_1_197' title='bbox 1089 2667 1154 2699; x_wconf 88' lang='lat' dir='ltr'><strong>m.</strong></span> <span class='ocrx_word' id='word_1_198' title='bbox 1177 2666 1254 2714; x_wconf 88' lang='lat' dir='ltr'><strong>pr.</strong></span> <span class='ocrx_word' id='word_1_199' title='bbox 1271 2649 1360 2700; x_wconf 82' lang='lat' dir='ltr'><strong>sed</strong></span> <span class='ocrx_word' id='word_1_200' title='bbox 1384 2665 1517 2699; x_wconf 75' lang='lat' dir='ltr'><strong>nemo</strong></span> <span class='ocrx_word' id='word_1_201' title='bbox 1537 2650 1586 2697; x_wconf 89' lang='lat' dir='ltr'><strong>in</strong></span> <span class='ocrx_word' id='word_1_202' title='bbox 1611 2651 1869 2706; x_wconf 76' lang='lat' dir='ltr'><strong>marg.--l</strong></span> <span class='ocrx_word' id='word_1_203' title='bbox 1907 2644 2221 2695; x_wconf 74' lang='lat' dir='ltr'><strong>Assimulavit</strong></span> <span class='ocrx_word' id='word_1_204' title='bbox 2254 2643 2379 2692; x_wconf 75' lang='lat' dir='ltr'><strong>Lisl.</strong></span> <span class='ocrx_word' id='word_1_205' title='bbox 2398 2642 2514 2704; x_wconf 85' lang='lat' dir='ltr'><strong>Cuj.</strong></span> 
     </span>
     <span class='ocr_line' id='line_1_25' title="bbox 323 2709 2516 2777; baseline -0.005 -12"><span class='ocrx_word' id='word_1_206' title='bbox 323 2716 452 2765; x_wconf 81' lang='lat' dir='ltr'><strong>Mox</strong></span> <span class='ocrx_word' id='word_1_207' title='bbox 469 2732 773 2766; x_wconf 77' lang='lat' dir='ltr'><strong>successorem</strong></span> <span class='ocrx_word' id='word_1_208' title='bbox 795 2717 920 2765; x_wconf 81' lang='lat' dir='ltr'><strong>dant</strong></span> <span class='ocrx_word' id='word_1_209' title='bbox 939 2718 1087 2768; x_wconf 85' lang='lat' dir='ltr'><strong>Junt.</strong></span> <span class='ocrx_word' id='word_1_210' title='bbox 1112 2716 1240 2777; x_wconf 79' lang='lat' dir='ltr'><strong>Arg.</strong></span> <span class='ocrx_word' id='word_1_211' title='bbox 1267 2715 1384 2765; x_wconf 86' lang='lat' dir='ltr'><strong>Ald.</strong></span> <span class='ocrx_word' id='word_1_212' title='bbox 1404 2715 1607 2777; x_wconf 83' lang='lat' dir='ltr'><strong>Gryph.</strong></span> <span class='ocrx_word' id='word_1_213' title='bbox 1629 2713 1808 2775; x_wconf 85' lang='lat' dir='ltr'><strong>Steph.</strong></span> <span class='ocrx_word' id='word_1_214' title='bbox 1832 2712 2008 2760; x_wconf 83' lang='lat' dir='ltr'><strong>Plant.</strong></span> <span class='ocrx_word' id='word_1_215' title='bbox 2023 2710 2189 2760; x_wconf 88' lang='lat' dir='ltr'><strong>Colin.</strong></span> <span class='ocrx_word' id='word_1_216' title='bbox 2224 2709 2516 2758; x_wconf 81' lang='lat' dir='ltr'><strong>correxere</strong></span> 
     </span>
     <span class='ocr_line' id='line_1_26' title="bbox 322 2772 2515 2846; baseline -0.005 -14"><span class='ocrx_word' id='word_1_217' title='bbox 322 2783 466 2846; x_wconf 85' lang='lat' dir='ltr'><strong>Lips.</strong></span> <span class='ocrx_word' id='word_1_218' title='bbox 485 2789 538 2831; x_wconf 89' lang='lat' dir='ltr'><strong>et</strong></span> <span class='ocrx_word' id='word_1_219' title='bbox 559 2783 708 2833; x_wconf 82' lang='lat' dir='ltr'><strong>Torr.</strong></span> <span class='ocrx_word' id='word_1_220' title='bbox 774 2782 936 2830; x_wconf 84' lang='lat' dir='ltr'><strong>Paulo</strong></span> <span class='ocrx_word' id='word_1_221' title='bbox 958 2789 1078 2830; x_wconf 86' lang='lat' dir='ltr'><strong>ante</strong></span> <span class='ocrx_word' id='word_1_222' title='bbox 1101 2783 1173 2830; x_wconf 75' lang='lat' dir='ltr'><strong>vel</strong></span> <span class='ocrx_word' id='word_1_223' title='bbox 1189 2782 1358 2829; x_wconf 75' lang='lat' dir='ltr'><strong>saltem</strong></span> <span class='ocrx_word' id='word_1_224' title='bbox 1372 2779 1531 2828; x_wconf 78' lang='lat' dir='ltr'><strong>vind.</strong></span> <span class='ocrx_word' id='word_1_225' title='bbox 1555 2782 1701 2828; x_wconf 77' lang='lat'>1.-2</span> <span class='ocrx_word' id='word_1_226' title='bbox 1734 2778 1867 2826; x_wconf 84' lang='lat' dir='ltr'><strong>Med.</strong></span> <span class='ocrx_word' id='word_1_227' title='bbox 1883 2781 2011 2826; x_wconf 82' lang='lat' dir='ltr'><strong>tant.</strong></span> <span class='ocrx_word' id='word_1_228' title='bbox 2034 2780 2173 2837; x_wconf 86' lang='lat' dir='ltr'><strong>temp.</strong></span> <span class='ocrx_word' id='word_1_229' title='bbox 2193 2778 2318 2836; x_wconf 73' lang='lat' dir='ltr'><strong>spot.</strong></span> <span class='ocrx_word' id='word_1_230' title='bbox 2340 2772 2515 2821; x_wconf 84' lang='lat' dir='ltr'><strong>Periz.</strong></span> 
     </span>
     <span class='ocr_line' id='line_1_27' title="bbox 326 2836 2514 2917; baseline -0.005 -21"><span class='ocrx_word' id='word_1_231' title='bbox 326 2846 559 2898; x_wconf 75' lang='lat' dir='ltr'><strong>Harlem.</strong></span> <span class='ocrx_word' id='word_1_232' title='bbox 581 2846 740 2897; x_wconf 85' lang='lat' dir='ltr'><strong>vind.</strong></span> <span class='ocrx_word' id='word_1_233' title='bbox 764 2855 985 2911; x_wconf 80' lang='lat' dir='ltr'><strong>uterque</strong></span> <span class='ocrx_word' id='word_1_234' title='bbox 1008 2856 1063 2897; x_wconf 91' lang='lat' dir='ltr'><strong>et</strong></span> <span class='ocrx_word' id='word_1_235' title='bbox 1087 2845 1221 2895; x_wconf 86' lang='lat' dir='ltr'><strong>Edd.</strong></span> <span class='ocrx_word' id='word_1_236' title='bbox 1243 2846 1392 2917; x_wconf 77' lang='lat' dir='ltr'><strong>Vett.</strong></span> <span class='ocrx_word' id='word_1_237' title='bbox 1412 2843 1526 2894; x_wconf 83' lang='lat' dir='ltr'><strong>fere</strong></span> <span class='ocrx_word' id='word_1_238' title='bbox 1547 2857 1740 2893; x_wconf 85' lang='lat' dir='ltr'><strong>omnes.</strong></span> <span class='ocrx_word' id='word_1_239' title='bbox 1804 2840 1910 2892; x_wconf 85' lang='lat' dir='ltr'><strong>Sed</strong></span> <span class='ocrx_word' id='word_1_240' title='bbox 1932 2842 1999 2890; x_wconf 84' lang='lat' dir='ltr'><strong>ab</strong></span> <span class='ocrx_word' id='word_1_241' title='bbox 2035 2839 2134 2890; x_wconf 90' lang='lat' dir='ltr'><strong>Ed.</strong></span> <span class='ocrx_word' id='word_1_242' title='bbox 2156 2839 2337 2902; x_wconf 84' lang='lat' dir='ltr'><strong>Camp.</strong></span> <span class='ocrx_word' id='word_1_243' title='bbox 2362 2836 2514 2887; x_wconf 83' lang='lat' dir='ltr'><strong>abest</strong></span> 
     </span>
    </p>
   </div>
   <div class='ocr_carea' id='block_1_7' title="bbox 1325 2993 1544 3045">
    <p class='ocr_par' dir='ltr' id='par_1_7' title="bbox 1325 2993 1544 3045">
     <span class='ocr_line' id='line_1_28' title="bbox 1325 2993 1544 3045; baseline -0.014 0"><span class='ocrx_word' id='word_1_244' title='bbox 1325 2994 1378 3045; x_wconf 89' lang='lat' dir='ltr'>N</span> <span class='ocrx_word' id='word_1_245' title='bbox 1383 2993 1544 3044; x_wconf 87' lang='lat' dir='ltr'><strong>OTAE</strong></span> 
     </span>
    </p>
   </div>
   <div class='ocr_carea' id='block_1_8' title="bbox 322 3095 1384 4387">
    <p class='ocr_par' dir='ltr' id='par_1_8' title="bbox 322 3095 1378 3315">
     <span class='ocr_line' id='line_1_29' title="bbox 322 3095 1378 3148; baseline -0.006 0"><span class='ocrx_word' id='word_1_246' title='bbox 322 3097 442 3148; x_wconf 88' lang='lat' dir='ltr'><strong>Hoc</strong></span> <span class='ocrx_word' id='word_1_247' title='bbox 495 3111 648 3146; x_wconf 78' lang='lat' dir='ltr'><strong>sensu</strong></span> <span class='ocrx_word' id='word_1_248' title='bbox 703 3103 1002 3146; x_wconf 77' lang='lat' dir='ltr'><strong>constanter</strong></span> <span class='ocrx_word' id='word_1_249' title='bbox 1050 3095 1252 3144; x_wconf 85' lang='lat' dir='ltr'><strong>locutus</strong></span> <span class='ocrx_word' id='word_1_250' title='bbox 1295 3101 1378 3142; x_wconf 83' lang='lat' dir='ltr'><strong>est</strong></span> 
     </span>
     <span class='ocr_line' id='line_1_30' title="bbox 322 3171 1376 3235; baseline -0.005 -11"><span class='ocrx_word' id='word_1_251' title='bbox 322 3174 597 3224; x_wconf 82' lang='lat' dir='ltr'><strong>Suetonius</strong></span> <span class='ocrx_word' id='word_1_252' title='bbox 621 3173 671 3221; x_wconf 92' lang='lat' dir='ltr'><strong>in</strong></span> <span class='ocrx_word' id='word_1_253' title='bbox 698 3172 907 3222; x_wconf 85' lang='lat' dir='ltr'><strong>Othone</strong></span> <span class='ocrx_word' id='word_1_254' title='bbox 929 3187 1048 3235; x_wconf 87' lang='lat' dir='ltr'><strong>cap.</strong></span> <span class='ocrx_word' id='word_1_255' title='bbox 1084 3175 1135 3221; x_wconf 88' lang='grc'><strong>8.</strong></span> <span class='ocrx_word' id='word_1_256' title='bbox 1172 3178 1227 3221; x_wconf 90' lang='lat' dir='ltr'><strong>et</strong></span> <span class='ocrx_word' id='word_1_257' title='bbox 1246 3171 1376 3220; x_wconf 84' lang='lat' dir='ltr'><strong>Ves-</strong></span> 
     </span>
     <span class='ocr_line' id='line_1_31' title="bbox 325 3251 950 3315; baseline -0.016 -13"><span class='ocrx_word' id='word_1_258' title='bbox 325 3251 534 3315; x_wconf 73' lang='lat' dir='ltr'><strong>pasiano</strong></span> <span class='ocrx_word' id='word_1_259' title='bbox 561 3265 675 3313; x_wconf 86' lang='lat' dir='ltr'><strong>cap.</strong></span> <span class='ocrx_word' id='word_1_260' title='bbox 694 3254 744 3298; x_wconf 82' lang='lat'><strong>6.</strong></span> <span class='ocrx_word' id='word_1_261' title='bbox 945 3288 950 3292; x_wconf 90' lang='lat'>.</span> 
     </span>
    </p>

    <p class='ocr_par' dir='ltr' id='par_1_9' title="bbox 322 3322 1380 3763">
     <span class='ocr_line' id='line_1_32' title="bbox 326 3322 1380 3390; baseline -0.008 -11"><span class='ocrx_word' id='word_1_262' title='bbox 326 3364 331 3367; x_wconf 29' lang='grc' dir='ltr'><em>ψ</em></span> <span class='ocrx_word' id='word_1_263' title='bbox 386 3337 412 3371; x_wconf 80' lang='grc' dir='ltr'><strong>Ρ</strong></span> <span class='ocrx_word' id='word_1_264' title='bbox 437 3325 791 3390; x_wconf 77' lang='lat' dir='ltr'><strong>Germanicum]</strong></span> <span class='ocrx_word' id='word_1_265' title='bbox 831 3327 997 3378; x_wconf 83' lang='lat' dir='ltr'><strong>Quem</strong></span> <span class='ocrx_word' id='word_1_266' title='bbox 1023 3323 1257 3373; x_wconf 83' lang='lat' dir='ltr'><strong>Tiberius</strong></span> <span class='ocrx_word' id='word_1_267' title='bbox 1292 3322 1380 3372; x_wconf 83' lang='lat' dir='ltr'><strong>ad-</strong></span> 
     </span>
     <span class='ocr_line' id='line_1_33' title="bbox 322 3399 1379 3469; baseline -0.01 -13"><span class='ocrx_word' id='word_1_268' title='bbox 322 3412 614 3469; x_wconf 79' lang='lat' dir='ltr'><strong>optaverat,</strong></span> <span class='ocrx_word' id='word_1_269' title='bbox 650 3417 805 3466; x_wconf 82' lang='lat' dir='ltr'><strong>supra</strong></span> <span class='ocrx_word' id='word_1_270' title='bbox 833 3416 948 3464; x_wconf 80' lang='lat' dir='ltr'><strong>cap.</strong></span> <span class='ocrx_word' id='word_1_271' title='bbox 985 3406 1065 3449; x_wconf 85' lang='lat'><strong>15.</strong></span> <span class='ocrx_word' id='word_1_272' title='bbox 1132 3399 1287 3448; x_wconf 86' lang='lat' dir='ltr'><strong>Hunc</strong></span> <span class='ocrx_word' id='word_1_273' title='bbox 1323 3405 1379 3446; x_wconf 86' lang='lat' dir='ltr'><strong>et</strong></span> 
     </span>
     <span class='ocr_line' id='line_1_34' title="bbox 326 3472 1378 3546; baseline -0.01 -15"><span class='ocrx_word' id='word_1_274' title='bbox 326 3481 375 3531; x_wconf 87' lang='lat' dir='ltr'><strong>vi</strong></span> <span class='ocrx_word' id='word_1_275' title='bbox 398 3489 456 3532; x_wconf 91' lang='lat' dir='ltr'><strong>et</strong></span> <span class='ocrx_word' id='word_1_276' title='bbox 478 3480 720 3546; x_wconf 75' lang='lat' dir='ltr'><strong>precibus</strong></span> <span class='ocrx_word' id='word_1_277' title='bbox 755 3479 819 3528; x_wconf 83' lang='lat' dir='ltr'><strong>ad</strong></span> <span class='ocrx_word' id='word_1_278' title='bbox 842 3476 1113 3540; x_wconf 84' lang='lat' dir='ltr'><strong>imperium</strong></span> <span class='ocrx_word' id='word_1_279' title='bbox 1136 3472 1378 3522; x_wconf 86' lang='lat' dir='ltr'><strong>volebant</strong></span> 
     </span>
     <span class='ocr_line' id='line_1_35' title="bbox 327 3551 1378 3613; baseline -0.01 -6"><span class='ocrx_word' id='word_1_280' title='bbox 327 3559 566 3613; x_wconf 80' lang='lat' dir='ltr'><strong>evehere,</strong></span> <span class='ocrx_word' id='word_1_281' title='bbox 608 3564 669 3607; x_wconf 90' lang='lat' dir='ltr'><strong>ut</strong></span> <span class='ocrx_word' id='word_1_282' title='bbox 701 3555 835 3604; x_wconf 85' lang='lat' dir='ltr'><strong>infra</strong></span> <span class='ocrx_word' id='word_1_283' title='bbox 874 3551 1042 3612; x_wconf 82' lang='lat' dir='ltr'><strong>Calig.</strong></span> <span class='ocrx_word' id='word_1_284' title='bbox 1082 3563 1198 3612; x_wconf 86' lang='lat' dir='ltr'><strong>cap.</strong></span> <span class='ocrx_word' id='word_1_285' title='bbox 1238 3552 1287 3596; x_wconf 88' lang='lat'><strong>1.</strong></span> <span class='ocrx_word' id='word_1_286' title='bbox 1323 3554 1378 3597; x_wconf 89' lang='lat' dir='ltr'><strong>et</strong></span> 
     </span>
     <span class='ocr_line' id='line_1_36' title="bbox 324 3625 1376 3701; baseline -0.013 -15"><span class='ocrx_word' id='word_1_287' title='bbox 324 3637 576 3701; x_wconf 85' lang='lat' dir='ltr'><strong>praeclare</strong></span> <span class='ocrx_word' id='word_1_288' title='bbox 607 3648 669 3684; x_wconf 82' lang='lat' dir='ltr'><strong>ac</strong></span> <span class='ocrx_word' id='word_1_289' title='bbox 705 3631 819 3682; x_wconf 83' lang='lat' dir='ltr'><strong>fuse</strong></span> <span class='ocrx_word' id='word_1_290' title='bbox 838 3629 1045 3680; x_wconf 82' lang='lat' dir='ltr'><strong>Tacitus</strong></span> <span class='ocrx_word' id='word_1_291' title='bbox 1066 3627 1158 3676; x_wconf 89' lang='lat' dir='ltr'><strong>lib.</strong></span> <span class='ocrx_word' id='word_1_292' title='bbox 1196 3639 1236 3673; x_wconf 84' lang='grc' dir='ltr'><strong>ι.</strong></span> <span class='ocrx_word' id='word_1_293' title='bbox 1271 3625 1376 3674; x_wconf 89' lang='lat' dir='ltr'><strong>An-</strong></span> 
     </span>
     <span class='ocr_line' id='line_1_37' title="bbox 324 3714 426 3763; baseline -0.02 0"><span class='ocrx_word' id='word_1_294' title='bbox 324 3714 426 3763; x_wconf 82' lang='lat' dir='ltr'><strong>nal.</strong></span> 
     </span>
    </p>

    <p class='ocr_par' dir='ltr' id='par_1_10' title="bbox 324 3777 1384 4387">
     <span class='ocr_line' id='line_1_38' title="bbox 327 3777 1378 3845; baseline -0.01 -7"><span class='ocrx_word' id='word_1_295' title='bbox 327 3820 335 3829; x_wconf 80' lang='lat'><strong>·</strong></span> <span class='ocrx_word' id='word_1_296' title='bbox 390 3798 415 3832; x_wconf 67' lang='grc' dir='ltr'><strong>«ι</strong></span> <span class='ocrx_word' id='word_1_297' title='bbox 452 3789 604 3845; x_wconf 74' lang='lat' dir='ltr'><strong>Quem</strong></span> <span class='ocrx_word' id='word_1_298' title='bbox 627 3785 831 3834; x_wconf 76' lang='lat' dir='ltr'><strong>maxime</strong></span> <span class='ocrx_word' id='word_1_299' title='bbox 861 3796 1020 3831; x_wconf 72' lang='lat' dir='ltr'><strong>cusum</strong></span> <span class='ocrx_word' id='word_1_300' title='bbox 1043 3780 1236 3844; x_wconf 75' lang='lat' dir='ltr'><strong>timens]</strong></span> <span class='ocrx_word' id='word_1_301' title='bbox 1296 3777 1378 3827; x_wconf 90' lang='lat' dir='ltr'><strong>Ne</strong></span> 
     </span>
     <span class='ocr_line' id='line_1_39' title="bbox 327 3853 1378 3919; baseline -0.014 -2"><span class='ocrx_word' id='word_1_302' title='bbox 327 3853 533 3917; x_wconf 72' lang='lat' dir='ltr'><strong>tan&#39;dem</strong></span> <span class='ocrx_word' id='word_1_303' title='bbox 555 3869 797 3912; x_wconf 83' lang='lat' dir='ltr'><strong>exoratus</strong></span> <span class='ocrx_word' id='word_1_304' title='bbox 820 3857 1159 3909; x_wconf 85' lang='lat' dir='ltr'><strong>Germanicus</strong></span> <span class='ocrx_word' id='word_1_305' title='bbox 1189 3855 1378 3919; x_wconf 90' lang='lat' dir='ltr'><strong>princi-</strong></span> 
     </span>
     <span class='ocr_line' id='line_1_40' title="bbox 327 3932 1374 4007; baseline -0.011 -15"><span class='ocrx_word' id='word_1_306' title='bbox 327 3951 508 4007; x_wconf 79' lang='lat' dir='ltr'><strong>patum</strong></span> <span class='ocrx_word' id='word_1_307' title='bbox 551 3940 830 4002; x_wconf 87' lang='lat' dir='ltr'><strong>acciperet.</strong></span> <span class='ocrx_word' id='word_1_308' title='bbox 890 3935 1099 3984; x_wconf 78' lang='lat' dir='ltr'><strong>Tacitus</strong></span> <span class='ocrx_word' id='word_1_309' title='bbox 1145 3932 1374 3981; x_wconf 86' lang='lat' dir='ltr'><strong>ibidem:</strong></span> 
     </span>
     <span class='ocr_line' id='line_1_41' title="bbox 324 4007 1378 4080; baseline -0.015 -9"><span class='ocrx_word' id='word_1_310' title='bbox 324 4021 341 4048; x_wconf 80' lang='lat'><strong>⁴</strong></span> <span class='ocrx_word' id='word_1_311' title='bbox 361 4020 533 4069; x_wconf 81' lang='lat' dir='ltr'><strong>Causa</strong></span> <span class='ocrx_word' id='word_1_312' title='bbox 556 4016 816 4080; x_wconf 82' lang='lat' dir='ltr'><strong>praecipua</strong></span> <span class='ocrx_word' id='word_1_313' title='bbox 835 4008 1164 4078; x_wconf 83' lang='lat' dir='ltr'><strong>(cunctandi)</strong></span> <span class='ocrx_word' id='word_1_314' title='bbox 1186 4024 1252 4057; x_wconf 81' lang='lat' dir='ltr'><strong>ex</strong></span> <span class='ocrx_word' id='word_1_315' title='bbox 1273 4007 1378 4056; x_wconf 88' lang='lat' dir='ltr'><strong>for·</strong></span> 
     </span>
     <span class='ocr_line' id='line_1_42' title="bbox 327 4085 1380 4150; baseline -0.013 -5"><span class='ocrx_word' id='word_1_316' title='bbox 327 4095 537 4150; x_wconf 84' lang='lat' dir='ltr'><strong>midine,</strong></span> <span class='ocrx_word' id='word_1_317' title='bbox 560 4107 626 4142; x_wconf 91' lang='lat' dir='ltr'><strong>ne</strong></span> <span class='ocrx_word' id='word_1_318' title='bbox 650 4089 1009 4150; x_wconf 83' lang='lat' dir='ltr'><strong>Germanicus,</strong></span> <span class='ocrx_word' id='word_1_319' title='bbox 1029 4087 1083 4135; x_wconf 86' lang='lat' dir='ltr'><strong>in</strong></span> <span class='ocrx_word' id='word_1_320' title='bbox 1108 4085 1251 4148; x_wconf 83' lang='lat' dir='ltr'><strong>cujus</strong></span> <span class='ocrx_word' id='word_1_321' title='bbox 1274 4099 1380 4132; x_wconf 88' lang='lat' dir='ltr'><strong>ma-</strong></span> 
     </span>
     <span class='ocr_line' id='line_1_43' title="bbox 327 4163 1381 4231; baseline -0.01 -9"><span class='ocrx_word' id='word_1_322' title='bbox 327 4187 399 4222; x_wconf 86' lang='lat' dir='ltr'><strong>nu</strong></span> <span class='ocrx_word' id='word_1_323' title='bbox 437 4178 521 4220; x_wconf 84' lang='lat' dir='ltr'><strong>tot</strong></span> <span class='ocrx_word' id='word_1_324' title='bbox 552 4169 799 4231; x_wconf 81' lang='lat' dir='ltr'><strong>legiones,</strong></span> <span class='ocrx_word' id='word_1_325' title='bbox 838 4167 1084 4214; x_wconf 85' lang='lat' dir='ltr'><strong>immensa</strong></span> <span class='ocrx_word' id='word_1_326' title='bbox 1125 4163 1381 4212; x_wconf 80' lang='lat' dir='ltr'><strong>sociorum</strong></span> 
     </span>
     <span class='ocr_line' id='line_1_44' title="bbox 327 4237 1384 4308; baseline -0.01 -11"><span class='ocrx_word' id='word_1_327' title='bbox 327 4248 541 4308; x_wconf 77' lang='lat' dir='ltr'><strong>auxilia,</strong></span> <span class='ocrx_word' id='word_1_328' title='bbox 572 4246 733 4295; x_wconf 86' lang='lat' dir='ltr'><strong>mirus</strong></span> <span class='ocrx_word' id='word_1_329' title='bbox 769 4241 907 4306; x_wconf 71' lang='lat' dir='ltr'><strong>apud</strong></span> <span class='ocrx_word' id='word_1_330' title='bbox 940 4242 1181 4304; x_wconf 84' lang='lat' dir='ltr'><strong>populum</strong></span> <span class='ocrx_word' id='word_1_331' title='bbox 1217 4237 1384 4301; x_wconf 81' lang='lat' dir='ltr'><strong>favor,</strong></span> 
     </span>
     <span class='ocr_line' id='line_1_45' title="bbox 327 4321 1380 4387; baseline -0.009 -13"><span class='ocrx_word' id='word_1_332' title='bbox 327 4324 520 4374; x_wconf 81' lang='lat' dir='ltr'><strong>habere</strong></span> <span class='ocrx_word' id='word_1_333' title='bbox 573 4321 841 4387; x_wconf 84' lang='lat' dir='ltr'><strong>imperium</strong></span> <span class='ocrx_word' id='word_1_334' title='bbox 894 4333 1046 4384; x_wconf 86' lang='lat' dir='ltr'><strong>quam</strong></span> <span class='ocrx_word' id='word_1_335' title='bbox 1102 4321 1380 4380; x_wconf 78' lang='lat' dir='ltr'><strong>expectare</strong></span> 
     </span>
    </p>
   </div>
   <div class='ocr_carea' id='block_1_9' title="bbox 1457 3089 2517 4364">
    <p class='ocr_par' dir='ltr' id='par_1_11' title="bbox 1457 3089 2162 3153">
     <span class='ocr_line' id='line_1_46' title="bbox 1457 3089 2162 3153; baseline -0.01 -11"><span class='ocrx_word' id='word_1_336' title='bbox 1457 3089 1672 3153; x_wconf 79' lang='lat' dir='ltr'><strong>mallet,’</strong></span> <span class='ocrx_word' id='word_1_337' title='bbox 1692 3091 1789 3139; x_wconf 74' lang='grc' dir='ltr'><strong>διο.</strong></span> <span class='ocrx_word' id='word_1_338' title='bbox 2157 3100 2162 3103; x_wconf 78' lang='grc'><em>“</em></span> 
     </span>
    </p>

    <p class='ocr_par' dir='ltr' id='par_1_12' title="bbox 1457 3155 2516 3596">
     <span class='ocr_line' id='line_1_47' title="bbox 1523 3155 2516 3230; baseline -0.013 -12"><span class='ocrx_word' id='word_1_339' title='bbox 1523 3177 1542 3202; x_wconf 78' lang='lat'>¹</span> <span class='ocrx_word' id='word_1_340' title='bbox 1575 3164 1882 3230; x_wconf 77' lang='lat' dir='ltr'><strong>Depoposcit]</strong></span> <span class='ocrx_word' id='word_1_341' title='bbox 1914 3162 2091 3213; x_wconf 87' lang='lat' dir='ltr'><strong>Innuit</strong></span> <span class='ocrx_word' id='word_1_342' title='bbox 2112 3159 2377 3210; x_wconf 83' lang='lat' dir='ltr'><strong>historiam</strong></span> <span class='ocrx_word' id='word_1_343' title='bbox 2398 3155 2516 3206; x_wconf 84' lang='lat' dir='ltr'><strong>Asi-</strong></span> 
     </span>
     <span class='ocr_line' id='line_1_48' title="bbox 1458 3235 2514 3309; baseline -0.012 -14"><span class='ocrx_word' id='word_1_344' title='bbox 1458 3245 1530 3295; x_wconf 89' lang='lat' dir='ltr'><strong>nii</strong></span> <span class='ocrx_word' id='word_1_345' title='bbox 1555 3245 1713 3306; x_wconf 78' lang='lat' dir='ltr'><strong>Gaui,</strong></span> <span class='ocrx_word' id='word_1_346' title='bbox 1733 3258 1883 3309; x_wconf 88' lang='lat' dir='ltr'><strong>quem</strong></span> <span class='ocrx_word' id='word_1_347' title='bbox 1906 3239 2144 3289; x_wconf 82' lang='lat' dir='ltr'><strong>Tiberius</strong></span> <span class='ocrx_word' id='word_1_348' title='bbox 2183 3243 2384 3285; x_wconf 78' lang='lat' dir='ltr'><strong>secreto</strong></span> <span class='ocrx_word' id='word_1_349' title='bbox 2400 3235 2514 3298; x_wconf 87' lang='lat' dir='ltr'><strong>jam</strong></span> 
     </span>
     <span class='ocr_line' id='line_1_49' title="bbox 1461 3311 2514 3382; baseline -0.01 -14"><span class='ocrx_word' id='word_1_350' title='bbox 1461 3320 1581 3368; x_wconf 89' lang='lat' dir='ltr'><strong>odio</strong></span> <span class='ocrx_word' id='word_1_351' title='bbox 1619 3318 2070 3382; x_wconf 36' lang='lat' dir='ltr'><strong>prosequebatur}</strong></span> <span class='ocrx_word' id='word_1_352' title='bbox 2115 3313 2334 3361; x_wconf 86' lang='lat' dir='ltr'><strong>duxerat</strong></span> <span class='ocrx_word' id='word_1_353' title='bbox 2381 3311 2514 3358; x_wconf 87' lang='lat' dir='ltr'><strong>enim</strong></span> 
     </span>
     <span class='ocr_line' id='line_1_50' title="bbox 1462 3391 2515 3460; baseline -0.009 -15"><span class='ocrx_word' id='word_1_354' title='bbox 1462 3394 1820 3460; x_wconf 80' lang='lat' dir='ltr'><strong>Agrippinam,</strong></span> <span class='ocrx_word' id='word_1_355' title='bbox 1861 3392 1926 3439; x_wconf 87' lang='lat' dir='ltr'><strong>de</strong></span> <span class='ocrx_word' id='word_1_356' title='bbox 1966 3406 2066 3455; x_wconf 86' lang='lat' dir='ltr'><strong>qua</strong></span> <span class='ocrx_word' id='word_1_357' title='bbox 2107 3402 2262 3450; x_wconf 86' lang='lat' dir='ltr'><strong>supra</strong></span> <span class='ocrx_word' id='word_1_358' title='bbox 2309 3401 2424 3448; x_wconf 79' lang='lat' dir='ltr'><strong>cap.</strong></span> <span class='ocrx_word' id='word_1_359' title='bbox 2466 3391 2515 3437; x_wconf 82' lang='lat'><strong>7.</strong></span> 
     </span>
     <span class='ocr_line' id='line_1_51' title="bbox 1459 3463 2514 3529; baseline -0.009 -9"><span class='ocrx_word' id='word_1_360' title='bbox 1459 3473 1590 3521; x_wconf 89' lang='lat' dir='ltr'><strong>Rem</strong></span> <span class='ocrx_word' id='word_1_361' title='bbox 1628 3469 1741 3518; x_wconf 82' lang='lat' dir='ltr'><strong>fuse</strong></span> <span class='ocrx_word' id='word_1_362' title='bbox 1777 3472 1951 3517; x_wconf 83' lang='lat' dir='ltr'><strong>narrat</strong></span> <span class='ocrx_word' id='word_1_363' title='bbox 1991 3477 2192 3529; x_wconf 84' lang='lat' dir='ltr'><strong>qnoque</strong></span> <span class='ocrx_word' id='word_1_364' title='bbox 2228 3463 2436 3510; x_wconf 80' lang='lat' dir='ltr'><strong>Tacitus</strong></span> <span class='ocrx_word' id='word_1_365' title='bbox 2476 3474 2514 3510; x_wconf 85' lang='lat'><strong>1.</strong></span> 
     </span>
     <span class='ocr_line' id='line_1_52' title="bbox 1457 3545 2514 3596; baseline -0.018 0"><span class='ocrx_word' id='word_1_366' title='bbox 1457 3545 1647 3596; x_wconf 84' lang='lat' dir='ltr'><strong>Annal.</strong></span> <span class='ocrx_word' id='word_1_367' title='bbox 2477 3558 2480 3561; x_wconf 58' lang='lat'>&gt;</span> <span class='ocrx_word' id='word_1_368' title='bbox 2511 3572 2514 3577; x_wconf 80' lang='grc'><strong>.</strong></span> 
     </span>
    </p>

    <p class='ocr_par' dir='ltr' id='par_1_13' title="bbox 1458 3615 2517 4364">
     <span class='ocr_line' id='line_1_53' title="bbox 1522 3615 2515 3682; baseline -0.015 -8"><span class='ocrx_word' id='word_1_369' title='bbox 1522 3631 1541 3656; x_wconf 87' lang='lat'>⁸</span> <span class='ocrx_word' id='word_1_370' title='bbox 1580 3619 1888 3682; x_wconf 79' lang='lat' dir='ltr'><strong>Clementem]</strong></span> <span class='ocrx_word' id='word_1_371' title='bbox 1943 3618 1999 3667; x_wconf 89' lang='lat' dir='ltr'><strong>Is</strong></span> <span class='ocrx_word' id='word_1_372' title='bbox 2024 3615 2308 3680; x_wconf 84' lang='lat' dir='ltr'><strong>Agrippam</strong></span> <span class='ocrx_word' id='word_1_373' title='bbox 2329 3627 2383 3662; x_wconf 86' lang='lat' dir='ltr'><strong>se</strong></span> <span class='ocrx_word' id='word_1_374' title='bbox 2406 3626 2515 3661; x_wconf 87' lang='lat' dir='ltr'><strong>mu-</strong></span> 
     </span>
     <span class='ocr_line' id='line_1_54' title="bbox 1459 3689 2514 3758; baseline -0.012 -8"><span class='ocrx_word' id='word_1_375' title='bbox 1459 3715 1583 3750; x_wconf 83' lang='lat' dir='ltr'><strong>nere</strong></span> <span class='ocrx_word' id='word_1_376' title='bbox 1606 3701 1759 3748; x_wconf 87' lang='lat' dir='ltr'><strong>denm</strong></span> <span class='ocrx_word' id='word_1_377' title='bbox 1781 3697 1934 3746; x_wconf 85' lang='lat' dir='ltr'><strong>morti</strong></span> <span class='ocrx_word' id='word_1_378' title='bbox 1959 3702 2193 3758; x_wconf 84' lang='lat' dir='ltr'><strong>ereptum</strong></span> <span class='ocrx_word' id='word_1_379' title='bbox 2229 3689 2514 3741; x_wconf 87' lang='lat' dir='ltr'><strong>mentieba-</strong></span> 
     </span>
     <span class='ocr_line' id='line_1_55' title="bbox 1460 3767 2514 3839; baseline -0.011 -12"><span class='ocrx_word' id='word_1_380' title='bbox 1460 3785 1543 3827; x_wconf 89' lang='lat' dir='ltr'><strong>tur</strong></span> <span class='ocrx_word' id='word_1_381' title='bbox 1558 3794 1573 3839; x_wconf 74' lang='grc' dir='ltr'>ς</span> <span class='ocrx_word' id='word_1_382' title='bbox 1609 3784 1663 3825; x_wconf 84' lang='lat' dir='ltr'><strong>et</strong></span> <span class='ocrx_word' id='word_1_383' title='bbox 1680 3783 1694 3804; x_wconf 84' lang='lat'><em>‘</em></span> <span class='ocrx_word' id='word_1_384' title='bbox 1707 3770 2248 3839; x_wconf 79' lang='lat' dir='ltr'><strong>percontanti&#39;l&#39;iberio</strong></span> <span class='ocrx_word' id='word_1_385' title='bbox 2263 3767 2514 3832; x_wconf 87' lang='lat' dir='ltr'><strong>quomodo</strong></span> 
     </span>
     <span class='ocr_line' id='line_1_56' title="bbox 1464 3842 2516 3919; baseline -0.014 -14"><span class='ocrx_word' id='word_1_386' title='bbox 1464 3854 1703 3919; x_wconf 85' lang='lat' dir='ltr'><strong>Agrippa</strong></span> <span class='ocrx_word' id='word_1_387' title='bbox 1745 3851 1915 3900; x_wconf 87' lang='lat' dir='ltr'><strong>factus</strong></span> <span class='ocrx_word' id='word_1_388' title='bbox 1960 3848 2135 3897; x_wconf 77' lang='lat' dir='ltr'><strong>esset?</strong></span> <span class='ocrx_word' id='word_1_389' title='bbox 2190 3842 2516 3906; x_wconf 83' lang='lat' dir='ltr'><strong>respondisse</strong></span> 
     </span>
     <span class='ocr_line' id='line_1_57' title="bbox 1458 3917 2515 3991; baseline -0.013 -11"><span class='ocrx_word' id='word_1_390' title='bbox 1458 3931 1643 3991; x_wconf 85' lang='lat' dir='ltr'><strong>fertur,</strong></span> <span class='ocrx_word' id='word_1_391' title='bbox 1664 3926 1933 3985; x_wconf 81' lang='lat' dir='ltr'><strong>Quomodo</strong></span> <span class='ocrx_word' id='word_1_392' title='bbox 1957 3932 2031 3981; x_wconf 83' lang='lat' dir='ltr'><strong>tu,</strong></span> <span class='ocrx_word' id='word_1_393' title='bbox 2056 3924 2245 3972; x_wconf 77' lang='lat' dir='ltr'><strong>Caesar.</strong></span> <span class='ocrx_word' id='word_1_394' title='bbox 2297 3919 2373 3968; x_wconf 90' lang='lat' dir='ltr'><strong>Ut</strong></span> <span class='ocrx_word' id='word_1_395' title='bbox 2394 3917 2515 3967; x_wconf 84' lang='lat' dir='ltr'><strong>ede-</strong></span> 
     </span>
     <span class='ocr_line' id='line_1_58' title="bbox 1459 3996 2517 4066; baseline -0.013 -9"><span class='ocrx_word' id='word_1_396' title='bbox 1459 4014 1541 4057; x_wconf 86' lang='lat' dir='ltr'><strong>ret</strong></span> <span class='ocrx_word' id='word_1_397' title='bbox 1568 4006 1733 4056; x_wconf 81' lang='lat' dir='ltr'><strong>socios</strong></span> <span class='ocrx_word' id='word_1_398' title='bbox 1760 4004 1924 4066; x_wconf 77' lang='lat' dir='ltr'><strong>subigi</strong></span> <span class='ocrx_word' id='word_1_399' title='bbox 1952 4017 2052 4050; x_wconf 89' lang='lat' dir='ltr'><strong>non</strong></span> <span class='ocrx_word' id='word_1_400' title='bbox 2080 3999 2250 4062; x_wconf 86' lang='lat' dir='ltr'><strong>potuit</strong></span> <span class='ocrx_word' id='word_1_401' title='bbox 2267 3996 2309 4057; x_wconf 86' lang='lat'><strong>;&#39;</strong></span> <span class='ocrx_word' id='word_1_402' title='bbox 2354 4011 2517 4061; x_wconf 82' lang='lat' dir='ltr'><strong>quan·</strong></span> 
     </span>
     <span class='ocr_line' id='line_1_59' title="bbox 1461 4073 2515 4147; baseline -0.011 -15"><span class='ocrx_word' id='word_1_403' title='bbox 1461 4097 1609 4147; x_wconf 86' lang='lat' dir='ltr'><strong>quam</strong></span> <span class='ocrx_word' id='word_1_404' title='bbox 1634 4080 1781 4130; x_wconf 80' lang='lat' dir='ltr'><strong>multi</strong></span> <span class='ocrx_word' id='word_1_405' title='bbox 1818 4094 1884 4128; x_wconf 84' lang='lat' dir='ltr'><strong>ex</strong></span> <span class='ocrx_word' id='word_1_406' title='bbox 1920 4077 2032 4141; x_wconf 81' lang='lat' dir='ltr'><strong>ipsa</strong></span> <span class='ocrx_word' id='word_1_407' title='bbox 2060 4073 2324 4136; x_wconf 80' lang='lat' dir='ltr'><strong>Principis</strong></span> <span class='ocrx_word' id='word_1_408' title='bbox 2363 4073 2515 4121; x_wconf 87' lang='lat' dir='ltr'><strong>domo</strong></span> 
     </span>
     <span class='ocr_line' id='line_1_60' title="bbox 1463 4148 2516 4216; baseline -0.012 -8"><span class='ocrx_word' id='word_1_409' title='bbox 1463 4165 1779 4208; x_wconf 78' lang='lat' dir='ltr'><strong>sustentasse</strong></span> <span class='ocrx_word' id='word_1_410' title='bbox 1816 4152 2177 4216; x_wconf 71' lang='lat' dir='ltr'><strong>illum„opibus</strong></span> <span class='ocrx_word' id='word_1_411' title='bbox 2213 4155 2270 4199; x_wconf 87' lang='lat' dir='ltr'><strong>et</strong></span> <span class='ocrx_word' id='word_1_412' title='bbox 2291 4148 2516 4199; x_wconf 84' lang='lat' dir='ltr'><strong>consiliis</strong></span> 
     </span>
     <span class='ocr_line' id='line_1_61' title="bbox 1461 4225 2515 4294; baseline -0.011 -9"><span class='ocrx_word' id='word_1_413' title='bbox 1461 4235 1780 4285; x_wconf 82' lang='lat' dir='ltr'><strong>dicerentur.</strong></span> <span class='ocrx_word' id='word_1_414' title='bbox 1863 4227 2052 4279; x_wconf 84' lang='lat' dir='ltr'><strong>Refert</strong></span> <span class='ocrx_word' id='word_1_415' title='bbox 2096 4241 2300 4294; x_wconf 84' lang='lat' dir='ltr'><strong>quoque</strong></span> <span class='ocrx_word' id='word_1_416' title='bbox 2353 4225 2515 4275; x_wconf 81' lang='lat' dir='ltr'><strong>fusius</strong></span> 
     </span>
     <span class='ocr_line' id='line_1_62' title="bbox 1460 4308 2057 4364; baseline -0.008 -4"><span class='ocrx_word' id='word_1_417' title='bbox 1460 4308 1673 4360; x_wconf 80' lang='lat' dir='ltr'><strong>Tacitus</strong></span> <span class='ocrx_word' id='word_1_418' title='bbox 1696 4308 1879 4357; x_wconf 85' lang='lat' dir='ltr'><strong>Annal.</strong></span> <span class='ocrx_word' id='word_1_419' title='bbox 1902 4319 1964 4357; x_wconf 82' lang='grc' dir='ltr'><strong>ιι.</strong></span> <span class='ocrx_word' id='word_1_420' title='bbox 2047 4356 2057 4364; x_wconf 66' lang='grc'>,</span> 
     </span>
    </p>
   </div>
  </div>
 </body>
</html>
