3019 4922
522 409 654 477 3³2
1252 481 1257 490 ,
1381 420 1850 476 usnemun

1084 537 1096 550 ”
1180 485 1367 578 fimi&

525 569 764 648 Ursae;
806 570 933 636 sed
960 577 1029 637 et
1055 555 1141 637 ca
1192 572 1250 637 is
1281 570 1707 656 quibusdam,
1739 590 1824 636 ex
1859 569 2192 654 prurigine
2216 577 2239 610 ⁶
2270 568 2571 654 corporis
2601 586 2708 634 as·

525 674 854 758 siduoque
902 682 968 739 et
1019 675 1394 740 vehementi
1442 676 1714 759 strigilis
1738 671 1760 710 f
1787 694 1910 739 usu
1971 665 2380 756 plurifariam
2428 690 2706 736 concre-

524 776 695 855 tis‚¹0
743 775 830 841 ad
872 777 1276 860 impetiginis
1331 777 1632 842 formam.
1704 775 2204 840 Coxendice¹⁸
2233 782 2302 840 et
2342 774 2591 839 femore
2641 778 2709 837 et

524 897 710 943 crure
742 880 1013 944 sinistro
1044 899 1175 944 non
1205 880 1474 963 perinde
1502 880 1788 955 valebat,
1817 887 1893 944 ut
1921 897 2107 960 saepe
2123 877 2324 942 etiam
2347 877 2500 940 iude
2518 872 2706 942 elau-

525 979 813 1046 dicaret:
858 981 980 1048 sed
1011 981 1303 1058 remedio
1345 981 1789 1046 habenarum²
1807 977 1834 1015 ¹²
1865 988 2064 1063 atque
2097 975 2523 1044 arundinumi
2552 998 2707 1044 cou-

1437 1157 1701 1178 “eecce“
1706 1157 1796 1177 ΟΝ
1830 1166 1836 1173 ι

522 1277 734 1328 Memm.
771 1273 899 1326 Tum
929 1276 1120 1327 Usursoe
1140 1276 1298 1327 Vind.
1324 1277 1370 1326 1.
1388 1290 1481 1340 pro
1512 1273 1799 1326 ζῆτα-10
1836 1275 2107 1326 Contractis
2123 1277 2296 1327 Perit.
2313 1276 2547 1326 Harlem.
2569 1273 2705 1326 Edd.

522 1342 674 1392 Rom.
691 1342 821 1392 Ven,
843 1349 909 1389 tr.
930 1344 1061 1390 Bon.
1078 1344 1201 1390 Bas.
1225 1341 1423 1405 Gryph.
1445 1348 1500 1389 et
1527 1348 1747 1391 receutt.
1771 1343 1927 1391 etiam
1947 1342 2149 1391 Pitisci.
2206 1341 2340 1391 Illud
2367 1350 2707 1404 reposuerunt

522 1420 553 1455 e
578 1407 707 1454 Mss.
730 1409 835 1454 suis
864 1408 1011 1455 Torr.
1036 1407 1255 1456 Casauh.
1287 1406 1426 1456 Oud.
1463 1406 1763 1469 aliique.—-l
1806 1408 1940 1456 Coxa
1971 1407 2125 1456 indice
2148 1408 2354 1456 Memm.
2385 1408 2514 1468 Cup.
2545 1406 2706 1456 Fouc.

520 1471 715 1520 Medic.
736 1472 888 1520 vind.
903 1481 1067 1537 uterq.
1085 1473 1230 1521 Voss.
1249 1471 1384 1520 Edd.
1411 1472 1557 1520 Rom.
1581 1471 1712 1519 Veu.
1733 1472 1922 1520 coxind.
1942 1472 2059 1536 Cuj.
2092 1472 2217 1520 Mox
2241 1471 2576 1521 inclaudicaret
2594 1472 2707 1519 Me-

521 1535 625 1584 dic.
654 1541 694 1583 l.
716 1541 764 1584 2.
788 1538 945 1585 Polit.
971 1538 1085 1599 Cuj.
1110 1538 1255 1585 VosS.
1280 1532 1416 1584 Duu.
1436 1536 1533 1585 iter
1554 1534 1890 1584 inclaudicaret
1915 1536 2350 1599 Cop.inc1attderet
2373 1536 2523 1585 Huls.
2551 1535 2708 1583 indica

517 1601 716 1651 claudie.
748 1602 902 1650 Vind.
925 1607 972 1652 2.
992 1617 1021 1649 a
1041 1616 1118 1664 pr.
1139 1617 1206 1651 m.
1227 1600 1519 1660 iterfaciens
1538 1601 1822 1650 claudicaret
1840 1600 1995 1650 vind.
2021 1606 2065 1650 l.
2084 1603 2283 1651 claudie.
2303 1601 2415 1650 siue
2428 1601 2538 1649 inde
2552 1601 2710 1649 Fouc.

520 1665 662 1715 Oud.
684 1667 818 1730 conj.
840 1667 891 1715 in
909 1667 1099 1728 itinere,
1120 1667 1213 1715 iter
1238 1665 1408 1726 iniens,
1434 1666 1666 1725 incedens,
1699 1665 1752 1713 in
1787 1665 1886 1729 oia,
1912 1666 1992 1714 vel
2030 1666 2235 1727 similia,
2266 1664 2359 1714 sed
2384 1665 2510 1714 nihil
2528 1665 2707 1713 statuit

521 1736 839 1781 certum—2
874 1732 1091 1795 Recepit
1120 1732 1340 1796 Baumg.
1378 1731 1792 1780 emendationem
1828 1730 2031 1780 Trilleri
2063 1732 2116 1781 in
2141 1731 2405 1795 Program.
2429 1729 2567 1795 quod
2592 1744 2708 1794 pro-

1506 1907 1721 1963 NOTAE

587 2034 610 2061 ⁸
645 2026 926 2090 prurigine]
962 2027 1358 2089 Demangeaison‚
1393 2034 1446 2076 et
1487 2027 1578 2076 im·
1657 2027 1770 2076 dite
1795 2026 2366 2091 discutitquaestiouem
2389 2038 2569 2074 auvos
2591 2025 2710 2073 ‘ha-

530 2105 707 2169 petigo
727 2106 946 2165 graecus,
964 2106 1237 2155 vernacula
1257 2106 1447 2169 lingua.

580 2175 603 2212 ¹
646 2181 893 2245 Strigilis]
945 2180 1356 2230 lustramentum
1395 2188 1476 2229 est
1511 2180 1575 2228 acl
1653 2186 1818 2230 ratur.
1861 2180 2040 2230 Celsus
2069 2181 2159 2229 lib.
2185 2194 2265 2231 tv,
2306 2194 2353 2229 c.
2384 2183 2467 2229 22.
2505 2179 2710 2228 harenis

1656 2117 1781 2151 rena
1799 2102 1816 2125 '
1845 2103 2188 2153 multitudiuis
2202 2117 2411 2152 numero
2434 2103 2566 2152 bene
2586 2101 2709 2152 effe·
2797 2119 2800 2124 ·

521 2256 876 2320 stringendum
917 2273 1118 2321 corpus,
1152 2260 1248 2308 hoc
1285 2265 1367 2308 est
1402 2258 1578 2307 deter-

523 2334 718 2399 gendas
742 2334 974 2399 corporis
1000 2335 1178 2385 sordes
1202 2336 1253 2384 iu
1295 2334 1493 2383 balneis
1521 2341 1578 2383 et

521 2411 814 2464 sudoribus.
882 2412 1112 2469 Persius,
1147 2419 1199 2461 et
1232 2412 1422 2465 Juveu.
1460 2412 1575 2461 Sat.

521 2502 609 2539 ιιι.
641 2490 701 2539 ‘1
741 2505 886 2554 puer,
909 2498 965 2540 et
995 2490 1218 2553 strigiles
1243 2489 1471 2554 Crispini
1511 2488 1576 2539 ad

521 2565 708 2615 balnea
737 2565 919 2616 defer.’
986 2565 1142 2619 Quod
1177 2566 1577 2615 instrumentum

521 2642 659 2704 apud
681 2643 821 2705 ipsos
858 2657 925 2692 ex
965 2658 1108 2705 auro,
1146 2650 1383 2706 argento,
1417 2639 1578 2691 ferro·

520 2732 643 2782 que,
663 2718 799 2782 apud
823 2735 913 2769 uos
937 2720 1076 2768 uullo
1084 2718 1195 2782 jam
1214 2719 1264 2766 in
1281 2733 1377 2768 usu
1393 2735 1407 2778 ;
1423 2733 1579 2782 equo·

520 2807 633 2843 rum
655 2796 849 2859 quippe
880 2794 1105 2857 strigiles
1128 2794 1339 2845 diversa
1361 2794 1577 2844 multum

521 2868 587 2918 ab
610 2870 835 2935 antiquis
858 2871 1041 2920 forma.

584 2952 610 2989 ⁸
648 2946 936 3008 Coxendice]
974 2947 1049 2996 Os
1072 2946 1216 3008 illud,
1239 2960 1340 3010 quo
1364 2943 1580 2994 femoris

520 3032 683 3083 caput
716 3017 1000 3084 excipitur,
1035 3031 1088 3071 et
1111 3022 1255 3087 quasi
1283 3020 1577 3070 vertebrum
1595 3049 1608 3065 κ

521 3106 618 3154 est,
655 3112 757 3162 quo
799 3095 998 3147 femora
1043 3105 1338 3160 vertuntur,
1378 3097 1581 3146 ‘coxa'

520 3170 578 3223 et
623 3180 637 3202 ‘
658 3168 941 3221 coxendix’
994 3173 1189 3222 dictum
1231 3179 1314 3223 est
1359 3173 1581 3234 Latinis,

521 3248 689 3303 nobis,
719 3249 766 3298 la
786 3249 983 3310 hamne,
1005 3248 1204 3298 Graecis
1230 3246 1409 3311 ἴσχων,
1436 3248 1578 3298 uude.

520 3325 788 3377 ischiadici
811 3334 866 3376 et
887 3327 1097 3376 ischiaci
1118 3328 1214 3378 hoc
1237 3329 1414 3378 morbo
1433 3328 1578 3377 labo-

518 3410 692 3454 rantes
716 3403 960 3453 dicuutur
972 3404 1147 3454 Gellio
1161 3404 1252 3454 lib.
1270 3418 1346 3454 iv.
1362 3420 1477 3468 cap.
1498 3410 1578 3455 13.

517 3480 630 3544 ipse
654 3470 861 3530 morbus
884 3479 1063 3543 ἴσχιὰς,
1090 3481 1467 3532 recentioribus
1490 3496 1579 3530 au·-

521 3566 626 3607 tem
667 3557 880 3606 medicis
913 3558 930 3588 ‘
955 3557 1201 3608 sciatica’
1235 3556 1577 3622 nuncupatur.

519 3633 711 3684 Femur
730 3641 903 3683 autem
923 3633 1152 3698 intellige
1189 3649 1242 3683 os
1274 3649 1307 3684 a
1341 3651 1476 3699 genu
1509 3635 1576 3685 ad

519 3724 702 3759 coxam
722 3718 1043 3774 protensum,
1065 3710 1203 3775 quod
1221 3711 1379 3760 totius
1393 3726 1577 3774 corpo·

522 3786 595 3833 ris
620 3785 966 3848 longissimum
988 3793 1100 3846 est3
1122 3801 1240 3835 crus
1266 3801 1387 3836 vero
1409 3795 1576 3837 totum

520 3862 648 3911 illud
683 3863 966 3913 membrum
990 3864 1126 3929 quod
1156 3878 1351 3928 perone
1374 3872 1429 3914 et
1453 3865 1578 3914 tibia

520 3940 841 3990 continetur.

587 4013 612 4045 h
650 4012 958 4065 Habeam-um
986 4015 1319 4080 [harenarum]
1357 4017 1455 4067 11ae
1491 4033 1580 4067 ca·

524 4089 616 4137 lidi
640 4088 855 4140 fomenti
878 4093 992 4142 loco
1018 4093 1427 4156 adhibebantur3
1463 4110 1579 4144 uar-

525 4173 709 4228 ratque
743 4166 941 4216 Gellius
978 4169 1070 4218 lib.
1106 4184 1228 4221 xxx.
1265 4186 1312 4221 c.
1338 4175 1385 4221 8.
1413 4172 1576 4222 virum

524 4239 779 4307 quendam
815 4256 965 4306 aqnae
998 4245 1269 4296 intercutis
1297 4248 1475 4299 morbo
1498 4263 1577 4298 sa·

523 4323 717 4374 natum,
735 4316 1028 4370 calentibus
1044 4320 1265 4387 harenis,
1280 4322 1442 4375 ubist
1460 4339 1577 4376 eru-

1655 2263 1711 2305 et
1739 2255 1921 2305 calidis
1942 2256 2328 2320 cataplasmatis
2347 2256 2598 2307 utendum
2617 2243 2712 2305 'do-

1654 2339 1740 2381 cet
1772 2332 1837 2380 ad
1862 2347 2106 2383 coxarum
2130 2333 2353 2383 dolores.
2409 2334 2479 2392 Et
2507 2331 2711 2381 Plinius

1656 2409 1748 2459 lib.
1782 2424 1948 2460 xxxi.
1984 2426 2100 2475 cap.
2122 2415 2172 2461 6.
2196 2412 2246 2460 id
2269 2425 2475 2477 quoque
2496 2411 2715 2461 remedii

1656 2488 1815 2538 tradit
1830 2489 2089 2539 siccandis
2111 2489 2511 2554 hydropicorum
2530 2504 2713 2554 corpo-

1654 2564 1815 2628 ribus,
1838 2573 1891 2614 et
1916 2566 2156 2615 sanandis
2182 2566 2244 2614 iis
2276 2567 2365 2631 qui
2407 2566 2714 2616 rheumatis·

1655 2655 1763 2690 mos
1786 2641 2032 2691 sentiunt.
2101 2642 2167 2692 Id
2191 2642 2397 2708 quidam
2423 2642 2494 2692 ita
2525 2643 2713 2694 intelli·

1656 2724 1807 2780 gunt,
1837 2726 1896 2767 ut
1927 2719 1978 2767 iu
2014 2719 2220 2769 calente
2257 2728 2313 2770 et
2352 2721 2459 2770 alta
2502 2721 2715 2785 harena,

1656 2797 1766 2843 sive
1802 2796 2020 2844 littorali
2046 2797 2151 2844 sive
2182 2793 2395 2852 fluviali,
2417 2797 2715 2848 deambula-

1657 2877 1803 2919 reutz
1830 2871 2141 2934 probabilius
2165 2872 2428 2921 existimat
2452 2873 2714 2923 Casaubo·

1656 2960 1753 2994 nus
1778 2946 1828 2994 in
1845 2947 1933 2995 ina
1947 2962 2062 2996 sese
2084 2947 2258 3011 potius
2280 2948 2556 2997 volutasse.
2586 2949 2712 2999 Cer-

1657 3029 1710 3071 te
1733 3022 1883 3084 bujus
1919 3022 2134 3071 remedii
2172 3023 2367 3072 mentio
2402 3024 2626 3086 plurima
2655 3022 2715 3072 fit

1656 3096 1709 3146 iu
1733 3105 1968 3149 veterum
1991 3099 2307 3149 medicorum
2326 3098 2505 3160 libris;
2540 3101 2713 3152 calore

1657 3173 1849 3238 quippe
1886 3183 1939 3225 et
1972 3175 2215 3225 siccitate
2237 3176 2420 3224 noxius
2438 3175 2626 3225 humor
2648 3189 2713 3224 ex

1654 3248 1890 3299 articulis
1914 3256 1968 3300 et
1993 3251 2105 3300 aliis
2127 3251 2329 3315 partibu
2352 3251 2713 3315 spellebatur3

1658 3326 1796 3391 quod
1818 3328 2053 3377 Lucanus
2077 3328 2286 3378 videtur
2305 3328 2520 3378 inuuere
2544 3328 2631 3378 lib.
2661 3341 2714 3376 v.

1658 3403 1724 3453 de
1755 3404 1947 3454 Antaeo
1971 3405 2201 3468 loquens,
2234 3403 2250 3431 ‘
2268 3403 2532 3454 Auxilium
2555 3418 2715 3454 mem·

1657 3481 1762 3531 bris
1782 3481 1973 3531 calidas
1997 3481 2188 3530 infudit
2211 3480 2467 3531 harenas.’

1667 3562 1670 3567 “
1719 3558 2083 3623 ’Ar-uminum]
2116 3560 2234 3609 Hoc
2273 3558 2506 3608 remedio
2539 3557 2711 3620 colligi

1656 3636 1882 3699 videtur,
1914 3636 2099 3685 malum
2139 3650 2243 3685 nou
2277 3635 2343 3685 ab
2374 3634 2590 3683 humore
2622 3633 2708 3683 de-

1655 3714 1821 3775 lapso,
1860 3712 1951 3761 sed
1987 3729 2017 3762 a
2055 3714 2236 3762 luxato
2275 3711 2576 3762 coxendicis
2597 3724 2710 3759 osse

1654 3800 1859 3839 ortum:
1894 3790 2167 3839 arundines
2200 3790 2336 3839 euim
2368 3788 2581 3849 virides,
2621 3801 2712 3851 per

1657 3867 1879 3917 medium
1902 3865 2139 3931 diffissus,
2156 3867 2346 3916 luxatis
2360 3864 2603 3915 membris
2620 3864 2709 3913 ad-

1656 3941 1925 4006 hibebant,
1948 3943 2151 3992 illarum
2174 3944 2354 4006 instar,
2372 3956 2499 4006 quas
2515 3941 2711 3990 chirur-

1657 4020 1707 4082 gi
1748 4021 1913 4069 nostri
1955 4018 2150 4069 ferulas
2194 4019 2486 4084 appellant,
2526 4015 2710 4082 quibus

1658 4095 1923 4145 commode
1967 4108 2063 4158 per
2102 4094 2326 4144 habenas
2369 4093 2591 4156 alligatis
2639 4090 2711 4140 sic

1657 4173 1884 4223 membra
1908 4174 2291 4237 constringunt,
2313 4167 2376 4221 ut
2402 4184 2517 4220 ossa
2535 4170 2712 4221 luxata

1657 4258 1807 4300 extra
1845 4248 2020 4299 sedem
2059 4263 2202 4299 suam
2238 4247 2447 4314 evagari
2470 4259 2574 4297 non
2598 4258 2709 4309 pos·

1656 4326 1757 4376 sint
1777 4326 2015 4391 amplius.
2082 4326 2216 4376 Cato
2250 4324 2343 4376 lib.
2373 4322 2440 4376 de
2475 4323 2555 4374 Re
2582 4322 2708 4373 Rus-
