3019 4922
1237 359 1502 412 OCTAVl
1516 360 1629 410 US·

2396 346 2530 415 lae

359 529 630 580 eausam
659 508 1117 593 optimatiumss
1159 507 1301 572 sine
1332 507 1753 572 cunctatione
1782 505 2095 587 deseruit,
2128 507 2214 573 ad
2241 513 2525 592 pratea·
2629 541 2633 546 ·

348 620 480 679 tum
509 619 785 680 mutatae
813 610 1166 676 voluntatis
1193 609 1378 675 dicta
1403 608 1725 693 factaque
1743 605 1772 644 ¹¹
1816 609 2231 694 quorundam
2270 611 2525 677 calum·

355 711 640 782 niatus:¹
684 716 880 798 quasi
920 713 1039 779 alii
1083 732 1158 779 se
1201 707 1609 798 ‘puerum‚'¹¹
1653 711 1768 777 alii
1813 717 1833 746 ‘
1862 713 2230 779 ornandum
2279 713 2525 779 tollen„

352 818 640 901 dumque
663 814 713 853 ’¹
762 816 1162 901 jactassent,
1210 824 1376 881 nec-⁷
1428 823 1547 882 aut
1599 815 1753 894 sibi,
1801 823 1921 881 aut
1968 817 2361 884 veteranism
2402 836 2526 901 pat

346 921 556 1004 gratia
584 918 976 986 referretur.⁸
1035 918 1126 984 Et
1155 938 1294 1003 quo
1325 919 1539 1001 magis
1568 917 2026 1003 poenitentiam
2050 918 2291 1001 prioris
2321 923 2525 984 sectae

1255 1101 1312 1121 CO

345 1222 375 1265 7
412 1218 570 1269 Omn.
593 1218 712 1268 libri
745 1219 872 1269 dant
894 1234 953 1268 ne
973 1226 1054 1269 aut
1078 1236 1121 1271 s.
1157 1235 1250 1286 pro
1274 1234 1373 1285 quo
1397 1218 1641 1284 legebant
1669 1233 1813 1281 neque
1842 1216 1994 1268 Torr.
2030 1215 2183 1266 Grut.
2218 1215 2529 1287 Freinshem3
2589 1229 2592 1234 ·

344 1291 430 1333 nec
448 1293 573 1334 ante
592 1284 807 1345 Baumg.
829 1284 1100 1334 ediderunt
1118 1285 1259 1336 Oud.
1277 1291 1331 1335 et
1355 1283 1479 1335 Ern.
1523 1284 1587 1333 In
1609 1284 1892 1345 Cort.jact.
1915 1281 2048 1345 quasi
2069 1283 2243 1330 nee-S
2280 1279 2529 1339 Μενεπ-

346 1354 427 1397 tsn·
449 1348 687 1399 Harlem.
749 1349 814 1399 In
828 1348 1044 1400 vinda.
1066 1349 1295 1413 Ninnios,
1315 1350 1412 1400 Ed.
1429 1349 1696 1414 pr.Graev.
1713 1354 1767 1397 et
1789 1347 1976 1397 Pitisc.
1994 1346 2269 1395 Nursiones.
2313 1343 2529 1394 Inverso

345 1413 454 1463 ord.
475 1430 583 1479 opp.
609 1414 710 1476 egit
748 1416 1126 1480 rescripserunt
1157 1415 1297 1467 Oud.
1318 1414 1474 1466 Wolf.
1513 1430 1629 1465 cum
1665 1412 1919 1466 nonnullis
1956 1409 2107 1462 codd.
2144 1416 2198 1459 et
2234 1408 2371 1460 Edd.
2407 1409 2529 1459 Bas.

1325 1561 1373 1612 N
1381 1560 1545 1612 01·AE

344 1657 360 1683 ‘
382 1670 476 1721 pro
510 1656 782 1721 patribus,'
813 1657 917 1707 ἆντὶ
948 1659 1038 1707 τοῦ
1071 1671 1162 1722 pro
1197 1658 1398 1723 Repub.

343 1732 448 1782 sive
472 1747 571 1797 pro
592 1734 966 1797 optimatibus,
983 1747 1095 1799 quae
1112 1742 1260 1784 erant
1283 1749 1397 1798 par·

345 1818 420 1862 tes
444 1812 802 1878 Pompeiane,
824 1814 890 1864 sit
913 1815 1225 1864 insolentius.

404 1898 428 1932 t
463 1889 805 1954 Optimatium]
872 1879 1015 1944 Quos
1069 1897 1149 1941 tot
1202 1892 1397 1942 exerci-

343 1957 484 2024 tuum
508 1981 764 2017 consensu
786 1969 1013 2033 potiores
1039 1966 1149 2018 fore
1170 1968 1398 2029 videbat,

343 2045 681 2110 timebatque,
705 2059 769 2094 ne
796 2046 841 2095 si
865 2045 1144 2097 Antonium
1176 2047 1399 2111 opprimi

343 2122 421 2171 vel
443 2121 772 2171 reconciliari
789 2121 1005 2184 sineret,
1022 2122 1399 2186 opprimeretur

341 2197 488 2261 ipse3
526 2198 618 2249 sed
640 2199 863 2249 maxime
893 2214 1007 2250 cum
1041 2199 1172 2250 inito
1198 2200 1308 2266 jam
1340 2199 1398 2250 li-

343 2279 572 2325 terarum
611 2278 938 2339 commercio,
968 2285 1023 2327 et
1055 2276 1197 2328 facta
1227 2277 1398 2327 condi-

342 2351 543 2401 tionum
578 2352 858 2411 mentione,
897 2352 1153 2405 Antonius
1183 2354 1400 2405 subinde

341 2427 907 2494 CaesaremAugustum
923 2430 1399 2498 admoneret,quam

339 2506 565 2556 inimica».
601 2507 701 2570 ipsi
743 2508 1077 2573 Pompeianae
1120 2517 1294 2574 partes
1327 2510 1400 2560 fo·

339 2592 473 2647 rent,
519 2591 574 2633 et
611 2584 663 2633 in
703 2584 840 2649 quod
881 2589 1215 2639 emersissent
1251 2588 1400 2641 fasti-

338 2660 494 2723 gium,
528 2660 957 2728 denuntiat-etque
989 2677 1046 2713 se
1079 2679 1195 2715 cum
1234 2666 1399 2716 Bruto

341 2738 646 2804 Cassioque,
666 2740 754 2803 qui
790 2740 902 2803 jam
933 2741 1304 2806 septemdecim
1326 2743 1398 2793 le·
1439 2785 1446 2793 .

338 2812 517 2877 ‘giones
569 2814 855 2880 habebant,
902 2817 1204 2882 junctarum
1261 2821 1397 2870 vires

337 2906 470 2948 suas,
515 2892 565 2942 si
619 2900 984 2956 aspernaretur
1024 2895 1137 2960 ejus
1184 2910 1398 2948 concor·

338 2967 494 3033 diam,
515 2970 841 3036 diceretque,
871 2972 986 3036 plus
1019 2972 1274 3023 Caesarem
1307 2988 1397 3038 pa-

341 3045 451 3109 tris,
474 3059 633 3112 qnam
654 3060 710 3095 se
730 3046 912 3097 ultioni
936 3047 1084 3098 amici
1107 3049 1316 3100 debere.

396 3121 424 3156 ἢ
446 3121 718 3188 Factaque]
744 3123 873 3174 Cum
892 3125 1028 3179 enim
1045 3124 1233 3182 omnia,
1252 3132 1395 3176 ante·
1414 3178 1420 3184 ,

339 3212 490 3262 quam
523 3196 799 3262 fugaretur
820 3197 1096 3264 Antonius,
1116 3200 1397 3253 honorifice

337 3275 389 3323 in
430 3275 693 3326 Caesarem
749 3276 1142 3341 exercitumque
1183 3276 1398 3328 decreta

339 3361 538 3417 essent,
573 3351 682 3416 jam
730 3352 823 3402 illo
865 3353 1023 3415 victo,
1064 3352 1396 3417 Pompeianis

337 3427 582 3489 partibus
605 3427 832 3477 redierat
851 3427 1066 3490 animus,
1087 3429 1255 3477 Bruto
1273 3429 1396 3479 Cas-

335 3503 517 3568 sioque
547 3503 849 3566 provinciae,
871 3517 997 3568 quas
1023 3501 1134 3565 jam
1162 3503 1259 3567 ipsi
1284 3504 1398 3553 sine

292 3640 295 3641 ⁷
337 3578 442 3629 ullo
463 3578 929 3629 senatusconsulto
949 3586 1288 3642 occuparent,
1307 3578 1398 3641 de·

336 3662 521 3721 cretae‚
565 3655 765 3706 laudati
803 3655 1113 3721 quicumque
1166 3655 1294 3720 ipsis
1341 3669 1398 3706 se

327 3729 630 3795 junxissent
654 3731 934 3789 exercitus,
956 3735 1056 3783 διο.

350 3872 357 3877 ¹
397 3806 413 3840 ¹
448 3806 805 3870 Uolumniam]
838 3808 1013 3871 Longe
1035 3805 1199 3870 abest,
1226 3814 1288 3859 nt
1309 3824 1394 3865 ca-

337 3883 701 3934 lumniatorem
717 3884 858 3935 illum
876 3882 1019 3935 dicat
1030 3884 1288 3948 Velleius3
1307 3887 1399 3937 ubi

338 3961 476 4010 enim
518 3960 698 4011 retulit
732 3960 947 4009 honores
983 3959 1185 4011 habitos
1227 3960 1397 4013 Bruto

339 4035 646 4101 Cassioque,
677 4035 944 4085 decretum
979 4035 1197 4087 Decimo
1232 4037 1398 4089 Bruto

338 4112 680 4176 triumphum,
715 4111 918 4176 sepulta
953 4112 1167 4181 honore‘
1184 4111 1397 4177 publico

338 4185 505 4238 Hirtii
551 4195 606 4238 et
634 4186 826 4237 'Pansae
862 4202 1097 4252 corpora,
1133 4188 1397 4255 subjungit

339 4258 501 4328 illico,
518 4264 736 4316 Coesaris
757 4264 1009 4331 (Augusti
1033 4264 1244 4331 nempe)
1267 4265 1396 4317 adeo

1480 1659 1620 1708 nulla
1639 1657 1816 1708 habita
1846 1657 2061 1717 mentio,
2082 1662 2138 1705 ut
2157 1654 2331 1720 legati,
2354 1653 2440 1720 qui
2464 1653 2532 1704 ad

1479 1736 1765 1786 exercitum
1788 1735 1901 1800 ejus
1937 1733 2076 1783 missi
2106 1731 2532 1796 erant,juberen·

1481 1823 1585 1879 tur,
1610 1822 1863 1865 summoto
1881 1828 1962 1874 eo,
1983 1811 2173 1862 milites
2188 1810 2399 1876 alloqui:
2427 1824 2532 1860 non

1476 1890 1578 1941 fuit
1599 1899 1703 1942 tam
1719 1892 1948 1955 ingratus
1966 1887 2241 1943 exercitus,
2254 1900 2406 1951 quam
2420 1883 2535 1938 fue·

1480 1975 1563 2017 rat
1584 1970 1836 2019 Senatus:
1863 1981 1979 2017 cum
2010 1966 2150 2015 illam
2173 1964 2410 2029 injuriam
2430 1963 2533 2015 dis-

1477 2043 1762 2095 simulando
1814 2043 1980 2093 ferret
2032 2042 2227 2102 Caesar,
2275 2054 2534 2104 negavere

1477 2121 1671 2171 milites
1704 2121 1811 2171 sine
1845 2121 2158 2184 imperatore
2197 2131 2289 2167 suo
2321 2116 2427 2166 ulla
2475 2131 2532 2168 se

1480 2197 1747 2248 audituros
1770 2196 2031 2256 mandata.

1543 2274 1567 2309 Β
1597 2277 1702 2327 Alii
1731 2292 1781 2327 se
1811 2275 2028 2341 puerum]
2064 2273 2141 2325 Ut
2173 2274 2369 2323 Brutus
2394 2274 2533 2338 apud
2624 2316 2627 2321 .

1480 2353 1783 2404 Ciceronem
1805 2352 1893 2403 lib.
1912 2366 1976 2404 11.
2000 2352 2255 2416 epist-20.
2288 2352 2303 2380 ‘
2328 2357 2386 2400 ut
2406 2366 2533 2416 pue·

1480 2445 1605 2482 rum.
1637 2431 1803 2496 ipsum
1843 2427 2069 2494 extulit,'
2106 2433 2161 2479 et
2198 2428 2355 2493 paulo
2400 2436 2536 2493 post,

1479 2511 1495 2538 ‘
1522 2508 1972 2572 misericordiaque
2007 2506 2173 2570 unius,
2194 2512 2249 2555 et
2272 2504 2358 2554 vix
2395 2519 2532 2555 nunc

1479 2587 1597 2651 viri,
1612 2587 1831 2638 tutiores
1852 2584 1965 2635 fore
1989 2582 2120 2649 nos,'
2137 2582 2349 2633 Atticus
2368 2575 2433 2632 ad
2448 2582 2533 2633 Ci-

1479 2675 1716 2713 ceronem
1730 2661 1981 2722 scribens,
2000 2661 2079 2709 ‘in
2096 2659 2374 2724 praesentia
2397 2657 2532 2708 belle

1478 2738 1580 2789 iste
1611 2752 1741 2802 puer
1775 2734 2009 2787 retundit
2042 2734 2378 2786 Antoniumz'
2408 2747 2533 2784 non-

1479 2815 1601 2865 dum
1634 2815 1769 2865 enim
1797 2815 2054 2878 ingressus
2087 2820 2202 2863 erat
2231 2811 2531 2864 vicesimum

1478 2905 1687 2942 annum.

1540 2967 1555 3001 ¹
1585 2968 1690 3027 ,Atii
1730 2968 1987 3016 mandam
2039 2965 2396 3029 tollendumque]
2451 2962 2531 3013 De

1477 3045 1575 3096 hoc
1608 3057 1810 3110 quoque
1841 3042 1917 3093 sic
1935 3042 2185 3105 Velleius,
2206 3042 2338 3092 ‘boc
2370 3043 2451 3092 e'st
2472 3042 2532 3090 il·
2591 3044 2598 3047 ’

1478 3122 1567 3173 lud
1596 3129 1799 3186 tempus
1822 3134 1923 3185 quo
1947 3120 2151 3184 Cicero,
2172 3119 2330 3195 insito
2358 3133 2531 3169 amore

1478 3196 1909 3263 Pompeianarum
1977 3195 2222 3260 partium,
2274 3196 2533 3247 Caesarem

1474 3270 1787 3325 laudandum
1831 3279 1884 3322 et
1939 3272 2217 3322 tollendum
2270 3272 2533 3334 censebat,

1475 3368 1593 3403 cum
1616 3350 1753 3401 aliud
1779 3349 1994 3414 diceret,
2017 3348 2156 3399 aliud
2181 3348 2402 3410 intelligi
2424 3347 2531 3397 vel-

1475 3426 1583 3477 let.’
1652 3427 1857 3489 Nempe
1880 3432 2095 3488 propter
2118 3424 2396 3487 ancipitem
2416 3438 2530 3472 ver-

1470 3503 1525 3553 bi
1558 3502 1574 3531 ‘
1594 3500 1875 3552 tollendum
1893 3500 1908 3523 ’
1935 3499 2378 3564 significationem.
2431 3500 2530 3550 Vel

1467 3581 1607 3632 enim
1623 3576 1899 3629 honoribus
1923 3578 2189 3638 extollere,
2209 3576 2293 3626 vel
2315 3591 2344 3625 e
2359 3574 2529 3625 medio

1469 3656 1675 3713 tollere,
1700 3653 1799 3703 hoc
1827 3659 1928 3719 est,
1962 3651 2301 3716 pessundare,
2334 3650 2528 3714 signifi-

1468 3742 1583 3786 cat:
1610 3749 1713 3800 quo
1724 3737 1986 3798 postremo
2004 3744 2157 3781 sensu
2176 3738 2448 3794 acceptum
2462 3729 2527 3779 ab

1471 3808 1733 3879 Augusto,
1757 3814 1906 3875 patet
1927 3822 1993 3857 ex
2014 3821 2079 3857 ea
2096 3806 2444 3872 epistola,qua
2463 3806 2528 3857 D.

1469 3882 1663 3937 Brutus
1703 3898 2003 3948 responsum
2043 3881 2173 3932 dicit
2222 3881 2286 3931 ab
2322 3896 2386 3932 eo
2419 3883 2527 3933 cui-

1477 3963 1594 4012 dam
1608 3962 1704 4011 hoc
1724 3958 1819 4010 sibi
1836 3958 1899 4008 de
1914 3958 2165 4009 Cicerone
2183 3955 2453 4024 referenti,
2472 3974 2529 4008 se

1475 4053 1579 4088 non
1602 4051 1715 4087 esse
1737 4035 2122 4085 commissurum
2139 4041 2198 4085 ut
2222 4035 2330 4086 tolli
2348 4036 2529 4100 possit.

1541 4121 1579 4147 Φ
1618 4109 1888 4175 Veteranio]
1922 4111 2153 4164 Quorum
2183 4126 2342 4176 opera
2363 4113 2416 4161 in
2438 4112 2529 4162 de-

1477 4187 1719 4239 bellando
1775 4187 2003 4240 Antonio
2045 4187 2219 4239 fuerat
2274 4204 2427 4249 usus;
2459 4188 2524 4238 de

1475 4265 1662 4332 quibus
1684 4266 1864 4330 supra:
