3019 4922
493 409 626 475 222
1355 413 1416 460 c.
1463 405 1818 459 sunroml

494 572 594 636 les
623 561 1031 652 triumphosf
1082 571 1213 626 tres
1262 559 1414 642 egit,
1460 553 1935 628 Dalmaticum,
1964 548 2343 626 Actiacum,
2375 544 2679 610 Alexan-

499 675 777 751 drinum,
817 668 1125 736 continuo
1157 661 1413 728 triduo¹
1448 677 1696 723 omneS.
1784 652 1944 734 [23]
1986 651 2249 717 Graves
2279 648 2696 731 ignominias*

498 777 860 860 cladesque
879 773 1049 837 duas
1075 767 1390 842 omnino,†
1425 782 1550 826 nec
1577 759 1733 825 alibi
1766 776 1966 841 quam
1990 756 2059 819 in
2081 753 2466 829 Germania,
2482 770 2677 817 acce-

498 879 624 962 pit,
649 877 1022 943 Lollianam
1044 877 1069 905 ²
1096 878 1122 916 ⁸
1150 874 1222 933 et
1237 864 1603 931 Varianam
1630 859 1678 926 :¹¹
1724 859 1847 925 sed
1871 858 2255 923 Lollianam
2278 855 2546 939 majoris
2574 855 2674 918 in-

497 981 746 1057 famiae,
776 977 972 1062 qu'am
1017 969 1428 1047 detrimenti3
1474 965 1842 1030 Varianam
1872 981 2067 1046 paene
2099 960 2526 1035 exitiabilem,
2558 959 2672 1021 tri-
2766 941 2774 949 ⁸

498 1087 625 1148 bus
654 1080 1032 1164 legionibus
1065 1094 1221 1140 cum
1249 1072 1422 1136 duce
1449 1062 1857 1152 legatisquei
1888 1071 1954 1129 et
2000 1063 2276 1127 auxiliis
2296 1058 2322 1096 ¹³
2369 1060 2680 1125 omnibus

499 1186 723 1252 caesis.
812 1182 968 1247 Hac
1015 1178 1332 1250 nuntiata,
1379 1166 1737 1237 excubias¹
1782 1188 1900 1253 per
1952 1166 2205 1231 Urbem
2252 1164 2546 1240 indixit,³
2600 1182 2681 1224 ne

501 1289 654 1373 quis
682 1283 1003 1352 tumultus
1035 1282 1390 1346 existeret:
1422 1282 1487 1340 et
1519 1271 1975 1358 praesidihusm
2006 1266 2500 1352 provinciarum
2524 1284 2683 1348 pro-

498 1390 769 1476 pagavit
794 1386 1160 1471 imperium,
1192 1388 1264 1446 ut
1293 1386 1364 1445 et
1390 1399 1433 1443 a
1460 1376 1741 1462 peritis*
1780 1379 1852 1437 et
1882 1371 2218 1436 assuetis¹²
2261 1368 2433 1434 socii
2465 1368 2681 1432 conti-

1417 1576 1443 1595 0
1449 1574 1503 1594 00
1507 1572 1680 1593 ”OOOO
1684 1571 1770 1592 000

501 1732 618 1768 cum
640 1716 788 1766 Vett.
812 1712 943 1764 Edd.
1007 1713 1137 1761 Tum
1161 1711 1372 1759 Memm.
1414 1705 1782 1757 tris.—l-Post
1827 1702 1985 1753 triduo
2023 1700 2366 1762 distinguunt,
2403 1705 2457 1747 et
2496 1711 2683 1747 novum

502 1784 630 1847 Cap.
664 1779 933 1843 incipiunt·
951 1777 1015 1827 ab
1054 1778 1195 1825 Omn.
1224 1789 1366 1837 grav.
1401 1772 1572 1822 Pel-iz.
1607 1777 1662 1819 et
1689 1769 1821 1818 Edd.
1843 1768 1983 1817 Vett.
2009 1766 2099 1815 sed
2118 1765 2297 1827 Steph.
2322 1763 2492 1812 omisit
2508 1778 2683 1812 omnes.

499 1848 563 1897 In
594 1846 749 1896 Vind.
774 1849 820 1894 1.
853 1858 945 1892 uno
966 1842 1124 1893 triduo
1145 1843 1366 1890 cmm-2
1398 1838 1647 1890 Lelianam
1670 1833 1821 1882 codd.
1842 1840 1895 1881 et
1919 1830 2050 1881 Edd.
2091 1830 2339 1894 quaedam.
2371 1829 2451 1877 sed
2482 1827 2688 1877 Lolliam

501 1911 728 1972 secundo
757 1911 873 1959 loco
893 1908 1032 1956 Ven.
1054 1911 1100 1955 3.
1168 1906 1339 1968 Supra
1359 1918 1450 1952 non
1467 1901 1581 1950 alibi
1598 1913 1772 1948 manus
1792 1898 1949 1946 Polit.
1974 1895 2212 1958 ascripsit
2236 1893 2334 1943 Ed.
2356 1893 2569 1942 Mediol.
2603 1893 2686 1941 sed

500 1978 727 2025 exulata
750 1973 903 2024 vind.
929 1976 978 2023 l.
1001 1978 1056 2020 et
1087 1986 1202 2020 aux.
1235 1966 1551 2018 communibus
1584 1972 1664 2013 est
1696 1965 1749 2013 in
1786 1961 1885 2011 Ed.
1923 1962 2071 2010 Rom.
2111 1961 2444 2022 utraque.—8
2480 1956 2686 2005 Induxit

502 2040 638 2089 Edd.
660 2041 807 2089 Rom.
830 2035 960 2086 Ven.
981 2041 1031 2085 2.
1056 2039 1103 2084 3.
1122 2033 1339 2083 Mediol.
1382 2032 1508 2081 Mox
1528 2044 1595 2078 ex
1618 2028 1769 2077 unico
1795 2027 1905 2075 Pal.
1928 2031 1978 2074 2.
1997 2033 2050 2073 et
2072 2024 2206 2074 Edd.
2223 2021 2343 2073 Seb.
2366 2021 2566 2085 Gryph:
2590 2021 2687 2071 Co·

499 2106 589 2153 lin.
633 2105 813 2153 Dolet.
835 2102 1012 2151 Plant.
1043 2100 1191 2147 Torr.
1211 2097 1410 2160 recepit
1431 2096 1555 2145 Ern.
1583 2091 1881 2156 prorogavit,
1900 2094 2054 2154 quem
2078 2089 2240 2138 secuti
2264 2088 2483 2151 Bip.—.⁴
2522 2085 2591 2135 Ut
2610 2100 2696 2133 as·.

501 2173 621 2220 suet.
635 2174 682 2219 et
702 2184 733 2217 a
747 2168 891 2232 perit.
925 2167 1069 2215 Ferr.
1093 2162 1286 2213 Medic.
1306 2166 1355 2212 2.
1377 2160 1515 2210 Edd.
1535 2158 1682 2208 Med.
1706 2155 1857 2208 Cald.
1890 2162 1943 2205 ut
1966 2170 1996 2216 a
2013 2155 2161 2205 suetis
2179 2158 2227 2203 et
2243 2167 2347 2216 per.
2377 2150 2536 2201 vind.
2562 2155 2608 2210 1.
2627 2157 2681 2200 et

1487 2339 1705 2393 NOTAE
1779 2419 1784 2426 .

501 2482 691 2533 vilibus
725 2481 991 2544 triumphi,
1013 2479 1153 2528 unde
1173 2479 1369 2529 Lucan.
1403 2476 1491 2526 lib.
1514 2489 1554 2526 1.
1698 2471 1713 2505 ¹
1744 2446 1966 2536 Legata]
2018 2467 2177 2517 Varia
2218 2474 2299 2516 est
2339 2465 2490 2529 hujus
2546 2465 2688 2514 vocis

501 2560 568 2609 de
591 2560 728 2608 illis:
758 2557 924 2607 ‘bella
939 2557 1050 2621 geri
1068 2555 1265 2619 placuit
1279 2554 1444 2602 nullos
1467 2553 1557 2601 ha·
1635 2549 1891 2611 acceptio.
1958 2544 2061 2596 Hic
2093 2542 2314 2606 intelligi
2334 2541 2527 2591 debere
2551 2541 2706 2593 vide-⁷

500 2636 678 2686 bitura
717 2631 1028 2698 triumphos!
1115 2633 1185 2682 Et
1227 2637 1459 2681 notatum
1501 2628 1555 2677 in
1635 2618 1721 2675 tur
1741 2623 1808 2673 de
1832 2623 1913 2687 iis,
1935 2623 2022 2688 qui
2045 2618 2446 2684 Magistratibus
2468 2632 2688 2680 peregre

499 2713 678 2765 Jul.c.
702 2716 785 2762 37.
1631 2699 1944 2766 profecturis
1984 2700 2066 2748 vel
2106 2696 2364 2746 dabantur
2401 2711 2431 2744 a
2468 2695 2688 2756 Senatu,

566 2788 586 2822 ¹
614 2790 814 2838 Cur-ales
846 2784 1131 2850 triumphos]
1167 2784 1285 2834 Hoc
1327 2788 1410 2832 est
1448 2797 1555 2832 ma-

488 2866 634 2929 jores
668 2864 730 2914 ad
756 2862 1013 2912 ovationis
1034 2859 1392 2911 differentiam.

567 2951 590 2996 †
627 2941 691 2988 A.
712 2939 782 2988 U.
802 2938 860 2988 C.
882 2942 996 2988 ⁷28.

564 3024 591 3060 8
622 3015 907 3078 Lollianam]
947 3012 1110 3076 Hujus
1133 3011 1410 3062 meminere
1452 3008 1555 3058 Dio

501 3094 594 3144 lib.
629 3105 744 3140 mv.
788 3098 841 3139 et
873 3089 1107 3157 Velleius
1148 3088 1237 3138 lib.
1280 3101 1344 3136 11.
1390 3101 1437 3136 c.
1473 3089 1556 3134 97.

502 3169 575 3218 Et
616 3175 836 3231 uterque
880 3167 993 3229 plus
1048 3164 1260 3214 terroris
1317 3162 1555 3212 attulisse

501 3259 652 3308 quam
690 3243 924 3307 periculi,
970 3242 1094 3290 satis
1139 3241 1325 3305 innuit,
1370 3239 1557 3287 amissa

502 3321 757 3370 duntaxat
774 3321 964 3384 quintae
994 3318 1208 3382 legionis
1228 3317 1415 3380 aquila.
1449 3316 1556 3365 Un-

500 3396 567 3445 de
610 3396 880 3447 Suetonius
916 3393 1309 3460 ignominiosam
1351 3390 1555 3442 cladem

503 3471 656 3521 dixit.
1082 3497 1087 3501 -

562 3547 588 3581 ¹²
627 3544 907 3608 Varianam]
941 3544 1210 3595 Cluverius
1233 3542 1324 3593 lib.
1350 3556 1436 3592 ιιι.
1467 3541 1554 3590 In·

499 3625 728 3675 troduct.
768 3639 817 3674 c.
851 3627 901 3674 8.
968 3621 1233 3685 Dulgibini
1280 3623 1557 3671 tennerunt

499 3701 637 3751 iuter
659 3700 904 3763 oppidum
927 3698 1275 3747 Paterbonam
1301 3703 1357 3745 et
1375 3694 1555 3743 Visur-

501 3778 604 3841 gim
630 3774 871 3842 (Weser),
902 3791 1002 3840 qua
1024 3775 1212 3824 Flotow
1229 3773 1278 3822 ei
1311 3771 1556 3835 oppidum

500 3851 828 3915 appositum:
865 3851 918 3899 iu
950 3849 1028 3898 his
1073 3847 1351 3900 Quintilius
1388 3847 1556 3895 Varus

501 3940 620 3976 cum
652 3926 815 3976 tribus
847 3924 1136 3989 legionibus
1166 3938 1330 3974 caesus
1365 3922 1429 3972 ab
1458 3920 1557 3972 Ar·

499 4001 676 4063 minio,
709 4001 1080 4051 Cheruscorum
1115 3999 1266 4062 duce,
1295 3999 1433 4048 inter
1464 4011 1557 4061 op·

500 4075 628 4137 pida
671 4074 925 4124 Dietmelle
965 4083 1020 4125 et
1063 4075 1224 4125 Hom.
1326 4074 1408 4124 De
1459 4075 1556 4123 hae

502 4148 651 4197 caede
673 4163 774 4197 non
800 4163 968 4210 pauca
999 4149 1210 4199 Tacitus
1246 4149 1300 4198 in
1328 4148 1463 4198 Ann.
1499 4154 1557 4197 et

501 4224 588 4274 lib.
620 4224 688 4273 de
710 4224 932 4274 moribus
956 4225 1204 4275 German.
1227 4233 1281 4278 et
1301 4224 1434 4276 infra
1452 4238 1554 4275 non

502 4301 681 4351 semel.

1633 2778 1718 2826 vel
1753 2776 1860 2840 ejus
1909 2775 2155 2839 permissu
2193 2771 2259 2822 ab
2297 2771 2423 2834 ipsis
2466 2770 2690 2820 ascisce·

1633 2858 1841 2919 bantur,
1874 2862 1933 2904 ut
1962 2868 2137 2904 eornm
2181 2865 2340 2915 opera
2370 2849 2690 2912 consilioque

1635 2948 1717 2983 res
1751 2935 1984 2996 agerent.
2051 2930 2215 2980 Erant
2238 2933 2291 2975 et
2315 2925 2401 2975 alii
2424 2925 2510 2988 qui
2534 2926 2689 2973 Sena-

1634 3016 1717 3058 tus
1762 3008 2080 3057 voluntatem
2125 3003 2359 3053 adalios
2405 2998 2693 3061 deferrent,

1635 3082 1937 3135 ordinandae
1972 3088 2088 3146 post
2111 3078 2378 3129 victoriam
2406 3075 2687 3142 provinciae

1636 3175 1813 3221 causa,
1834 3163 1933 3208 &c.
2205 3226 2211 3231 ι
2407 3204 2426 3227 3
2702 3144 2708 3151 ’

1697 3237 1723 3271 ¹¹
1755 3235 1997 3300 Auxiliis]
2033 3235 2124 3284 Eae
2146 3236 2265 3282 sunt
2288 3229 2452 3293 copiae
2474 3243 2507 3277 a
2535 3229 2688 3279 sociis

1635 3313 1877 3379 gentibus
1921 3325 1988 3360 ex
2018 3309 2215 3359 foedere
2253 3306 2538 3361 mittendae,
2580 3312 2687 3355 tum

1634 3390 1925 3456 pedestres,
1944 3394 2052 3436 tum
2075 3391 2361 3449 equestres,
2387 3382 2570 3446 quibus
2594 3381 2688 3428 du·

1635 3483 1719 3519 ces
1743 3467 1808 3516 ab
1848 3462 2245 3529 imperatoribus
2278 3459 2521 3509 Romanis
2559 3473 2688 3521 prae·

1636 3544 1981 3609 ponebantur,
2014 3542 2101 3605 qui
2121 3601 2125 3605 ²
2146 3537 2386 3603 praefecti
2423 3540 2438 3564 ‘
2460 3535 2686 3585 socium'

1637 3619 1846 3684 proprio
1867 3616 2070 3666 nomine
2086 3612 2411 3665 dicebantur.

1698 3694 1713 3727 ¹
1748 3692 2010 3757 Excubias]
2045 3691 2129 3741 Sic
2161 3689 2275 3738 fieri
2312 3688 2519 3749 solitum
2542 3691 2688 3736 notat

1636 3769 1853 3819 Casaub.
1886 3768 1940 3817 in
1964 3766 2102 3816 omni
2125 3765 2370 3824 tumultu,
2402 3770 2456 3812 et
2493 3761 2557 3811 ad
2583 3777 2686 3810 om·

1636 3844 1933 3897 nemlcladis
1961 3849 2197 3906 acceptae
2219 3841 2478 3901 nuntium,
2502 3853 2562 3888 ac
2583 3837 2685 3886 for-

1636 3938 1727 3974 san
1768 3931 1891 3972 tunc
1936 3919 2177 3984 temporis
2229 3918 2513 3981 praecipue,
2552 3915 2686 3980 quod

1636 4000 1786 4050 multi
1809 4000 1861 4048 in
1881 3997 2009 4048 urbe
2032 3996 2171 4046 Galli
2193 3994 2543 4058 Germanique
2567 4007 2682 4055 cap.

1636 4081 1737 4182 ⁴9¹2*
1768 4147 2086 4212 Proesidibus]
2120 4145 2378 4197 Gener-ale
2400 4158 2585 4193 nomen
2604 4150 2684 4193 est

1635 4225 1857 4276 omnium
1896 4223 2187 4287 provincias
2212 4220 2495 4284 regentium
2522 4235 2538 4280 ;
2580 4233 2683 4268 ma-

1624 4302 1713 4366 jus
1748 4301 1885 4351 enim
1928 4301 1980 4349 in
2021 4313 2083 4349 ea
2122 4297 2391 4361 imperium
2425 4294 2682 4344 habebant
