3019 4922
1251 417 1545 466 sumus,
2360 412 2489 477 145

298 560 661 625 mirabilem
692 558 1016 625 exhibuit.
1109 562 1568 630 Denuntiante
1600 566 1956 650 Pompeio,
2002 589 2127 652 pro
2173 570 2485 639 hostibus

299 684 369 729 se
397 664 809 742 habiturum,
841 665 955 749 qui
1001 661 1428 749 Reipublicae
1462 669 1872 751 defuissent3
1916 670 2087 755 ipse,
2132 675 2391 740 medios
2421 683 2488 740 et

299 767 597 831 neutrius
630 770 844 852 partis
888 787 1164 832 suorum
1195 770 1326 833 sibi
1354 790 1622 836 numero
1666 773 1953 850 futuros,
2007 778 2485 866 pronuntiavit.

301 867 562 947 Quibus
590 878 819 934 autem
848 890 933 933 ex
966 873 1547 938 commendatione
1579 874 1889 959 Pompeii
1921 879 2186 944 ordines
2209 887 2246 914 Ψ
2284 880 2487 945 dede-

295 980 413 1050 rat,
449 979 854 1056 potestatem
889 974 1274 1038 transeundi
1306 975 1393 1039 ad
1440 996 1594 1040 eum
1635 961 1946 1043 omnibus
1997 982 2181 1046 fecit.
2271 983 2484 1049 Motis

298 1077 471 1159 apud
505 1076 801 1141 Ilerdam
825 1084 842 1113 ¹
864 1085 892 1112 ¹
923 1076 1287 1141 deditionis
1317 1076 1845 1160 conditionibuS,
1871 1102 2048 1161 cum,
2082 1085 2354 1150 assiduo
2385 1088 2486 1150 in-

298 1186 389 1243 ter
420 1188 739 1263 utrasque
769 1188 995 1264 partes
1021 1200 1150 1244 usu
1176 1187 1375 1265 atque
1400 1184 1820 1263 commercio,
1841 1184 2164 1252 Afranius
2191 1208 2272 1252 ac
2296 1195 2320 1223 ²
2344 1181 2485 1254 ‘Pe-

296 1285 500 1348 treius
533 1284 980 1367 deprehensos
1010 1286 1189 1348 intra
1214 1292 1432 1349 castra
1454 1285 1500 1349 J
1507 1286 1772 1352 ulianos
1802 1290 2026 1355 subita
2048 1292 2482 1375 poenitentia³

296 1385 808 1465 interfecissent,
842 1388 1211 1452 admissam
1241 1388 1417 1464 inse
1451 1390 1798 1472 perfidiam
1831 1413 1963 1457 non
1995 1395 2309 1459 sustinuit
2336 1394 2486 1457 imi-

297 1492 432 1555 tari.
503 1489 677 1556 Acie
705 1491 1093 1556 Pharsalica
1121 1494 1584 1576 proclamavit,
1610 1498 1630 1527 ‘
1658 1501 1727 1559 ut
1756 1495 2021 1561 civibus
2052 1501 2431 1581 parceretur
2450 1497 2486 1557 ε’

297 1593 743 1679 deincepsque
770 1595 1016 1659 nemini
1047 1615 1180 1659 non
1214 1616 1509 1675 suorum,
1535 1618 1737 1679 quem·
1757 1598 2019 1678 vellet,4
2045 1620 2246 1664 unum
2274 1601 2486 1683 partis

297 1698 598 1764 adversae
629 1718 920 1776 servare,
954 1700 1331 1764 concessit:
1376 1689 1499 1764 nec
1531 1701 1650 1766 ulli
1678 1702 1932 1786 perisse
1964 1704 2094 1769 nisi
2137 1703 2206 1766 in
2244 1703 2485 1786 praelio

295 1803 761 1886 reperiuntur,5
805 1803 1112 1887 exceptis
1143 1803 1471 1868 duntaxat
1500 1802 1782 1869 Afranio
1830 1807 1899 1870 et
1943 1806 2245 1870 Faustoy
2291 1812 2357 1871 et
2401 1806 2480 1870 L.

1207 2005 1264 2025 00
1270 2004 1415 2025 00000
1421 2006 1474 2026 00
1481 2007 1568 2026 000

295 2139 313 2188 1
340 2139 604 2203 Hylerdam
621 2137 770 2187 Harl.
795 2138 960 2187 Periz.
982 2138 1175 2187 Medic.
1201 2144 1246 2189 1.
1274 2139 1408 2189 Edd.
1432 2140 1576 2189 Med.
1603 2139 1748 2189 Cald.
1772 2139 1905 2189 Ven.
1931 2142 1977 2187 1.
2005 2137 2169 2200 Lugd.
2188 2138 2335 2188 Junt.
2356 2135 2488 2200 Arg·

291 2204 517 2253 Illerdam
545 2205 729 2267 Steplr.
766 2204 1019 2253 Hilerdam
1038 2205 1193 2255 Vina.
1218 2208 1265 2254 1.
1291 2214 1344 2254 et
1369 2207 1502 2256 Edd.
1529 2207 1840 2271 aliquot.—2
1878 2205 1945 2253 Et
1968 2204 2106 2253 Petr.
2136 2202 2328 2251 Medic.
2366 2203 2489 2266 duo,

294 2270 449 2321 Fouc.
486 2270 643 2319 Viud.
678 2274 726 2318 1.
764 2269 994 2318 Harlem.
1019 2270 1185 2320 Periz.
1209 2271 1398 2334 Copes.
1425 2271 1559 2324 Edd.
1580 2272 1726 2322 Rom.
1749 2269 1892 2319 Med.
1913 2269 2060 2318 Cald.
2091 2274 2233 2331 atque
2255 2268 2410 2316 Vind.
2435 2274 2485 2317 2.

292 2336 431 2385 Cort.
500 2334 635 2383 Item
674 2335 801 2384 inter
834 2351 877 2385 c.
918 2336 1107 2398 Copes.
1143 2336 1339 2385 Medic.
1389 2341 1532 2386 1.-3
1567 2337 1683 2386 Sub.
1720 2352 1857 2399 poena
1895 2335 2058 2384 Rhed.
2084 2338 2130 2383 1.
2172 2333 2485 2391 interfecisset

290 2399 420 2450 Edd.
444 2399 615 2464 Lugd.
638 2401 786 2451 dunt.
810 2400 930 2450 Ald.
951 2402 1133 2465 Steph.
1157 2402 1325 2452 Coliu.
1393 2403 1519 2451 Mox
1543 2402 1861 2466 proclamabat
1878 2401 2135 2449 Forum—4
2165 2399 2259 2447 Un.
2283 2415 2359 2461 qu.
2377 2398 2487 2448 vell.

291 2467 528 2516 Harlem.
545 2468 714 2517 Periz.
738 2468 869 2517 Ven.
893 2474 1018 2525 treS‚
1043 2469 1173 2517 Bon.
1199 2468 1415 2518 Mediol.
1441 2470 1675 2532 aliaeque.
1720 2469 1782 2517 In
1802 2466 1959 2516 Viud.
1981 2470 2108 2515 2.‘et
2133 2466 2274 2514 Cort.
2292 2466 2488 2524 veIIent,

289 2533 336 2580 in
362 2533 596 2582 Harlem.
616 2547 715 2581 uon
740 2541 961 2596 apparet
985 2549 1143 2595 unum,
1165 2548 1258 2595 pro
1282 2550 1381 2599 qua
1409 2548 1533 2584 voce
1559 2535 1606 2582 in
1635 2534 1822 2597 Copes.
1842 2541 1923 2581 est
1941 2533 2061 2593 alia,
2096 2531 2228 2578 unde
2264 2529 2488 2578 delenda

291 2597 427 2648 Oud.
474 2598 736 2659 videntur,
775 2608 830 2648 et
871 2599 1073 2659 legend.
1110 2601 1394 2648 vellent.—5
1433 2600 1522 2649 Sic
1547 2601 1762 2648 Memm.
1798 2598 1991 2646 Medic.
2016 2601 2062 2645 1.
2088 2599 2137 2644 3.
2170 2595 2486 2656 reperirentur

292 2662 477 2729 Copes.
506 2664 625 2713 Pal.
662 2672 781 2713 tres.
812 2665 1117 2728 reperiuntur
1138 2665 1242 2715 alii.
1311 2664 1375 2713 In
1402 2664 1710 2729 quibusdam
1736 2663 1895 2714 etiam
1932 2669 2174 2711 exaratur
2205 2659 2486 2727 periisse.—

1282 2828 1505 2880 NOTAE

293 2978 438 3027 quem
481 2960 817 3026 optimatibus
852 2961 1213 3011 contradicere
1258 2976 1347 3011 ex·

289 3046 517 3104 optaret.

350 3123 382 3148 w
408 3114 637 3177 Ordines]
669 3115 951 3164 Ducendos
981 3115 1204 3178 scilicet,
1246 3116 1346 3164 sin·

287 3194 523 3255 gulorum
542 3193 934 3255 manipulorum,
954 3192 1042 3257 qui
1057 3197 1162 3241 tres
1186 3193 1235 3242 in
1260 3209 1347 3241 co-

287 3269 468 3333 horte‚·
484 3284 642 3333 supra
662 3284 777 3336 cap.
800 3273 880 3318 31.
905 3270 1118 3333 singulis
1157 3270 1345 3334 singuli

288 3347 619 3395 centuriones
642 3353 905 3409 praeerant
926 3360 1039 3410 cap.
1062 3351 1143 3397 68.
1175 3349 1190 3376 ‘
1210 3348 1347 3395 ordi-

287 3435 379 3472 nes
401 3423 565 3484 igitur
578 3420 741 3484 dare,'
761 3422 896 3471 idem
912 3429 993 3472 est
1009 3437 1070 3473 ac
1086 3425 1348 3473 centurio·

257 3560 263 3569 .
286 3501 365 3548 nis
388 3500 625 3562 gradum.

350 3581 378 3607 ¹
410 3575 647 3639 Ilerdam]
674 3575 941 3624 Citerioris
965 3575 1235 3641 Hispaniae
1258 3591 1349 3641 op-

286 3651 486 3715 pidum,
521 3652 677 3701 hodie
699 3652 910 3710 Lerida,·
947 3653 1032 3701 ubi
1067 3653 1165 3702 hac
1198 3668 1349 3703 occa·

289 3727 453 3790 sione,
490 3729 555 3777 de
592 3732 694 3792 qua
716 3729 797 3777 hic
837 3730 1025 3792 agitur,
1059 3728 1210 3779 factis
1242 3730 1349 3793 qui.-

288 3798 504 3853 busdam
527 3804 769 3866 induciiS,
789 3806 1025 3870 utrinque
1046 3807 1193 3855 miles
1216 3804 1358 3856 alte?

287 3879 341 3928 in
365 3881 581 3930 alterius
613 3888 803 3938 castra,
840 3896 996 3945 parvo
1028 3883 1094 3932 ab
1130 3883 1348 3933 invicem

291 3957 462 4021 spatio
506 3958 763 4022 sejuncta,
807 3967 1152 4023 transgressus
1214 3967 1349 4010 erat.

288 4033 491 4084 Petrcii
520 4035 880 4085 crudelitatem
917 4037 1103 4086 nedum
1140 4037 1351 4101 imitari,

290 4113 468 4162 Caesar
506 4128 606 4162 non
649 4114 910 4177 sustinuit,
953 4122 1009 4164 ut
1041 4116 1196 4165 etiam
1224 4114 1350 4166 ‘fiili-

1428 2962 1582 3012 Civil.
1607 2961 1784 3011 Caesar
1807 2960 1937 3023 ipse.

1491 3049 1514 3082 5
1551 3039 1757 3102 Fausto]
1794 3037 1890 3087 Cui
1913 3045 2195 3096 cognomen
2226 3030 2387 3094 Sylla,
2421 3029 2487 3078 de

1428 3132 1529 3181 quo
1553 3132 1712 3180 supra
1737 3131 1852 3179 cap.
1887 3117 1968 3163 26.
2004 3111 2159 3174 Syllae
2194 3109 2487 3157 Dictator-is
2568 3132 2575 3140 =

1428 3194 1562 3242 tilius
1606 3201 1739 3249 erat,
1785 3189 2124 3254 Pompeiique
2165 3200 2343 3248 gener,
2379 3185 2488 3248 qui,

1429 3275 1549 3334 po‘st
1587 3267 1890 3334 profligatas
1933 3265 2157 3315 omnium
2212 3262 2263 3311 in
2309 3259 2491 3309 Africa

1432 3347 1583 3403 vires,
1611 3361 1728 3395 cum
1755 3343 1973 3393 Afranio
1999 3356 2094 3407 per
2119 3337 2486 3389 Mauritaniam

1431 3425 1535 3473 iter
1558 3425 1609 3473 in
1635 3423 1937 3486 Hispaniam
1961 3419 2195 3473 tendens,
2213 3430 2242 3462 a
2266 3416 2331 3464 P.
2356 3415 2490 3465 Sitio

1430 3507 1614 3564 captus
1672 3507 1771 3560 est,
1811 3505 1865 3547 et
1900 3497 2078 3561 paucis
2127 3501 2245 3556 post
2287 3491 2493 3552 dicbus,

1431 3576 1745 3625 dissensione
1769 3576 1819 3622 iu
1844 3573 2078 3622 exercitu
2103 3578 2231 3628 orta,
2256 3574 2490 3629 uterque,

1430 3658 1489 3701 ut
1511 3652 1731 3702 liabetur
1747 3651 1797 3699 in
1819 3651 1928 3713 ipso
1952 3648 2081 3697 libro
2105 3646 2170 3694 de
2187 3644 2322 3693 bello
2349 3642 2490 3692 Afri-

1430 3745 1579 3792 cano,
1613 3727 1918 3779 interfectus
1953 3733 2053 3775 est.
2119 3721 2270 3774 Unde
2305 3723 2492 3772 Sueto-

1429 3807 1543 3855 nius
1567 3807 1659 3864 ait,
1695 3805 1914 3855 Caesaris
1949 3803 2221 3851 voluntate
2245 3797 2490 3850 interfec-

1429 3891 1512 3933 tos
1547 3879 1989 3945 esse'quibusdam
2028 3892 2128 3927 non
2166 3876 2363 3938 videri3
2399 3891 2488 3926 eos

1430 3961 1588 4010 etiam
1622 3958 1915 4015 rebellasse,
1937 3954 2057 4019 quia
2082 3954 2210 4003 victi
2230 3961 2287 4002 et
2320 3953 2488 4002 dediti

1434 4037 1484 4087 in
1512 4034 1781 4098 Hispania,
1799 4039 1916 4096 post
1940 4029 2208 4095 perfidiam
2226 4030 2364 4079 illam
2389 4030 2490 4079 Pe-

1432 4112 1570 4175 treii,
1593 4124 1706 4160 sese
1729 4111 1779 4158 in
1804 4108 1984 4158 Africa
2009 4107 2228 4158 Caesaris
2258 4106 2488 4156 hostibus

292 4197 477 4253 genter
500 4190 818 4256 conquisitos
852 4190 1159 4242 Petreianos
1197 4193 1346 4242 remi·
1419 4190 1736 4252 junxerant:
1764 4185 1983 4250 imperio
2009 4184 2231 4236 Caesaris
2257 4184 2490 4249 periisse,

289 4266 439 4327 serit,
456 4282 583 4330 quos
606 4268 744 4317 inter
764 4267 919 4333 aliqui
935 4274 1125 4332 sponte
1148 4283 1347 4318 reman-

293 4350 511 4392 serunt:
570 4342 636 4392 de
668 4359 770 4407 quo
810 4341 924 4392 fuse
977 4344 1068 4394 lib.
1114 4359 1152 4394 ι.
1208 4345 1343 4394 Ben.

425 4423 600 4487 Delph.
618 4429 665 4474 et
691 4424 807 4475 Var.
833 4426 963 4474 Clas.

1430 4267 1557 4316 dicit
1581 4266 1761 4314 Florus
1777 4265 1869 4314 lib.
1893 4278 1972 4313 rv.
2007 4277 2125 4326 cap.
2150 4266 2197 4310 2.

1286 4425 1481 4475 Sueten.
2309 4418 2359 4465 K
