3019 4922
540 400 672 466 414

543 566 947 645 sequeretur,
968 558 1028 623 si
1053 556 1184 624 sibi
1206 556 1534 642 pudicitia
1552 560 1887 623 constaret
1907 555 1984 640 ς’*
2010 564 2036 592 ²
2064 562 2134 622 et
2158 576 2314 643 quae
2343 577 2519 625 novo
2550 579 2734 626 moro

531 663 862 748 judicium
893 659 1266 744 majestatis
1294 658 1476 744 apud
1508 660 1833 743 populum
1858 664 1886 695 ²
1910 660 2146 725 mulier
2175 662 2432 740 subiit:
2451 664 2637 748 quod
2667 665 2733 730 in

540 765 840 831 conferta
867 762 1281 828 multitudine
1312 780 1486 843 aegre
1531 762 1936 845 procedente
1979 772 2301 848 carpento
2345 765 2576 847 palam
2608 785 2738 850 op·

542 873 820 944 taverat,
876 870 993 931 ‘ut
1034 864 1233 930 frater
1254 871 1276 911 ³
1326 882 1492 928 suus
1542 863 1830 929 Pulcher
1872 865 2328 944 revivisceret,
2358 873 2559 952 atque
2607 869 2736 933 ite·

541 990 689 1041 rum
742 969 1026 1035 classem
1086 966 1441 1045 amitteret,
1500 985 1637 1050 quo
1690 968 1905 1032 minor
1958 969 2157 1034 turba
2214 968 2456 1035 Romae
2515 969 2725 1037 foret?

541 1074 884 1139 Praeterea
912 1071 1376 1136 notissimum⁴
1416 1074 1545 1147 est,
1588 1069 1914 1136 Claudios
1954 1091 2204 1151 omneS,
2234 1079 2533 1156 excepto
2563 1073 2736 1139 dun·

541 1181 731 1251 taxat
778 1176 887 1239 Ρ.ς
920 1174 1180 1253 Clodio,
1230 1174 1371 1258 qui,
1417 1174 1505 1238 ob
1553 1174 2024 1259 expellendum
2052 1174 2264 1263 Urbe
2311 1173 2733 1256 Ciceronem,

540 1278 808 1362 plebeio
839 1277 1115 1353 homini,
1162 1282 1366 1359 atque
1414 1275 1617 1340 etiam
1668 1284 1833 1341 natu
1870 1277 2164 1357 minori,¹’
2198 1266 2269 1342 in
2298 1278 2729 1361 adoptionem

542 1402 616 1448 se
661 1380 895 1458 dedit,t
939 1378 1290 1463 optimates
1308 1385 1331 1413 ²
1380 1385 1883 1465 assertoresque
1901 1377 1930 1417 ‘¹
1960 1382 2208 1447 unicos
2260 1381 2605 1464 dignitatis
2650 1392 2734 1447 ac

489 1515 494 1519 ’
540 1481 859 1569 potentiae
890 1481 1315 1565 patriciorum
1338 1478 1368 1519 ⁶
1422 1498 1684 1564 semper
1726 1481 1961 1562 fuisse,
1991 1490 2195 1568 atque
2235 1482 2557 1548 adversus
2588 1485 2733 1567 ple·

539 1588 691 1651 bem
735 1585 906 1651 adeo
948 1584 1320 1649 violentos³
1359 1588 1432 1648 et
1471 1591 1924 1664 contumace8‚
1955 1593 2029 1669 ut
2071 1606 2154 1652 ne
2181 1586 2430 1669 capitis
2460 1584 2722 1671 quidem

539 1687 897 1772 quisquam
917 1695 944 1736 ⁷
973 1705 1127 1751 reus
1145 1684 1165 1721 ¹
1191 1685 1374 1770 apud
1405 1686 1735 1771 populum
1764 1695 2027 1755 mutare
2057 1695 2313 1755 vestem
2343 1694 2459 1754 aut
2488 1689 2725 1773 depre-

1410 415 1473 464 0.
1520 413 1885 464 suarum!

1440 1917 1470 1939 O
1477 1917 1814 1942 OmOOWO

529 2053 692 2118 pudic.
712 2052 809 2103 sibi
828 2052 987 2102 Viud.
1007 2057 1151 2103 1.-2
1185 2052 1342 2101 Vind.
1364 2055 1410 2102 l.
1440 2067 1521 2115 po.
1558 2051 1654 2101 Ro.
1693 2051 1818 2102 item
1851 2058 2084 2103 conserta.
2149 2052 2292 2102 Dein
2311 2052 2394 2102 vul
2431 2067 2465 2102 o
2484 2054 2739 2116 optaverit,

538 2120 697 2169 etism
725 2118 819 2171 Ed.
852 2118 1031 2167 Burm.
1055 2117 1143 2167 sed
1167 2121 1408 2180 optaverat
1429 2125 1775 2181 reposuerunt
1798 2117 1925 2167 Ern.
1956 2117 2098 2168 Oud.
2139 2118 2357 2180 Baumg.
2433 2117 2499 2167 de
2522 2118 2736 2170 Memm-

536 2184 660 2239 Lisl.
684 2182 842 2232 Polit.
864 2182 1056 2231 Medic.
1079 2183 1236 2231 Vind.
1259 2186 1310 2233 2.
1344 2182 1475 2245 Cop.
1501 2181 1652 2231 Voss.
1678 2182 1798 2246 Cuj.
1829 2182 1924 2231 Ed.
1945 2182 2079 2233 Bon.
2102 2197 2262 2244 marg.
2283 2184 2428 2234 Torr-
2451 2182 2738 2239 accedente

538 2249 773 2299 Duae-3
813 2248 879 2296 Et
898 2247 976 2305 fr.
1001 2246 1197 2296 Medic.
1220 2251 1267 2295 2.
1309 2250 1446 2308 pater·
1468 2246 1625 2295 Vind.
1654 2251 1700 2295 1.
1739 2248 1865 2296 Tum
1887 2246 2109 2296 revivesc.
2131 2249 2439 2297 Memm.—4
2474 2248 2737 2297 Notati-ssi·

535 2327 664 2362 mum
698 2313 911 2361 Memm.
933 2311 1106 2364 Vatic.
1146 2311 1271 2360 Lisl.
1307 2311 1483 2360 Nonn-
1522 2311 1641 2360 Pal.
1665 2313 1713 2360 1.
1735 2315 1785 2362 3.
1823 2311 1964 2360 Pith.
1986 2312 2108 2361 Lisl.
2133 2312 2262 2377 Cop-
2289 2312 2443 2361 Huls.
2468 2311 2666 2361 Medic.
2688 2316 2737 2362 8.

535 2377 691 2427 vind.
726 2384 895 2439 uterq.
918 2376 1073 2425 Voss.
1111 2375 1270 2425 Fonc.
1310 2376 1454 2425 Dun-
1486 2376 1785 2425 notatissimo
1816 2377 2024 2441 an.-—5
2060 2377 2260 2435 Publice
2299 2377 2470 2427 claud.
2504 2376 2662 2429 vind.
2689 2380 2734 2426 1.

534 2442 619 2507 qni
639 2450 785 2492 caret
800 2443 869 2504 τῷ
891 2439 1053 2501 etiam
1075 2448 1130 2492 et
1154 2455 1248 2506 pro
1267 2442 1384 2490 adeo
1406 2441 1495 2491 dat
1517 2442 1666 2492 valde.
1732 2441 1903 2492 Deest
1925 2456 2128 2506 qnoque
2147 2441 2205 2492 ob
2226 2441 2377 2492 Huls.
2409 2455 2506 2491 nec
2528 2455 2735 2505 eompa-

531 2507 724 2562 rentin
744 2509 905 2570 adopt.
944 2508 996 2556 in
1021 2508 1249 2569 Com—6
1282 2507 1487 2556 Patriam
1527 2505 1731 2556 volebat
1768 2507 1909 2571 Lips.
1978 2507 2085 2557 Pro
2117 2512 2165 2556 et
2197 2512 2323 2556 cont.
2363 2506 2502 2567 qnod
2539 2508 2734 2571 primns

535 2572 765 2622 restituit
787 2572 928 2623 Oud.
964 2586 1028 2621 ex
1061 2572 1194 2622 Mss.
1231 2579 1286 2621 et
1324 2571 1456 2621 Edd.
1481 2572 1869 2632 vetustioribus,
1893 2571 1977 2621 alii
1998 2567 2055 2621 ab
2074 2576 2319 2621 coteste-7
2356 2572 2566 2636 Quisque
2590 2571 2732 2626 Cort.

1526 2700 1742 2752 NOTAE

598 2838 621 2885 'r
656 2829 724 2881 A.
746 2830 818 2881 U.
843 2831 902 2880 C.
928 2834 1042 2881 508.

597 2915 619 2941 ¹
650 2907 711 2956 Si
746 2907 842 2957 sibi
871 2908 1105 2970 pudicitia
1131 2906 1392 2971 constaret]
1425 2906 1588 2958 Aliud

533 2983 781 3033 castitatis
797 2983 1228 3047 experimentum,
1244 2984 1362 3033 hnic
1380 2998 1482 3033 non
1498 2983 1590 3034 ab·

531 3061 715 3123 simile,
753 3060 819 3109 de
840 3061 1035 3111 Tuccia
1054 3061 1274 3123 Vestali,
1306 3061 1472 3124 stupri
1504 3061 1592 3111 iti-

532 3133 649 3184 dem
674 3142 939 3198 suspeeta,
977 3134 1141 3186 refert
1162 3134 1397 3184 Valerius
1423 3135 1592 3184 Maxi·

532 3225 645 3261 mus
667 3211 904 3270 lib-*vnn
929 3225 976 3261 c.
996 3216 1045 3261 l.

596 3295 623 3323 ⁸
640 3288 778 3339 Novo
797 3288 1169 3350 morejadicium
1185 3287 1447 3350 maiestatis
1462 3289 1592 3352 apud

524 3366 749 3429 populum
760 3364 933 3428 subiit]
965 3365 1205 3415 Valerius
1221 3366 1481 3415 Maximus
1497 3364 1590 3414 lib.

530 3455 659 3491 vm.
698 3455 749 3490 c.
786 3445 832 3492 1.
878 3440 894 3469 ‘
914 3439 1211 3505 Adjiciatnr
1251 3442 1328 3491 his
1357 3441 1592 3505 Claudia,

531 3534 684 3585 quam
716 3519 972 3569 insontem
1012 3520 1231 3570 crimine
1255 3534 1357 3585 quo
1382 3531 1591 3569 accusa-

528 3593 683 3644 batur
704 3602 878 3645 votnm
901 3596 1111 3658 impium
1136 3593 1427 3647 subvertit-³
1479 3595 1589 3645 No-

529 3684 649 3720 vum
695 3671 858 3735 igitur
900 3669 1020 3733 fuit,
1063 3680 1172 3722 tum
1213 3672 1334 3736 quia
1372 3676 1591 3734 propter

530 3755 705 3816 votum
730 3749 1006 3811 duntaxat,
1025 3755 1130 3799 tum
1152 3750 1273 3814 quia
1291 3749 1470 3798 mulier
1488 3745 1588 3795 cri·

529 3827 668 3874 mine
688 3826 824 3876 laesae
847 3825 1137 3889 majestatis
1152 3824 1395 3875 damnata
1412 3823 1587 3872 fuerit.

531 3901 612 3950 De
634 3902 733 3951 hac
756 3908 810 3952 et
834 3902 1077 3964 Epitome
1111 3903 1242 3953 Livii
1275 3903 1365 3954 lib.
1389 3919 1509 3956 xrx.
1533 3915 1589 3959 et

532 3973 733 4026 Gellius
757 3975 848 4028 lib.
865 3990 920 4026 x.
936 3991 982 4026 c.
994 3983 1044 4028 6.
1077 3978 1283 4029 Crimen
1302 3982 1586 4045 majestatis

530 4056 631 4110 est,
670 4053 806 4115 quod
847 4053 1092 4103 adversus
1127 4056 1368 4118 populum
1392 4069 1482 4109 aut
1504 4074 1583 4110 se·

530 4124 799 4176 caritatem
824 4129 933 4192 ejus
953 4130 1308 4184 committitur.

593 4198 618 4232 b
654 4199 793 4249 Nata
812 4202 1010 4268 minori]
1046 4207 1130 4255 De
1171 4208 1266 4256 hac
1303 4210 1585 4274 adoptione

527 4287 687 4340 supra
710 4277 761 4326 in
782 4276 818 4328 J
823 4278 925 4327 ulio
942 4294 986 4330 c.
1004 4285 1084 4333 20.
1100 4291 1153 4332 et
1176 4284 1359 4335 Cicero
1376 4287 1428 4336 in
1449 4288 1580 4338 Ora·

1668 2830 1812 2883 tione
1855 2831 1922 2881 ad
1960 2830 2258 2882 Pontifices.
2333 2828 2500 2896 AEque
2545 2839 2728 2884 contra

1669 2914 1905 2957 naturam
1950 2922 2012 2957 sc
2050 2914 2235 2957 contra
2270 2907 2409 2972 leges
2447 2914 2597 2956 erat:
2638 2922 2728 2971 pro

1669 2989 1903 3032 monstro
1924 2983 2060 3033 enim
2095 2988 2196 3045 est,
2230 2989 2288 3032 ut
2320 2982 2481 3046 major
2502 2982 2573 3033 sit
2597 2982 2727 3032 filius

1672 3073 1822 3124 quam
1849 3066 2013 3123 pater.
2077 3060 2215 3110 Hinc
2242 3058 2536 3123 Imperator
2567 3061 2621 3111 in
2644 3060 2727 3110 In·

1672 3135 2033 3186 stitutionibus
2059 3136 2124 3185 de
2148 3135 2562 3201 Adoptiouibns:
2599 3137 2616 3165 ‘
2635 3137 2730 3188 Mi·

1671 3224 1852 3260 norem
1871 3220 1997 3262 natu
2014 3212 2265 3275 majorem
2284 3227 2385 3261 non
2406 3226 2562 3277 posse
2577 3210 2731 3276 adop·

1674 3293 1786 3336 tare
1832 3289 2044 3351 placet;
2078 3288 2287 3352 adoptio
2321 3288 2458 3338 enim
2492 3296 2728 3339 naturam

1672 3361 1947 3426 imitatur,’
1967 3365 2066 3413 dte.
2558 3383 2565 3387 ·

1738 3444 1762 3497 ss
1799 3437 1865 3489 A.
1888 3440 1955 3489 U.
1978 3440 2038 3489 C.
2072 3442 2188 3491 695.

1733 3521 1756 3548 0
1794 3515 2084 3580 optimates]
2120 3516 2202 3565 De
2219 3514 2319 3565 illis
2341 3512 2659 3567 factionibus
2674 3516 2725 3565 in

1669 3591 1812 3643 Julio
1830 3605 1875 3640 c.
1901 3596 1946 3640 1.
1969 3601 2023 3640 et
2047 3596 2129 3641 15.

1732 3667 1757 3701 ‘¹
1802 3668 2189 3735 Assertoresque]
2232 3668 2442 3735 Anceps
2496 3671 2721 3721 vocabu-

1666 3744 1809 3793 lum:
1845 3754 1949 3793 tam
1973 3745 2109 3794 enim
2143 3745 2208 3795 de
2245 3761 2309 3796 eo
2344 3747 2541 3797 dicitur
2566 3748 2725 3812 quiin

1666 3817 1979 3883 libertatem,
2014 3834 2165 3883 qnam
2203 3822 2292 3887 qui
2331 3821 2384 3870 in
2416 3822 2723 3872 servitutem

1670 3894 1916 3951 vindicat.
1947 3896 2218 3948 Posterius
2241 3908 2410 3950 tamen
2437 3900 2611 3966 priore
2632 3887 2724 3951 ml·

1673 3985 1767 4021 nus
1793 3971 2035 4037 frequens
2060 3982 2162 4024 est.

1730 4058 1753 4084 θ
1785 4050 1916 4100 Adeo
1948 4048 2201 4113 violentos]
2236 4051 2496 4117 Exempla
2534 4052 2720 4104 videsis

1665 4127 1813 4192 plura
1842 4125 1981 4189 apud
2020 4126 2220 4177 Livium
2255 4126 2347 4177 lib.
2384 4141 2447 4179 ιι.
2470 4142 2525 4179 v.
2558 4136 2613 4179 et
2634 4143 2714 4180 rx.

1666 4203 1851 4254 decad.
1875 4217 1913 4262 ι.
2064 4257 2067 4264 ¹,

1731 4276 1750 4312 ¹
1777 4280 2037 4344 Quisquam
2050 4269 2188 4343 secus]
2223 4279 2406 4331 Livius
2430 4287 2602 4332 tamen
2626 4277 2710 4330 lib.
