3019 4922
503 429 632 498 458
1364 444 1427 492 ο.
1475 433 1835 492 ευΕτοΝῙι

504 592 601 654 ita
632 587 993 671 suffugerit,
1025 592 1100 651 ut
1135 586 1404 652 caderet
1451 586 1774 670 supinus:
1820 591 2023 668 atque
2073 582 2304 661 etiam,
2336 584 2396 648 si
2430 583 2596 668 quid
2627 585 2693 648 in

507 710 829 767 sermone,
861 690 968 755 vel
999 691 1065 753 in
1094 689 1412 755 continua
1443 691 1743 754 oratione
1778 687 2095 752 blandius
2122 686 2205 750 de
2236 707 2308 750 se
2338 686 2696 764 diceretur,

503 800 688 858 non4
709 793 1038 858 dubitaret
1080 793 1521 876 interpellare,
1553 809 1634 855 ac
1664 788 2159 874 reprehendere,
2190 793 2259 851 et
2288 797 2694 853 commutare

504 896 841 960 continuo.
928 900 949 930 ‘
974 895 1310 959 Dominus
1331 894 1387 929 ’θ
1428 892 1803 975 appellatus
1833 910 1875 954 a
1905 890 2216 973 quodam,
2257 890 2696 968 denuntiavit,

503 1017 587 1061 ne
610 1018 681 1061 se
713 999 1000 1083 amplius
1030 997 1447 1062 contumeliae
1478 1014 1688 1059 causa
1726 993 2112 1059 nominaret.
2206 990 2437 1056 Alium
2474 991 2701 1056 dicen-

504 1107 660 1178 tem,
693 1105 948 1165 ‘sacras
985 1100 1127 1185 ejus
1175 1094 1691 1181 occupatione8‚'
1740 1104 1809 1160 et
1835 1114 2062 1160 rursus
2094 1095 2319 1172 alium,
2367 1098 2388 1128 ‘
2421 1099 2695 1158 auctore

504 1221 588 1266 eo
640 1203 960 1268 Senatum
1003 1224 1076 1267 se
1107 1197 1372 1278 adisse}
1403 1208 1426 1247 ⁵
1473 1201 1681 1263 verba
1723 1203 2000 1276 mutare,
2055 1205 2121 1262 et
2170 1218 2295 1281 pro
2340 1199 2695 1273 ‘auctore,’

504 1302 1024 1386 ‘suasorem3'f
1074 1324 1198 1388 pro
1252 1300 1612 1380 ‘sacri5‚’⁸
1664 1298 2124 1366 ‘laboriosas’
2167 1300 2396 1363 dicere
2454 1296 2695 1380 coegit.

503 1406 665 1490 [28]
709 1408 839 1472 Sed
863 1415 928 1472 et
958 1408 1273 1473 adversus
1289 1404 1317 1445 ⁶
1345 1405 1655 1470 convicia
1670 1404 2016 1487 malosque
2039 1421 2366 1479 rumores»,
2392 1401 2699 1465 etfamo-

506 1528 587 1571 sa
614 1509 696 1572 de
725 1529 799 1573 se
846 1530 925 1573 ac
963 1511 1101 1573 suis
1139 1506 1454 1582 carmina,
1498 1506 1726 1571 firmus
1780 1526 1862 1570 ac
1901 1502 2217 1591 patienS,¹¹
2250 1502 2531 1568 subinde
2551 1502 2699 1587 jac·

504 1613 719 1687 tabat,
769 1616 788 1645 ‘
821 1612 890 1675 in
934 1612 1210 1676 civitate
1248 1610 1457 1675 libera
1498 1611 1789 1692 linguam
1818 1615 2239 1692 mentemque
2267 1608 2512 1671 liberas
2543 1624 2695 1669 esse

506 1711 789 1777 debere.'
876 1714 962 1778 Et
1018 1715 1406 1798 quondam,⁷
1450 1714 1700 1778 Senatu
1752 1712 2196 1795 cognitionem
2234 1710 2317 1774 de
2360 1707 2696 1793 ejusmodi

506 1816 894 1881 criminibus
942 1838 1023 1883 ac
1071 1818 1202 1882 reis
1233 1818 1597 1901 flagitante,
1649 1815 1849 1880 ‘Non
1900 1814 2201 1893 tantum}
2245 1813 2482 1897 inquit,
2535 1809 2698 1880 ‘otii

1419 2031 1602 2052 ΟΜ
1605 2030 1785 2052 moOO

503 2174 654 2226 deest
673 2177 827 2228 Vind.
851 2183 900 2228 2.
921 2180 1095 2250 inquo
1118 2181 1271 2231 etiam
1289 2188 1583 2233 mutam—5
1618 2184 1824 2234 Audisse
1845 2183 2060 2233 Memm.
2077 2180 2216 2230 Dun.
2239 2178 2435 2229 Medic.
2453 2184 2522 2227 tr.
2540 2177 2700 2229 vind.

500 2250 670 2318 uterq.
694 2243 850 2293 Polit.
870 2245 1023 2294 Voss.
1050 2248 1180 2310 Cop.
1206 2247 1351 2296 Huls.
1375 2249 1495 2312 Cuj.
1548 2248 1633 2298 ΑΙ.
1664 2250 1856 2299 adiisse.
1920 2250 2054 2297 Tum
2075 2262 2160 2307 pro
2182 2260 2318 2295 sacra
2337 2246 2498 2294 Fouc.
2521 2248 2579 2291 et
2598 2242 2700 2291 coii-

498 2313 631 2383 gerjtt
657 2309 801 2357 Cort.
822 2324 938 2359 cum
964 2312 1097 2361 Eud.
1121 2312 1294 2374 primis
1327 2327 1483 2377 usque
1508 2313 1574 2362 ad
1602 2314 1943 2363 Beroald.—6
1973 2313 2055 2362 Ita
2080 2313 2292 2360 Memm.
2315 2310 2430 2358 Pal.
2450 2317 2516 2357 tr.
2542 2315 2600 2356 et
2635 2322 2700 2355 ex

505 2387 608 2419 suis
627 2374 755 2421 Mss.
777 2374 930 2424 Torr.
949 2390 1013 2424 ex
1037 2378 1162 2426 Lisl.
1184 2380 1283 2441 leg.
1301 2381 1498 2429 monuit
1521 2394 1723 2444 quoqne
1747 2379 1969 2429 Casaub.
1996 2375 2349 2441 astipulantib.
2375 2374 2574 2423 Medic.
2594 2376 2639 2421 1.
2654 2376 2701 2422 8.

500 2438 663 2488 volit.
687 2438 839 2488 Vind.
862 2446 906 2490 l.
931 2442 1044 2506 Cuj.
1067 2457 1183 2492 cum
1204 2443 1356 2493 unica
1380 2444 1475 2494 Ed.
1497 2445 1621 2494 Bas.
1661 2446 1834 2509 Vulgo
1854 2446 1935 2494 sed
1955 2445 2064 2493 adv.
2113 2442 2239 2492 Mox
2257 2440 2445 2500 ausam·
2479 2437 2637 2488 Vind.
2655 2441 2700 2486 1.

499 2505 558 2553 de
578 2519 628 2554 se
647 2510 698 2554 et
717 2507 775 2555 de
793 2507 894 2556 suis
913 2508 1166 2559 Fouc.—⁷
1200 2511 1415 2567 Quodam
1439 2511 1673 2560 Harlem.
1714 2511 1863 2561 Huls.
1898 2510 1983 2575 qui
2016 2516 2070 2558 et
2093 2508 2421 2558 conditionem.
2444 2504 2625 2556 Graev.
2649 2503 2701 2552 in

1485 2676 1539 2727 N
1543 2676 1699 2727 01·AE

499 2783 795 2835 tisfactione
827 2786 877 2835 in
907 2787 1050 2838 Juiio
1073 2803 1188 2853 cap.
1212 2795 1293 2840 73.
1359 2791 1465 2842 Hic
1483 2791 1558 2841 vi-

501 2859 653 2910 detur
686 2861 829 2912 innui
865 2863 1111 2915 Haterius
1133 2867 1239 2932 ine,
1269 2868 1334 2918 de
1357 2883 1458 2934 quo
1481 2869 1559 2918 iu·

498 2935 583 2987 fra
603 2952 647 2988 c.
672 2943 752 2987 29.

563 3021 587 3046 ⁶
622 3011 881 3078 Dominus]
916 3015 1136 3080 Augusti
1177 3020 1436 3081 exemplo,
1475 3035 1559 3070 su-

499 3102 596 3151 pra
618 3104 735 3151 cap.
759 3095 837 3138 53.
860 3090 946 3139 ubi
970 3091 1020 3139 in
1046 3095 1403 3143 contumetiam
1420 3094 1470 3143 id
1492 3095 1557 3145 ab

498 3164 611 3213 aliis
646 3179 849 3228 quoque
886 3180 1246 3230 nonnunquam
1283 3177 1559 3234 acceptum

478 3248 590 3290 *aut
614 3242 867 3303 prolatum
891 3242 1288 3293 observavimus.
1541 3242 1552 3252 '

561 3314 582 3348 ἴ
610 3316 711 3365 Pro
746 3322 951 3379 auctore,
973 3321 1231 3385 suasorem]
1277 3320 1394 3371 Nisi
1439 3320 1561 3373 ideo

495 3393 801 3457 distinguas,
844 3396 978 3460 quod
1024 3400 1242 3446 stiasoris
1289 3399 1559 3450 consilium

497 3485 598 3519 non
618 3485 822 3533 semper
845 3471 1125 3536 sequimur.
1191 3473 1341 3524 Idem
1365 3475 1557 3538 signifi-

495 3554 620 3596 cant
655 3548 975 3613 pierumque.
1048 3550 1263 3600 Plautus
1297 3552 1347 3601 in
1371 3554 1557 3604 Sticho

496 3622 621 3674 Act.
640 3637 680 3672 1.
706 3624 858 3674 Scen.
880 3630 928 3674 2.
955 3639 1030 3674 vs·
1061 3630 1144 3675 72.
1188 3633 1202 3656 ⁸
1224 3627 1355 3676 Mihi
1374 3636 1554 3678 aucto·

496 3714 581 3749 res
604 3699 680 3748 ita
701 3708 822 3748 sunt
843 3699 1031 3756 amici:
1052 3703 1150 3751 διο.
1209 3701 1306 3752 Cui
1344 3718 1558 3767 respon-

496 3775 624 3824 dent
646 3777 786 3825 senis
801 3776 937 3824 illius
959 3775 1077 3824 filiae
1101 3792 1115 3825 ε
1151 3777 1168 3804 ⁴
1187 3777 1260 3827 At
1285 3779 1419 3828 enim
1443 3794 1554 3844 nos,

494 3866 704 3917 quarum
725 3865 809 3900 res
835 3853 1022 3914 agitur,
1045 3852 1196 3901 aliter
1213 3864 1457 3905 auctores
1472 3872 1557 3906 su·

494 3927 643 3976 mus.’
720 3928 917 3977 Iterum
957 3929 1007 3976 in
1047 3930 1266 3979 Poenulo
1305 3932 1425 3981 Act.
1465 3947 1554 3982 ιιι.

494 3998 646 4052 Scen.
667 4009 716 4054 4.
735 4020 808 4052 vs.
839 4008 918 4053 11.
949 4008 1047 4055 διο.
1113 4007 1385 4058 Terentius
1408 4009 1456 4059 in
1483 4009 1557 4058 A·

497 4078 702 4142 delphis
728 4080 848 4129 Act.
875 4094 932 4130 v.
950 4082 1103 4131 Scen.
1123 4085 1173 4132 8.
1193 4097 1273 4133 vs.
1288 4089 1366 4133 15.
1396 4086 1412 4112 ‘
1431 4087 1556 4135 satis

495 4170 648 4207 sanus
688 4158 776 4205 es?
809 4158 920 4219 Ego
958 4173 1120 4208 novus
1164 4163 1382 4212 maritus
1421 4179 1557 4215 anuo

497 4231 700 4279 demum
740 4233 922 4294 quinto
957 4243 1012 4282 et
1046 4238 1363 4300 sexagesimo
1389 4240 1557 4302 Fiam,

418 4350 425 4355 .
497 4315 655 4372 atque
679 4321 831 4358 anum
852 4306 1174 4373 decrepitam
1196 4313 1380 4365 ducam
1402 4317 1421 4366 ?
1468 4316 1556 4367 Id·

1640 2807 1703 2842 ne
1727 2790 1851 2841 estis
1872 2796 2109 2840 auctores
2129 2789 2250 2839 mihi
2270 2787 2304 2836 θ’
2366 2787 2435 2836 Et
2453 2784 2699 2849 Virgilius

1638 2869 1729 2919 lib.
1777 2882 1840 2918 ιι.
1878 2866 2124 2932 Georgic.
2166 2881 2240 2915 vs.
2275 2869 2391 2914 285.
2424 2865 2441 2892 ⁴
2462 2864 2582 2914 Nec
2608 2861 2702 2911 tibi

1638 2952 1746 2996 tam
1794 2944 2018 3009 prudens
2069 2943 2336 3008 quisquam
2387 2938 2703 3003 persuadeat

1638 3020 1856 3083 auctor,’
1892 3023 1990 3070 &m
2056 3020 2252 3068 Verum
2277 3019 2330 3066 in
2355 3016 2581 3080 publicis
2614 3030 2701 3067 ne-

1638 3098 1789 3163 gotiis
1813 3097 2003 3161 saepius
2040 3088 2194 3145 etiam
2217 3095 2259 3143 is
2284 3100 2465 3143 auctor
2491 3091 2706 3153 dicitnr,

1639 3173 1727 3239 qui
1766 3188 1831 3223 ex
1874 3172 2131 3236 dignitate
2173 3185 2267 3220 sua
2315 3168 2702 3229 anctoritatem,

1636 3250 1735 3299 hoe
1759 3257 1858 3311 est,
1881 3255 2210 3311 potestatem,
2228 3245 2387 3295 habet
2405 3245 2606 3311 aliquid
2624 3247 2707 3309 ju-

1639 3326 1834 3376 bendis
1872 3341 1923 3374 v·
1970 3338 2020 3387 g.
2066 3339 2181 3374 cum
2224 3322 2484 3371 dicuntur
2529 3328 2702 3384 patres

1640 3409 1880 3453 auctores
1903 3400 2033 3463 fieri,
2060 3401 2138 3448 vel
2167 3398 2286 3449 dnm
2320 3398 2512 3447 dicitur
2544 3398 2704 3447 Sena-

1638 3480 1766 3530 toria
1791 3479 1874 3527 vel
1911 3476 2165 3527 Praetoria
2191 3475 2506 3524 auctoritate
2540 3473 2703 3523 sanci·

1641 3563 1748 3605 tum
1772 3553 1896 3620 quid
1920 3568 2049 3603 esse.
2117 3553 2201 3601 De
2238 3551 2313 3600 his
2334 3550 2701 3613 jureconsulti.

1635 3632 1811 3681 Livius
1834 3638 1888 3680 et
1912 3631 2098 3680 Cicero
2123 3627 2326 3691 passim.

1702 3715 1729 3750 t
1763 3709 1864 3757 Pro
1905 3705 2073 3766 sacris,
2106 3704 2216 3768 ξω]
2262 3702 2571 3752 Torrentius
2614 3700 2701 3751 ad·

1636 3784 1844 3834 modum
1868 3782 2105 3847 apposite
2128 3788 2294 3838 notat,
2316 3794 2419 3829 non
2436 3780 2512 3828 ita
2536 3794 2566 3827 a
2588 3794 2700 3842 pos·

1638 3860 1915 3910 terioribus
1931 3857 2339 3921 Imperatoribus
2359 3855 2669 3919 prohibitum
2685 3870 2699 3902 ε

1634 3937 1685 3984 hi
1741 3937 1934 4000 quippe
1981 3948 2081 3982 non
2124 3933 2496 3997 occupationes
2552 3930 2699 3980 modo

1637 4028 1754 4062 suas
1775 4027 1951 4061 sacras
1975 4012 2077 4060 dici
2099 4011 2401 4075 permisere,
2420 4009 2514 4058 sed
2532 4018 2587 4058 et
2608 4021 2697 4057 sua

1638 4085 1826 4144 omnia}
1849 4103 1916 4137 ne
1939 4087 2144 4136 stabulo
2166 4085 2374 4151 quidem
2398 4091 2642 4148 excepto.

1702 4163 1726 4201 ¹¹
1761 4164 1987 4228 Patiens]
2023 4161 2638 4221 Notandadissimuia'tio,
2652 4158 2691 4207 si

1637 4256 1751 4292 cum
1796 4255 1909 4303 cap.
1954 4245 2036 4290 51.
2078 4241 2131 4290 in
2175 4239 2417 4303 Angusto
2461 4235 2690 4289 conferas

1635 4319 1771 4369 hunc
1795 4319 1982 4369 locum.
