3019 4922
2332 417 2457 483 361

295 574 467 642 Nam
497 573 820 658 deinceps
861 592 1078 657 neque
1106 571 1175 635 in
1205 571 1481 647 Senatu,
1515 591 1731 654 neque
1760 570 1944 655 apud
1976 573 2313 656 populum,
2348 596 2462 639 ne-

293 698 412 761 que
440 678 624 761 apud
655 677 925 747 milites,
975 677 1244 739 locutus
1292 686 1396 737 est
1445 694 1763 756 unquam,
1800 676 1980 739 nisi⁷
2031 675 2349 741 meditata
2393 687 2464 743 et

293 780 680 863 composita
723 780 1040 854 oratione,
1073 778 1378 859 quamvis
1426 797 1559 839 non
1611 776 2043 841 deficeretur⁸
2063 787 2091 811 v
2118 778 2203 841 ad
2237 781 2463 845 subita

291 880 731 963 extemporali
762 879 1141 944 facultate.w
1229 876 1333 941 Ac
1384 897 1468 941 ne
1522 877 1890 960 periculum
1937 881 2272 944 memoriae
2322 882 2464 945 adi-

291 988 407 1059 ret,
439 990 558 1046 aut
587 983 655 1045 in
677 991 705 1032 ⁹
735 982 1093 1047 ediscendo
1126 987 1392 1063 tempus
1430 983 1834 1059 absumeret,
1873 983 2160 1046 instituit
2188 984 2465 1049 recitare

293 1085 539 1156 omnia.
632 1084 976 1148 Sermones
1007 1103 1278 1166 quoque
1309 1103 1457 1146 cum
1492 1084 1799 1166 singulis,
1850 1093 2051 1167 atque
2084 1086 2283 1149 etiam
2312 1105 2465 1149 cum

295 1186 490 1250 Livia
513 1206 636 1250 sua
664 1188 1011 1267 graviores,
1056 1187 1320 1250 nonnisi
1354 1187 1721 1269 scriptos,¹0
1751 1194 1819 1251 et
1849 1206 1887 1250 e
1916 1186 2143 1251 libello
2165 1195 2183 1224 ¹
2211 1196 2236 1221 x
2263 1186 2467 1250 habe-

293 1287 432 1365 bat,
461 1306 546 1349 ne
579 1287 731 1369 plus
756 1289 1054 1351 minusve
1099 1288 1487 1370 loqueretur
1541 1306 1630 1350 ex
1673 1295 1993 1370 tempore.
2080 1286 2468 1350 Pronuntia-

295 1390 435 1468 bat,
463 1389 642 1453 dulci
672 1394 737 1454 et
762 1390 1035 1473 proprio
1065 1390 1357 1472 quodam
1406 1388 1542 1455 oris
1591 1410 1782 1466 sono,
1827 1390 2163 1472 dabatque
2194 1387 2468 1452 assidue

295 1489 682 1573 phonasco&
713 1511 1018 1574 operam:
1065 1492 1188 1555 sed
1235 1512 1733 1576 nonnunquam,
1765 1492 2107 1557 infirmatis
2133 1481 2468 1567 faucibuS,

294 1593 620 1674 praeconis
648 1611 818 1657 voce
840 1601 864 1627 ²
892 1593 977 1657 ad
1002 1593 1322 1677 populum
1368 1594 1809 1660 concionatus
1838 1601 1966 1658 est.
2053 1594 2207 1677 [85]
2241 1592 2464 1657 Multa

1186 430 1581 480 OCTAVIUS.

1209 1791 1563 1812 ”O‘OOOOOON

294 1920 406 1970 Jam
424 1919 577 1969 deinc.
599 1921 797 1970 notavit
817 1934 952 1970 man.
988 1920 1125 1971 doct.
1158 1921 1207 1970 in
1242 1934 1331 1969 ora
1361 1920 1459 1971 Ed.
1497 1922 1771 1972 Planta-⁷
1809 1922 1974 1971 Deest
2008 1923 2103 1972 nisi
2129 1922 2242 1986 an.
2270 1928 2324 1972 et
2347 1922 2472 1972 item

298 1985 394 2033 Ed.
428 1986 733 2041 Bremianae‚
768 1987 1057 2049 typothetae
1092 1989 1380 2035 errore—8
1414 1984 1501 2033 Ita
1528 1987 1738 2036 Merum.
1773 1987 1891 2035 Pin.
1920 1988 2056 2036 Dun.
2093 1988 2212 2050 Cuj.
2245 1989 2395 2037 Voss.
2418 1996 2474 2037 et

299 2049 413 2099 cod.
440 2049 561 2098 Urs.
586 2065 700 2098 cnm
724 2051 820 2099 Ed.
837 2051 1017 2113 Steph.
1040 2049 1435 2113 suffragantibus
1455 2052 1600 2103 Torr.
1621 2050 1794 2100 Graev.
1818 2049 2006 2102 Scheff.
2027 2053 2166 2101 Oud.
2188 2050 2340 2102 Wolf.
2366 2052 2474 2101 Ha-

299 2113 385 2162 bet
410 2114 609 2162 viterb.
630 2130 721 2163 non
741 2115 954 2179 deficeret
971 2131 1001 2163 a
1017 2116 1173 2163 subita
1195 2121 1244 2164 et
1259 2115 1474 2173 ext.fuc.
1498 2117 1579 2164 cui
1603 2115 1746 2164 favet
1760 2116 1980 2165 Casaub.
2024 2117 2196 2166 Ceteri
2219 2118 2395 2179 scripti
2421 2125 2476 2165 et

300 2179 421 2226 editi
445 2178 677 2243 deficeret,
703 2179 836 2243 quod
863 2179 1095 2228 defendit
1118 2180 1271 2230 Grut.
1288 2179 1761 2244 restituendumque
1779 2182 1976 2243 putavit
1990 2183 2165 2231 Burm.
2183 2184 2267 2244 qui
2290 2190 2482 2243 tamen,

298 2243 340 2289 si
365 2244 493 2291 Mss.
514 2243 838 2303 addicerent,
872 2245 971 2306 legi
1014 2245 1199 2293 vellet:
1233 2259 1336 2292 -non
1369 2245 1584 2310 deficeret
1614 2248 1675 2294 ad
1710 2245 1865 2294 subita
1898 2247 2225 2310 extemporalis
2247 2245 2480 2307 facultas.

301 2307 546 2358 Qnaedam
587 2307 719 2358 Edd.
749 2323 811 2357 ex
845 2314 983 2372 temp.
1022 2309 1218 2358 duobus
1256 2309 1521 2358 vocib.-—9
1555 2311 1709 2359 Liber
1745 2326 1874 2359 unus
1896 2312 2044 2361 Torr.
2068 2311 2239 2361 omisit
2272 2312 2323 2359 in
2358 2317 2478 2359 ante'

299 2372 438 2421 edisc.
469 2374 596 2421 Tum
612 2379 867 2422 assumeret
888 2374 1029 2423 Cort.
1050 2373 1183 2422 Edd.
1209 2375 1356 2423 Rom.
1393 2374 1531 2422 Dein
1547 2381 1685 2438 utque
1706 2377 1969 2425 exciderat
1993 2391 2259 2440 operarum
2280 2376 2432 2436 culpa
2449 2388 2479 2423 e

302 2437 476 2488 Graev.
501 2437 762 2487 Edd.-10
799 2437 949 2487 Hanc
971 2438 1197 2501 conject.
1222 2438 1522 2503 Burmanni,
1541 2456 1691 2505 quam
1711 2441 1926 2490 totidem
1952 2442 2112 2490 literis
2136 2441 2338 2488 exhibet
2357 2441 2480 2502 Lys.

302 2517 390 2550 sen
416 2504 557 2552 Cort.
582 2504 778 2565 recepit
802 2504 954 2552 etiam
979 2503 1140 2553 Wolf.
1165 2502 1303 2552 Oud.
1329 2519 1388 2552 ac
1424 2504 1662 2554 Ernestio
1687 2507 1973 2568 probatam.
2023 2507 2193 2565 Vulgo
2215 2505 2266 2553 in
2288 2505 2481 2567 scriptis

303 2567 385 2615 vel
402 2568 704 2630 simpliciter
724 2568 915 2630 scriptis
935 2568 1045 2616 sine
1066 2569 1135 2628 in,
1159 2569 1232 2616 uti
1260 2567 1495 2631 praebent
1521 2571 1674 2618 codd.
1702 2571 2022 2632 plurimi.—l
2063 2572 2105 2618 E
2128 2569 2240 2616 bello
2259 2568 2412 2617 vind.
2432 2572 2481 2618 2.

302 2632 428 2681 Mox
445 2633 694 2695 phonaiseo
716 2633 863 2684 Voss.
895 2633 1144 2696 phonoisco
1175 2631 1276 2681 Ed.
1314 2633 1490 2696 Camp.
1522 2635 1755 2697 phonasco
1779 2635 1909 2683 Ven.
1932 2640 1996 2682 tr.
2012 2634 2230 2695 phanisco
2271 2632 2482 2682 Mediol.

1281 2812 1494 2863 NOTAE

304 2936 441 3000 apud
486 2939 735 2989 Senecam
780 2949 997 3004 patrem,
1043 2940 1351 3005 praefatione

305 3022 621 3065 controvers.
651 3024 706 3065 et
728 3018 859 3066 infra
890 3019 977 3068 lib.
1012 3018 1078 3068 de
1117 3019 1351 3068 Rhetori-

1493 2951 1517 2986 5
1551 2943 1819 3006 phonasco]
1854 2944 1968 2992 Hoc
1991 2950 2070 2992 est
2093 2940 2372 2991 formandas
2399 2955 2484 2989 vo-

1433 3017 1507 3068 cis
1555 3021 1818 3081 magistro,
1856 3019 2033 3082 quales
2074 3015 2209 3079 apud
2247 3016 2486 3080 antiquos

306 3092 421 3141 bus.
490 3092 642 3143 Quod
685 3095 811 3144 mire
853 3096 1134 3145 insectatur
1170 3097 1353 3145 Petro·
1434 3092 1581 3142 fuere
1605 3093 2035 3158 frequentissimi:
2072 3091 2203 3154 φωνὴ
2226 3092 2361 3141 enim
2386 3092 2487 3140 La-

303 3170 439 3232 nius,
461 3170 633 3218 statim
669 3170 733 3220 ab
765 3170 913 3221 initio
940 3186 1113 3221 eorum
1137 3187 1251 3238 quae
1276 3188 1356 3222 su·

305 3254 525 3309 persunt
547 3249 612 3296 de
635 3247 889 3311 Satyrico.

365 3331 389 3356 v
435 3324 731 3387 Deficeretur
776 3322 1043 3389 [deficeret]
1100 3323 1359 3375 Casaubo-

307 3413 400 3447 nus
424 3414 490 3448 ex
513 3400 822 3449 viterbiensi
846 3399 1023 3449 codice
1048 3398 1256 3463 praefert
1279 3401 1360 3448 de-

296 3477 467 3540 ficeret
481 3493 511 3525 a
531 3477 703 3532 subita,
719 3481 800 3541 ὅτ.
827 3479 925 3532 vel,
948 3477 1075 3526 utin
1090 3477 1224 3537 aliis,
1246 3475 1360 3540 defi·

307 3559 508 3602 cer-etur.
574 3554 635 3601 ln
662 3553 972 3602 Memmiana
995 3552 1170 3601 codice
1193 3551 1357 3614 defice-

306 3634 439 3678 retur
457 3630 522 3677 ad
542 3628 697 3677 subita
718 3628 1022 3690 extemporali
1030 3628 1284 3687 facultate.

372 3711 404 3735 ¹*
443 3705 768 3766 Extemporazi
810 3703 1069 3766 facultate]
1133 3703 1250 3754 Qua
1293 3716 1359 3750 ex

311 3787 562 3843 tempore,
591 3781 722 3828 citra
744 3779 1090 3829 meditationis
1112 3780 1360 3839 laborem,

309 3858 595 3905 orationem
621 3856 994 3918 pronuntiaret.
1057 3856 1221 3907 Quem
1238 3854 1358 3918 jure

308 3930 655 3983 Quintilianus
680 3930 966 3978 studiorum
990 3929 1219 3978 fructum
1245 3942 1360 3978 esse

310 4011 585 4057 maximum
607 4007 886 4056 existimat.

372 4090 400 4116 ¹
434 4082 642 4145 Libello]
678 4084 867 4132 Sensus
884 4088 986 4144 est,
1007 4095 1120 4129 eum
1142 4082 1194 4130 in
1217 4081 1364 4130 libel·

311 4160 362 4208 lo
399 4159 731 4222 descripsisse
766 4172 883 4222 quae
922 4172 1037 4206 curn
1075 4157 1186 4219 ipsa
1216 4156 1364 4205 Livia

313 4238 663 4287 collocuturus
687 4243 820 4299 erat,
837 4236 880 4285 si
904 4234 1152 4299 gravioris
1175 4249 1237 4284 ea
1261 4249 1366 4284 mo·

314 4314 473 4364 menti
498 4312 691 4363 forent.

1438 3170 1548 3219 tine
1571 3185 1670 3220 vox
1691 3178 1773 3219 est
1797 3170 1931 3219 unde
1953 3184 2035 3217 ars
2057 3170 2169 3233 ipsa
2199 3169 2490 3218 Phonascia

1437 3247 1579 3298 dicta
1610 3256 1705 3297 est.
1773 3248 1894 3297 Fuit
1928 3255 1983 3295 et
2023 3247 2278 3309 pataestrae
2315 3259 2491 3307 genus,

1438 3324 1582 3386 cnjus
1626 3328 1974 3392 praeceptores
2029 3321 2305 3383 palaestrici
2350 3319 2490 3368 dice-

1440 3397 1661 3457 bantur3
1708 3398 1758 3445 bi
1798 3407 1967 3445 motus
2008 3403 2281 3459 gestusque
2305 3393 2488 3443 forma÷

1442 3473 1586 3535 bant,
1623 3486 1687 3520 ne
1712 3487 1760 3522 v.
1787 3487 1834 3533 g.
1858 3471 2062 3518 rusticae
2085 3485 2262 3517 manus
2302 3476 2492 3529 essent,

1438 3561 1504 3596 ne
1528 3548 1702 3611 quain
1725 3545 1991 3595 movendis
2023 3544 2240 3607 pedibus
2268 3543 2491 3606 inscitia‚'

1439 3638 1504 3671 ne
1539 3623 1741 3671 demum
1768 3627 1930 3671 status
1965 3622 2066 3669 ulla
2095 3636 2158 3669 ex
2185 3629 2332 3684 parte
2354 3619 2494 3671 foret

1439 3701 1733 3761 indecorus,
1754 3702 1854 3748 διο.
1890 3713 2041 3762 quam
2076 3704 2238 3745 artem
2273 3696 2356 3760 qui
2390 3710 2494 3744 non

1441 3776 1751 3830 didicerant,
1794 3774 1828 3823 ii
1868 3774 1934 3823 ab
1975 3772 2194 3837 antiquis
2235 3767 2495 3832 apalaestri

1440 3851 1765 3900 dicebantur.
1796 3851 1875 3899 De
1896 3848 2078 3912 quibus
2101 3849 2248 3910 plura
2271 3845 2495 3895 Budaeus

1440 3929 1494 3976 in
1540 3926 1950 3976 annotationibus
1988 3924 2051 3971 ad
2097 3924 2389 3972 Pandectas
2429 3927 2498 3970 ex

1445 4005 1715 4064 Cicerone,
1730 4001 2073 4061 Quintiliano,
2091 4003 2188 4048 διο.
2223 3998 2339 4047 Hoc
2359 3999 2496 4046 enim

1445 4095 1508 4128 ne
1545 4080 1841 4141 ignorarent
1872 4076 2077 4139 ingenui
2121 4082 2174 4140 et
2218 4073 2499 4122 liberaliter

1446 4155 1650 4204 educati
1671 4153 1818 4216 pueri
1839 4152 2060 4200 maxime
2083 4155 2429 4200 curaverunt.

1513 4238 1534 4262 ¹¹
1552 4229 1794 4279 Proeeonis
1813 4225 1946 4289 voce]
1963 4227 2338 4290 Imperatorum
2361 4232 2500 4288 post·

1450 4320 1515 4355 ea
1570 4304 1672 4356 fuit
1713 4305 1803 4355 illa
1845 4304 2181 4360 consuetudo,
2221 4309 2279 4352 ut
2322 4314 2499 4351 eorum
