3019 4922
2379 389 2506 455 153

319 545 504 610 Nihil
549 563 698 609 esse
746 544 1277 628 Rcmpublicam,
1307 546 1869 629 appellationem³
1913 547 2118 611 modo
2170 546 2313 611 sine
2363 569 2506 614 cor·

316 669 481 734 pore
512 668 594 713 ac
623 648 898 731 specie.¹
992 648 1281 733 Syllam‘
1321 650 1618 714 nescisse
1661 649 1885 714 literas
1916 651 2029 734 qui
2060 651 2504 716 dictaturam¹¹
2577 715 2582 722 ,

314 750 720 834 deposuerit.
832 751 1092 815 Debere
1120 750 1416 821 homines
1448 751 1934 816 consideratius
1978 752 2123 835 jam
2167 753 2353 836 loqui
2402 774 2505 817 se-

310 873 487 930 cum,
518 874 601 919 ac
631 874 755 938 pro
781 854 1038 938 legibus
1066 854 1363 932 habere,²
1393 875 1547 938 quae
1578 854 1780 919 dicat.
1841 854 2078 938 quue
2100 856 2498 938 arrogantiae

311 961 719 1040 progressus
764 964 890 1035 est,
937 964 1031 1035 ut,
1078 957 1431 1040 haruspice
1482 958 1702 1022 tristia
1747 963 1811 1022 et
1861 959 2009 1022 sine
2058 958 2255 1023 corde
2299 966 2505 1024 exta*

316 1080 509 1126 sacro
543 1060 833 1146 quodam
856 1068 876 1107 ³
918 1062 1277 1138 nuntiante,
1305 1061 1527 1126 futura
1555 1059 1806 1126 diceret
1834 1062 2156 1141 laetiora,w
2185 1083 2336 1126 cum
2368 1065 2503 1128 vel·

1270 399 1562 450 sumus.

1229 1242 1589 1264 OOOOOOOOOOOO

313 1360 451 1423 conj.
511 1361 615 1409 sine
658 1375 728 1419 re,
782 1366 836 1409 et
874 1361 1099 1424 explicat
1149 1360 1346 1422 speciem
1397 1358 1414 1387 ‘
1434 1359 1507 1421 id,
1563 1359 1698 1423 qnod
1738 1375 1858 1409 vere
1915 1367 1997 1410 est
2040 1368 2195 1423 atque
2232 1361 2504 1411 subsistit!

312 1426 500 1474 Mallet
522 1427 737 1474 Salmas.
758 1427 975 1489 speciem,
995 1426 1128 1491 quod
1150 1427 1200 1474 in
1228 1434 1424 1474 textum
1454 1439 1701 1487 recepere
1724 1425 1902 1476 Burm.
1928 1435 1981 1474 et
2007 1426 2145 1475 Ond.
2172 1427 2502 1487 probantibus

311 1490 669 1540 Gron.Graev.
694 1506 755 1540 ac
778 1493 999 1557 Ermqui
1027 1501 1193 1541 tamen
1213 1491 1308 1540 hoc
1326 1491 1506 1539 ordine
1527 1499 1804 1555 reponunt,
1820 1495 1926 1555 app.
1941 1493 2062 1540 mod.
2083 1492 2192 1556 (vel
2210 1494 2332 1542 mod.
2349 1493 2501 1543 omis-

311 1554 393 1618 so)
411 1572 467 1605 ac
479 1558 575 1605 sin.
599 1570 697 1605 cor.
719 1572 793 1619 sp.
821 1559 1033 1620 Banmg.
1053 1557 1234 1606 maluit
1258 1557 1352 1618 ita,
1367 1571 1422 1604 uc
1442 1571 1515 1619 sp.
1535 1558 1638 1604 sine
1652 1571 1747 1605 cor.
1766 1560 1854 1605 sed
1875 1559 2032 1605 etiam
2052 1572 2167 1606 curn
2195 1556 2346 1606 Wolf.
2365 1560 2503 1620 vulg.

313 1620 671 1670 defendit.-2
705 1623 865 1672 Deest
899 1623 1066 1672 habere
1088 1624 1281 1685 Copes:
1341 1622 1475 1670 Dein
1494 1621 1734 1685 professus
1755 1622 1867 1672 loco
1888 1623 1975 1671 τοῦ
1993 1637 2157 1684 progr.
2181 1623 2339 1672 Vind.
2367 1629 2411 1673 1.
2445 1630 2502 1674 et

311 1687 543 1750 bari-spice
567 1688 823 1737 Fouc.-3
858 1690 1048 1737 Exacta
1062 1703 1196 1737 sacra
1220 1688 1336 1736 Pin.
1360 1687 1512 1735 Voss.
1524 1683 1691 1735 εὲαοία
1709 1702 1845 1736 sacra
1865 1688 2095 1750 quondam
2116 1687 2310 1737 Medic.
2333 1692 2382 1737 2.
2403 1690 2505 1739 Ed.

313 1752 494 1817 Camp.
509 1760 682 1803 exacta
700 1768 834 1804 sacro
857 1753 1036 1817 anac.
1057 1767 1193 1803 sacra
1213 1754 1444 1815 quondam
1465 1752 1636 1802 Periz.
1662 1751 1894 1805 Harlem.
1915 1751 2071 1802 Vind·
2093 1762 2332 1817 uterque,
2354 1754 2501 1804 Cort.

1296 1899 1515 1950 NOTAE

313 1997 491 2047 Caesar
528 1997 641 2062 ipse
677 1998 766 2048 lib.
804 1997 868 2049 de
909 2000 1045 2049 Bell.
1087 1998 1241 2051 Civil.
1281 2014 1367 2050 111.

311 2076 446 2125 nude
473 2074 857 2140 praeferendum
881 2085 1212 2127 censuerunt.

369 2161 388 2185 ⁸
421 2153 826 2217 Appellationem]
876 2154 936 2203 Id
976 2155 1141 2218 ipsum
1180 2152 1366 2204 Cicero

310 2232 649 2295 conqueritur
671 2232 721 2280 in
747 2232 992 2296 Epistolis
1014 2231 1080 2281 ad
1111 2231 1366 2293 Atticum,

310 2308 505 2357 nullum
541 2308 740 2358 scilicet
762 2322 875 2359 esse
898 2310 1139 2367 colorem,
1171 2309 1365 2359 nullum

311 2398 538 2442 succum,
606 2384 798 2434 nullam
858 2381 1077 2434 formam
1133 2386 1366 2435 relictam

311 2460 458 2525 Reip.
499 2476 600 2526 qno
641 2477 792 2511 sensu
832 2463 1099 2513 Lucanus:
1138 2464 1154 2490 ‘
1180 2461 1369 2513 Omnia

311 2539 483 2590 Caesar
507 2549 641 2600 erat,
676 2542 895 2606 privatae
920 2542 1065 2591 curia
1087 2532 1366 2591 vocis‘Tes-

313 2617 376 2666 tis
396 2609 581 2681 adest‚'
603 2622 700 2668 διο.

371 2696 388 2728 ῑ
418 2695 627 2760 Syllam]
682 2697 989 2747 Plutarchus
1027 2698 1076 2747 in
1115 2698 1277 2763 Sylla,
1312 2704 1367 2748 et

312 2770 511 2821 Gellius
536 2773 626 2822 lib.
651 2788 688 2824 1.
712 2789 827 2838 cap.
850 2780 927 2825 12.
951 2777 1188 2824 relictum
1213 2777 1278 2823 ab
1302 2790 1364 2825 eo

309 2848 524 2898 tradunt
535 2865 704 2899 rerum
718 2865 918 2900 suarum
931 2851 1366 2901 commentarium.

310 2925 582 2977 Sallustius
638 2927 775 2977 bello
830 2928 1145 2991 Jugurthino
1199 2929 1365 2978 literis

312 3001 511 3053 Graecis
549 3010 603 3053 et
637 3004 832 3053 Latinis
864 3004 1159 3054 doctissime
1197 3003 1365 3054 erudi-

231 3088 237 3094 ’
313 3083 417 3127 tum
464 3079 645 3142 refert,
680 3090 736 3130 et
775 3081 895 3130 inde
933 3081 1146 3144 colligas
1186 3082 1364 3132 rudem

310 3169 408 3205 non
430 3155 613 3214 fuisse,
650 3159 736 3222 qui
775 3165 879 3207 tam
920 3172 1045 3207 vera
1067 3157 1133 3207 de
1158 3160 1365 3209 Caesare

310 3234 636 3298 conjecisset,
674 3251 790 3299 cap.
828 3240 874 3286 1.
908 3236 998 3285 sed
1040 3236 1179 3286 rudis
1217 3237 1268 3286 in
1305 3252 1366 3288 eo

310 3310 447 3360 visus
472 3326 535 3361 ac
561 3311 848 3375 imperitus,
883 3312 970 3377 qui
1012 3319 1159 3362 tanta
1178 3328 1233 3362 se
1256 3313 1366 3378 dig·

310 3388 472 3439 nitate
538 3389 845 3439 abdicasset.
952 3391 1131 3440 Caesar
1171 3392 1365 3456 qnippe

311 3463 571 3516 difficilius
615 3481 706 3516 seu
758 3466 1096 3530 periculosius
1138 3468 1366 3519 ducebat

310 3541 573 3606 deponere
611 3544 988 3607 principatum„
1020 3561 1171 3611 quam
1212 3561 1366 3596 occu·

310 3633 462 3681 paret
500 3619 637 3684 quod
674 3627 730 3669 et
762 3621 846 3669 alii
884 3622 1051 3683 multi,
1082 3629 1141 3672 nt
1175 3622 1363 3684 passim

309 3695 483 3759 legere
504 3704 605 3747 est.
671 3698 741 3747 Et
763 3697 828 3748 de
855 3697 1060 3748 Coesare
1083 3699 1216 3764 ipso,
1247 3715 1363 3764 sup.

309 3787 422 3836 cap.
446 3778 530 3824 29.
1272 3811 1277 3816 -

371 3860 396 3885 ¹¹
431 3851 768 3916 Dictaturam]
805 3853 887 3902 De
922 3853 1020 3902 hac
1041 3867 1156 3917 cap.
1179 3857 1227 3904 9.
1266 3854 1366 3903 Re·

309 3942 419 3977 rum
444 3928 644 3991 potitus
666 3929 795 3977 hanc
817 3929 870 3978 in
904 3943 1062 3978 annos
1098 3934 1209 3980 120.
1231 3944 1365 3979 sum-

311 4014 470 4068 serat,
504 4020 621 4055 cum
659 4020 761 4056 non
801 4007 897 4058 nisi
925 4010 1187 4057 semestris
1211 4017 1367 4075 esset,

311 4096 371 4131 ac
395 4082 739 4145 postmodum,
774 4084 903 4134 urbe
940 4084 1365 4148 proscriptionum

310 4158 398 4222 (de
421 4159 608 4224 quibus
630 4175 677 4210 c.
703 4159 813 4225 ll.)
847 4162 1076 4211 caedibus
1097 4164 1367 4226 exhausta,

315 4243 494 4297 sponte
506 4234 767 4301 deposuit,
778 4238 851 4287 ita
864 4236 1105 4287 felicitati
1119 4252 1228 4287 suae
1243 4253 1364 4288 con·

314 4311 493 4379 fideus,
515 4320 573 4364 ut
592 4314 825 4378 privatus
846 4315 1018 4366 medio
1039 4315 1091 4366 in
1111 4313 1228 4367 foro
1253 4331 1362 4366 ver·

1449 2006 1672 2048 saretur.
1741 1998 1856 2049 Hac
1891 2004 2063 2048 autem
2086 2009 2214 2049 voce
2239 1998 2410 2048 Caesar
2430 2000 2506 2049 lu-

1407 2123 1412 2129 .
1448 2075 1607 2125 debat
1630 2076 1681 2125 in
1706 2076 1963 2140 ambiguo,
1988 2075 2129 2140 quasi
2152 2075 2351 2125 dictare
2375 2077 2502 2127 Dic·

1451 2153 1630 2202 tatoris
1645 2161 1803 2211 esset,
1815 2151 2238 2217 quemadmodum
2254 2161 2308 2201 et
2321 2152 2504 2202 Gram-

1448 2230 1752 2279 maticorum
1778 2229 2045 2293 discipulis
2069 2229 2174 2278 suis
2195 2227 2503 2279 dictantium

1447 2321 1563 2371 quae
1589 2306 1827 2362 reddant,
1851 2306 2035 2356 Horat.
2060 2305 2147 2355 lib.
2170 2319 2207 2354 1.
2231 2305 2399 2369 Epist.
2427 2311 2503 2356 18.

1447 2400 1582 2435 vers.
1626 2390 1704 2436 14.
1741 2389 1756 2414 ‘
1782 2387 1855 2436 Ut
1894 2400 2106 2450 puerum
2145 2393 2283 2434 saevo
2318 2385 2501 2435 credas

1447 2463 1644 2513 dictata
1669 2464 1918 2528 magistro
1943 2460 2214 2513 Reddere.'
2281 2463 2351 2512 Et
2372 2463 2504 2512 Dic·

1447 2546 1623 2590 tatura
1657 2540 1891 2592 dictandi
1924 2555 2107 2590 munus
2130 2540 2244 2604 hoc,
2277 2540 2340 2588 ad
2365 2540 2503 2605 qnod

1446 2633 1598 2668 nosse
1619 2626 1829 2682 oportet
1849 2618 2049 2679 literas,
2085 2631 2231 2680 aeque
2246 2617 2504 2680 signitica-

1448 2690 1547 2756 ret,
1578 2710 1638 2745 ac
1674 2695 2028 2758 magistratum
2052 2693 2193 2743 illum
2217 2693 2267 2740 in
2292 2692 2500 2756 Repub.

1446 2785 1713 2820 summum.

1509 2857 1534 2881 ’
1566 2849 1682 2898 Sine
1701 2850 1838 2898 corde
1860 2846 1996 2911 exta]
2048 2846 2152 2896 Cor
2175 2840 2276 2895 non
2298 2859 2503 2909 semper

1445 2927 1498 2976 in
1523 2928 1657 2977 extis
1691 2927 1917 2976 habiturn
1950 2932 2064 2985 est3
2099 2915 2187 2973 sed
2215 2929 2413 2973 tantum
2435 2923 2501 2973 ab

1444 3020 1508 3055 eo
1531 3015 1785 3070 tempore,
1803 3021 1904 3071 quo
1924 3005 2092 3055 victus
2109 3018 2138 3053 a
2162 3004 2402 3054 Romanis
2425 3010 2504 3054 est

1443 3084 1695 3148 Pyrrhus.
1735 3084 1853 3133 Hoc
1877 3084 1918 3133 si
1941 3083 2169 3142 deesset,
2192 3082 2503 3131 immolantis

1443 3160 1564 3210 vitae
1590 3161 1872 3225 periculum
1909 3159 2167 3224 portendi,
2203 3160 2353 3220 vulgo
2375 3174 2503 3209 nnn·

1444 3237 1647 3287 tiabaut
1667 3237 1986 3302 haruspices.
2018 3235 2170 3287 Unde
2192 3236 2374 3285 scribit
2392 3237 2502 3285 Pli-

1443 3313 1557 3363 nius
1582 3315 1671 3365 lib.
1694 3329 1758 3365 ιι.
1782 3329 1897 3378 cap.
1922 3317 2003 3362 37.
2028 3326 2261 3375 magnam
2286 3311 2352 3361 de
2375 3311 2504 3360 divi·

1443 3389 1654 3440 natione
1677 3399 1799 3441 tnnc
1823 3390 2072 3454 temporis
2096 3389 2501 3453 argumentanti·

1442 3467 1540 3517 bus
1559 3467 1719 3518 fuisse
1739 3468 2094 3532 quaestionem,
2108 3480 2228 3515 num
2246 3464 2503 3528 potuisset

1440 3544 1610 3594 hostia
1631 3546 1742 3593 sine
1767 3542 1924 3593 corde
1946 3543 2135 3592 vivere.
2171 3540 2290 3590 Hoc
2313 3541 2500 3603 ipsum,

1447 3626 1512 3676 de
1546 3641 1648 3690 quo
1679 3625 1763 3675 hic
1799 3638 1962 3675 sermo
1986 3631 2087 3684 est,
2118 3620 2290 3670 ridens
2311 3621 2501 3671 Cicero

1440 3703 1533 3753 lib.
1556 3703 1622 3752 de
1642 3701 1974 3751 Divinatione
1992 3713 2056 3749 ιι.
2080 3703 2351 3763 postquam
2374 3700 2503 3747 mul-

1442 3780 1509 3829 tis
1544 3779 1867 3843 impugnavit
1904 3774 2252 3839 extispicium,
2288 3773 2497 3824 tandem

1443 3857 1726 3922 subjungit,
1755 3856 1771 3882 ‘
1798 3869 1894 3917 ego
1916 3854 2051 3902 enim
2072 3867 2278 3917 possum
2302 3854 2384 3901 vel
2409 3868 2499 3904 ne·

1441 3934 1578 3983 scire
1600 3948 1714 3997 quae
1740 3931 1813 3980 vis
1837 3930 1905 3979 sit
1932 3929 2101 3978 cordis
2118 3927 2179 3976 ad
2204 3926 2497 3994 vivendum,

1441 4011 1522 4059 vel
1547 4008 1797 4072 suspicari
1817 4012 2139 4057 contractum
2158 4005 2330 4069 aliquo
2349 4007 2501 4058 mode

1443 4086 1587 4136 bovis
1624 4085 1778 4148 exile,
1820 4090 1878 4134 et
1914 4083 2175 4147 exiguum,
2209 4092 2266 4134 et
2305 4085 2496 4135 vietum

1443 4179 1552 4225 cor,
1583 4171 1638 4213 et
1655 4164 1899 4213 dissimile
1921 4161 2093 4213 cordis
2116 4161 2310 4212 fuisse.'

1497 4248 1542 4301 ,w
1580 4241 1761 4291 Futura
1796 4240 1890 4291 dic.
1931 4238 2137 4301 loetiora]
2173 4238 2495 4301 Responsum

1441 4316 1540 4380 boc
1578 4316 1629 4365 iu
1669 4316 1928 4382 Hispania
1963 4315 2179 4377 factum,
2213 4315 2496 4365 Sabellicus
