3019 4922
541 411 669 477 290
1386 425 1460 472 c.
1509 423 1870 473 sun'rouu

542 575 816 655 giorum,
842 587 995 655 quae
1022 570 1103 636 de
1125 568 1614 653 magistratibus
1629 570 1881 635 urbicis
1906 570 2324 635 Decuriones
2347 567 2368 606 ¹⁹
2395 572 2730 639 colonicis

539 678 608 742 in
638 696 762 741 sua
792 675 1084 759 quisque
1117 672 1380 739 colonia
1418 671 1687 752 ferrent,
1731 681 1799 739 et
1844 675 1969 738 sub
2015 672 2187 738 diem
2211 681 2264 711 ¹0
2310 675 2732 740 comitiorum

542 780 894 862 obsignata
917 787 934 816 ¹
970 776 1253 842 Romam
1284 776 1637 842 mitterent.
1725 776 1834 841 Ac
1865 777 2113 841 necubi
2145 783 2260 842 aut
2296 777 2728 842 honestorum

538 879 848 946 deficeret
877 880 1099 964 copia,
1132 887 1250 944 aut
1279 877 1723 944 multitudinis
1742 887 1768 915 ²
1802 880 2104 958 soboles,
2147 887 2524 965 equestrem
2553 880 2732 945 mili-

540 983 699 1049 tiam
722 987 1026 1068 petentes
1046 991 1071 1028 ⁸
1101 983 1304 1046 etiam
1336 1002 1422 1046 ex
1455 983 2035 1048 commendatione
2067 983 2339 1067 publica
2373 982 2727 1066 cujusque³

543 1085 775 1169 oppidi
803 1085 1188 1166 ordinabat;
1235 1089 1304 1149 at
1332 1085 1440 1162 iis,
1471 1086 1584 1169 qui
1613 1106 1651 1149 e
1694 1086 1892 1169 plebe
1929 1086 2227 1167 regiones
2260 1084 2391 1148 sibi
2421 1085 2733 1149 revisenti

538 1187 712 1251 filios
762 1187 1025 1252 filiasve
1074 1189 1545 1272 approbarent,
1599 1190 1862 1271 singula
1906 1207 2326 1254 nummorum
2365 1187 2577 1252 millia
2606 1204 2731 1270 pro

538 1287 902 1371 singulis⁴¹¹
948 1288 1315 1355 dividebat.
1360 1288 1530 1373 [47.]
1574 1290 1967 1356 Provincias
2019 1288 2398 1366 validiores,
2446 1292 2514 1352 et
2558 1306 2729 1372 quas

540 1392 773 1455 annuis
808 1394 1320 1475 magistratuum
1365 1393 1664 1477 imperiis
1718 1395 1882 1477 regi,
1932 1409 2057 1458 nec
2102 1393 2300 1457 facile
2341 1411 2467 1455 nec
2513 1397 2731 1455 tutum

538 1497 697 1571 erat,
720 1495 865 1578 ipse
893 1496 1235 1580 suscepit:
1261 1491 1277 1531 ἰ
1306 1501 1566 1561 ceteras
1595 1491 2182 1563 Proconsulibus-¹‘
2222 1495 2458 1561 sortito
2488 1494 2731 1579 permi—

1452 1693 1812 1715 ΟΜΝΝΙΜ

532 1825 717 1878 canda.
762 1826 914 1877 Miill.
950 1832 1122 1877 antem
1160 1826 1295 1891 conj.
1327 1825 1707 1877 emendandum
1739 1840 2004 1891 quanquam
2037 1824 2171 1873 modo
2200 1836 2321 1887 μμ.
2342 1823 2509 1873 ‹aL—9
2545 1823 2726 1873 Burm.

535 1892 717 1941 Decur.
738 1893 886 1940 colon.
913 1892 1299 1955 transpositum,
1321 1899 1375 1941 et
1403 1899 1524 1956 post
1536 1892 1730 1951 ferrent
1759 1895 1815 1942 ec
1831 1890 2122 1955 ponendum
2148 1889 2369 1950 censuit,
2391 1888 2728 1952 probantibus

537 1954 678 2005 Oud.
701 1955 859 2004 Wolf.
886 1962 938 2005 et
956 1958 1169 2012 Reitzim
1195 1957 1286 2006 sed
1311 1957 1434 2005 Ern.
1461 1964 1659 2007 tantum
1682 1971 1859 2006 vocem
1890 1957 2062 2006 Decur.
2086 1955 2202 2003 loco
2226 1968 2317 2002 suo
2340 1954 2520 2003 movit.
2574 1954 2728 2003 Cete-

538 2033 648 2067 rum
683 2018 732 2068 in
766 2036 899 2069 arcam
930 2037 1006 2083 qu.
1040 2022 1264 2071 coloniam
1290 2022 1483 2080 Medic.
1511 2026 1561 2071 2.
1597 2023 1714 2072 Pin.
1748 2020 1902 2070 vind.
1929 2025 1976 2069 l.
2012 2020 2154 2069 Cort.
2188 2017 2345 2076 Fonc.
2383 2018 2532 2067 Huls.
2557 2018 2727 2068 Periz'.

539 2083 693 2132 Harl.
718 2083 852 2133 Edd.
878 2086 1023 2135 Rom.
1045 2083 1178 2136 Ven.
1214 2094 1268 2135 et
1303 2087 1372 2148 0.
1408 2101 1572 2150 usque
1609 2086 1672 2136 ad
1707 2087 1886 2149 Steph.
1922 2084 2046 2134 Bas.
2082 2091 2137 2133 et
2173 2087 2500 2133 recent.—10
2534 2080 2635 2132 Sub
2656 2084 2732 2133 die

536 2148 750 2197 Memm.
774 2149 929 2199 Fouc.
949 2151 1085 2199 Dun.
1108 2152 1228 2199 Pin.
1249 2149 1477 2200 Medicei
1498 2151 1657 2200 Vind.
1682 2154 1729 2202 1.
1759 2146 1907 2201 cort.
1940 2149 1992 2198 H
1998 2151 2089 2198 uls.
2111 2156 2166 2198 et
2189 2147 2324 2197 Edd.
2348 2147 2415 2197 Ο.
2439 2148 2588 2198 Vett.
2606 2149 2729 2197 reti-

537 2220 629 2262 net
656 2213 888 2263 Oud.—l
929 2214 1193 2276 Assignata
1217 2214 1447 2265 Harlem.
1471 2216 1607 2264 Edd.
1629 2217 1765 2266 Van.
1797 2222 1864 2265 tr.
1889 2227 2004 2264 cum
2036 2213 2151 2263 cod.
2176 2220 2288 2276 opt.
2312 2214 2459 2262 Torr.
2526 2214 2656 2262 Mox
2679 2218 2731 2262 at

533 2272 701 2326 necubi
723 2279 853 2341 Cop.
876 2278 1033 2329 Fouc.
1055 2287 1138 2328 aut
1158 2296 1207 2328 ιι.
1231 2280 1423 2330 Medic.
1450 2283 1498 2328 1.
1545 2281 1607 2330 Iu
1632 2280 1783 2331 codd.
1810 2279 2113 2346 quibusdam
2137 2279 2285 2328 deest
2307 2283 2390 2327 aut
2413 2282 2531 2327 ante
2547 2277 2725 2327 honest·

532 2346 629 2390 -2
664 2341 841 2391 Burm.
864 2343 1149 2393 rescribere
1176 2345 1353 2393 mallet
1384 2346 1698 2410 multitudini,
1729 2353 1784 2396 et
1817 2343 2032 2395 edidere
2065 2344 2248 2393 suboles
2269 2344 2433 2394 Gron.
2457 2357 2518 2392 ac
2541 2342 2724 2392 Pitisc.

534 2405 674 2455 Dein
694 2407 898 2470 petentis
918 2408 968 2456 iu
993 2410 1206 2457 Memm-
1228 2407 1325 2460 Ed.
1349 2410 1469 2460 Bas.
1501 2417 1557 2459 et
1590 2412 1655 2459 al.
1720 2407 1856 2460 Item
1883 2411 2024 2460 delet
2048 2409 2191 2474 Lips.
2221 2408 2384 2467 etiam,
2409 2403 2723 2470 suffragante

530 2468 775 2522 Turn-a
812 2474 1150 2538 Cuiuscumque
1171 2476 1300 2525 Mss.
1325 2475 1545 2524 Casaub.
1567 2477 1654 2525 cui
1674 2476 1810 2525 baud
1834 2476 2095 2539 displicet.
2164 2475 2313 2524 Idem
2337 2473 2556 2522 Casaub.
2581 2472 2727 2522 malit

533 2534 714 2586 abesse
736 2544 788 2587 at
806 2547 924 2588 ante
943 2540 1025 2597 iis,
1045 2547 1100 2589 et
1122 2540 1469 2603 astipulantur
1492 2541 1710 2603 Baumg.
1745 2541 1885 2591 Oud.
1919 2541 1999 2589 vel
2024 2541 2205 2589 saltem
2234 2538 2562 2588 scribendum
2585 2541 2727 2600 uqsue

532 2603 699 2658 velet,
724 2604 798 2651 uti
822 2604 1081 2666 judicavit
1117 2605 1267 2655 Miill.
1303 2606 1365 2654 iis
1396 2618 1500 2654 non
1536 2612 1758 2670 apparet
1788 2607 1840 2656 iu
1878 2606 2107 2654 Harlem.
2144 2603 2278 2652 Edd.
2314 2604 2445 2653 Ven.
2477 2609 2546 2653 tr.
2576 2606 2631 2650 at
2651 2602 2727 2651 lois

530 2666 744 2717 Memm.
767 2667 964 2717 Medic.
984 2676 1090 2719 tres
1113 2671 1268 2719 vind.
1287 2675 1337 2721 2.
1362 2674 1561 2721 δια-4
1595 2672 1699 2720 Per
1716 2671 1925 2732 singulos
1945 2671 2112 2720 Petis.
2146 2669 2376 2718 Harlem.
2402 2669 2561 2718 Fouc.
2587 2666 2722 2716 Edd.

528 2731 660 2782 Ven.
696 2741 798 2782 tres
832 2734 978 2785 Med.
1013 2735 1158 2785 Cald.
1196 2736 1330 2785 Bon.
1354 2734 1522 2800 Lugd.
1542 2736 1690 2789 Junt.
1713 2736 1833 2787 ΑΜ.
1856 2737 1979 2786 Bas.
2005 2735 2207 2799 Gryph.
2228 2734 2401 2784 Plant.
2422 2738 2478 2783 et
2499 2733 2568 2782 al.
2618 2728 2727 2796 Eji-

1514 2865 1735 2949 No'rAE

592 2997 612 3032 f
624 2999 935 3064 Decuriones]
953 3002 1207 3064 Decurio,
1226 3001 1472 3066 primaeva
1488 3017 1581 3052 sua

526 3072 921 3137 significatione,
964 3075 1246 3140 praefectus
1285 3085 1368 3127 est
1397 3090 1580 3141 eques-

529 3147 626 3196 tris
651 3156 850 3198 turmae.
915 3150 1108 3200 Verum
1127 3153 1247 3216 quia
1264 3152 1579 3203 deducendis

528 3223 743 3273 coloniis
787 3226 838 3274 id
895 3227 1284 3286 observabatur,
1343 3236 1408 3279 ut
1458 3244 1577 3293 pars

528 3299 730 3350 decima
768 3302 1106 3354 deductorum
1151 3306 1347 3356 consilii
1385 3305 1578 3371 publici

526 3393 684 3429 causa
721 3382 1152 3449 conscriberetur,
1197 3385 1233 3434 ii
1267 3385 1317 3433 in
1363 3384 1576 3434 coloniis

525 3463 581 3506 et
605 3458 896 3523 municipiis
929 3459 1235 3510 decuriones
1258 3461 1388 3510 dicti
1427 3469 1574 3523 sunt3

523 3527 744 3596 namque
790 3535 841 3583 in
881 3534 956 3584 bis
1001 3546 1113 3587 erat
1148 3537 1294 3599 Reip.
1330 3538 1575 3591 Romanae

522 3609 670 3672 quasi
710 3610 942 3672 quaedam
977 3610 1316 3674 adumbratio,
1338 3611 1575 3662 decurio·-

522 3685 673 3735 nibus
705 3685 1001 3750 Senatores,
1032 3687 1316 3738 duumviris
1338 3690 1574 3738 consules

520 3761 887 3814 referentibus.

585 3844 611 3879 3
642 3837 892 3903 Peteutes]
946 3837 1049 3888 Alii
1081 3839 1326 3903 legebant
1349 3840 1573 3903 petentis,

520 3909 659 3975 quod
703 3918 759 3964 et
791 3921 988 3977 potest:
1026 3914 1345 3966 consuetudo
1377 3915 1573 3981 quippe

522 3994 752 4037 veterum
787 3988 889 4040 fuit
924 4004 1011 4040 eos
1047 4004 1196 4040 casus
1230 3994 1454 4056 plurales
1499 3993 1573 4042 ita

521 4058 793 4121 formandi,
839 4072 898 4115 ut
937 4068 1124 4131 passim
1163 4069 1389 4132 reperias
1429 4066 1568 4132 apud

520 4138 836 4204 Sallustium,
851 4143 1113 4208 Plautum,
1131 4147 1228 4193 ὅτε.

584 4212 608 4246 ¹³
643 4215 746 4263 Pro
766 4215 991 4280 singulis]
1021 4220 1260 4282 Vulgatae
1298 4220 1568 4270 Editiones

522 4307 609 4355 per
650 4292 857 4355 singulos
887 4295 1064 4344 eodem
1102 4299 1408 4362 sen-*miqui
1433 4299 1567 4348 enim

1658 3000 1793 3053 filios
1815 3004 1896 3053 vel
1918 3000 2052 3053 filias
2077 3002 2305 3066 legitime
2342 3006 2490 3050 natos
2513 2999 2707 3050 habere

1657 3093 1711 3127 se
1749 3080 2049 3142 probarent,
2082 3077 2139 3139 ii,
2164 3083 2292 3142 quot
2325 3076 2514 3126 liberos
2552 3075 2709 3125 habe-

1660 3153 1805 3218 bant,
1838 3162 1919 3205 tot
1951 3155 2110 3205 millia
2143 3166 2464 3203 nummorum
2490 3150 2712 3214 accipie·

1658 3228 1805 3294 bant,
1828 3232 1923 3281 boc
1944 3238 2024 3281 est
2044 3230 2143 3280 431.
2169 3235 2273 3280 l5s.
2336 3227 2439 3278 Ubi
2475 3228 2711 3291 regiones

1656 3308 1799 3358 urbis
1824 3323 1887 3358 an
1909 3310 2079 3359 Italiae
2103 3304 2453 3372 intelligenda
2479 3303 2587 3352 sint
2611 3314 2711 3352 non

1656 3385 1876 3448 definit;
1907 3386 2040 3435 hanc
2063 3385 2197 3434 enim
2221 3384 2378 3432 etiam
2397 3381 2448 3429 in
2470 3376 2713 3430 undecim

1655 3462 1889 3523 regiones
1912 3461 2107 3511 divisit.
2174 3457 2565 3509 Liberalitatem
2590 3457 2721 3506 banc

1655 3535 1795 3586 refer
1838 3537 1902 3586 ad
1942 3551 2116 3587 curam
2162 3533 2415 3599 angendae
2439 3533 2624 3598 prolis,
2652 3532 2718 3582 de

1657 3627 1759 3677 qna
1782 3628 1827 3664 c.
1853 3617 1938 3662 34.

1719 3686 1734 3720 ¹
1762 3688 1873 3752 Ipse
1893 3686 2121 3751 suscepit]
2177 3678 2385 3748 Strabo,
2423 3685 2517 3742 lib.
2560 3698 2709 3736 xvu.

1655 3764 1749 3813 sub
1771 3762 1947 3829 finem,
1970 3763 2179 3812 easdem
2204 3762 2413 3812 omnino
2435 3772 2617 3811 causas
2636 3776 2715 3811 re-

1654 3836 1780 3904 fert,
1796 3855 1921 3904 quas
1941 3839 2027 3889 hic
2052 3837 2345 3899 Suetonius,
2368 3836 2560 3902 quibus
2584 3838 2713 3887 hane

1652 3916 1757 3967 Dio
1784 3915 1873 3968 lib.
1892 3929 2012 3965 nur.
2034 3913 2253 3978 addidit,
2274 3914 2708 3976 Augustnm‚ma-

1644 3994 1779 4059 joris
1795 3992 1937 4044 illins
1977 3992 2039 4041 ad
2071 4005 2159 4041 eas
2199 3989 2454 4053 regendas
2490 3986 2708 4040 difficul-

1653 4071 1778 4120 tatis
1795 4076 2196 4134 praetextu,·sna
2231 4076 2437 4130 semper
2460 4067 2514 4116 in
2540 4074 2707 4131 potes-

1651 4154 1763 4197 tate
1775 4145 2039 4196 exercitus
2056 4143 2313 4208 babuisse,
2335 4142 2520 4194 inermi
2544 4156 2702 4209 popu-

1650 4226 1701 4275 lo
1722 4223 2037 4288 Senatuque.

1711 4298 1736 4334 ¹¹
1770 4296 2158 4360 proconsulibus]
2192 4292 2415 4362 Augusti
2437 4292 2700 4358 divisione,
