3019 4922
1236 407 1613 492 muamus.
2414 429 2537 494 437

353 610 434 655 ac
463 610 585 674 per
625 589 1102 656 Macedoniam
1154 589 1486 655 ducente4
1536 589 1901 653 exercitum
1947 590 2013 657 in
2049 589 2333 672 Syriam,
2362 592 2542 654 acci.-

349 693 471 768 dit,
499 699 575 758 ut
626 692 810 777 apud
861 694 1216 779 Philippos
1266 698 1551 761 sacratae
1587 692 1745 759 olim
1778 691 2156 756 victricium
2205 691 2541 776 legionum

352 816 487 863 arae
507 804 531 844 ⁵
557 805 584 844 ⁸
635 804 879 881 sponte
928 799 1168 863 subitis
1192 795 1220 837 ⁶
1250 798 1651 862 collucerent
1696 795 1968 877 ignibus
1996 792 2042 859 :¹¹
2075 802 2143 859 et
2172 815 2360 873 moX,
2389 816 2542 861 cum

352 898 692 985 Illyricum
725 906 960 985 petens
996 902 1199 986 juxta
1239 900 1603 967 Patavium
1636 898 1906 967 >adisset
1934 897 2269 981 Geryonis
2296 907 2321 948 ⁷
2350 896 2364 936 ἱ
2394 919 2544 967 ora-

1271 1112 1506 1134 O‘muo
1512 1113 1632 1133 ‘Cu

341 1250 569 1312 preclare
601 1251 815 1313 respond.
881 1249 1010 1298 Mox
1042 1250 1194 1299 adhuc
1227 1263 1327 1298 non
1355 1253 1647 1311 agnoscunt
1666 1248 1812 1299 Cort.
1837 1246 1974 1298 Edd.
1998 1249 2240 1300 Rom—4
2275 1248 2538 1300 momen

350 1316 466 1374 Cuj.
513 1315 701 1364 decerni
738 1314 881 1363 Cort.
920 1315 1058 1377 quod
1096 1328 1200 1364 non
1242 1314 1590 1377 spernendum
1630 1321 1808 1364 censet
1850 1314 1990 1364 Oud.
2056 1314 2242 1363 Statim
2280 1314 2334 1361 in
2367 1313 2543 1378 Syrum

350 1381 547 1429 Medic.
572 1384 620 1428 2.
640 1379 779 1428 Dun.
797 1385 844 1428 et
865 1379 1113 1429 victricum
1139 1380 1269 1430 Edd.
1287 1381 1642 1444 quasdam—5
1676 1379 1789 1428 Arx
1810 1380 1967 1428 Fouc.
1988 1379 2075 1442 qui
2099 1378 2254 1427 etiam
2278 1393 2436 1442 snpra
2452 1381 2543 1428 de·

350 1443 426 1493 dit
451 1445 830 1507 ingressuum—6
863 1444 948 1493 Ita
964 1445 1074 1508 jam
1099 1445 1343 1494 Beroald.
1379 1442 1712 1494 cum‘Medic.
1750 1448 1797 1494 1.
1824 1448 1871 1492 3.
1897 1444 2056 1493 Polit.
2086 1445 2299 1494 Memm.
2323 1451 2543 1508 utroque

349 1510 508 1557 Vind.
532 1511 748 1573 aliisque
766 1510 1085 1559 Mss.multis
1101 1525 1161 1560 ac
1182 1512 1304 1559 Var.
1323 1512 1469 1559 Lect.
1489 1511 1587 1559 Ed.
1611 1509 1824 1559 Mediol.
1846 1510 1991 1569 legit.
2025 1509 2085 1558 In
2111 1509 2256 1559 Cort.
2281 1509 2473 1559 Medic.
2490 1514 2540 1559 2.

347 1574 444 1624 Ed.
467 1575 619 1625 Rom.
638 1582 880 1638 utraque,
909 1574 1112 1638 Grypb.
1123 1576 1341 1638 subditis,
1375 1577 1426 1625 in
1452 1591 1555 1625 nno
1573 1576 1724 1624 'l'orr.
1745 1574 1976 1624 Harlem.
1998 1575 2164 1625 Periz.
2181 1589 2291 1624 am.
2314 1589 2393 1637 pr.
2409 1574 2540 1625 Edd.

344 1639 478 1689 Ven.
500 1641 645 1691 Med.
668 1640 816 1690 Cald.
835 1640 1093 1690 subductis.
1126 1641 1252 1690 Mox
1275 1646 1378 1689 tum
1399 1641 1461 1690 ΙΙ.
1486 1641 1621 1691 Edd.
1638 1640 1834 1691 Scbild.
1860 1647 2020 1703 postt.
2036 1648 2088 1689 et
2105 1639 2394 1689 Patavium
2412 1641 2542 1703 Con.

345 1709 441 1754 ——7
461 1705 688 1755 Ger-conis
708 1705 905 1755 Medic.
931 1711 977 1754 1.
1001 1706 1132 1770 Cop.
1152 1708 1350 1757 Ger-oris
1367 1706 1483 1770 Cuj.
1501 1706 1727 1755 Ger-ionis
1748 1706 1927 1768 scripti
1952 1706 2156 1768 plurimi
2173 1712 2226 1753 et
2247 1705 2548 1756 Edd.Vett.

347 1769 478 1820 Coel.
501 1771 710 1834 Calcag.
734 1771 800 1820 de
825 1770 955 1822 Lud.
974 1773 1142 1820 Talor.
1161 1787 1212 1835 p.
1229 1775 1342 1821 292.
1366 1772 1418 1819 ἰη
1455 1772 1622 1821 Codd.
1644 1771 1940 1835 quibusdam
1961 1779 2137 1820 extare
2159 1770 2287 1819 dicit
2316 1769 2542 1832 regionis.

345 1834 526 1883 Burin.
550 1850 666 1885 cum
690 1837 870 1885 Heius.
891 1836 1054 1885 Gron.
1076 1836 1303 1886 Broukh.
1344 1836 1559 1901 aliisque
1598 1838 1777 1885 mallet
1814 1837 2070 1900 Geryonae,
2105 1844 2158 1885 et
2194 1842 2439 1899 provocat
2474 1835 2542 1884 ad

343 1901 493 1951 Serv.
520 1901 572 1950 in
596 1902 707 1953 [ΕΒ.
731 1915 829 1953 vn.
846 1905 963 1953 661.
1030 1903 1276 1952 Ceterum
1310 1902 1485 1952 odisset
1508 1901 1670 1952 Vind.
1709 1909 1874 1966 uterq.
1904 1901 2039 1951 Edd.
2062 1901 2192 1951 Ven.
2218 1901 2362 1952 Med.
2387 1901 2537 1951 Cald.

1336 2082 1549 2135 NOTAE

342 2198 608 2250 Caesarum
625 2198 1044 2257 dominationem,
1066 2200 1243 2265 ejusve
1268 2200 1403 2263 prin-
1478 2199 1560 2248 nis
1598 2198 1726 2262 ipse.
1771 2198 1961 2248 bonum
1997 2195 2099 2247 sit!
2165 2194 2249 2253 Ad
2290 2208 2443 2259 quern
2469 2195 2543 2245 le-

340 2278 567 2341 cipatus‚
599 2276 666 2326 de
688 2290 790 2341 qno
815 2276 982 2338 Calig.
1013 2292 1132 2340 cap.
1153 2280 1235 2326 22.
1259 2277 1406 2326 insti·
1477 2292 1598 2327 cum
1618 2276 1828 2327 Servius
1850 2277 1985 2326 idem
2006 2275 2285 2337 contigisse
2308 2273 2436 2323 dicit
2459 2273 2544 2322 Ci-

340 2354 595 2404 tutionem
617 2353 805 2403 nedum
830 2354 1000 2403 animo
1031 2352 1404 2417 praevidebant‚

339 2430 467 2495 quin
492 2444 520 2479 e
544 2436 726 2481 contra
761 2430 969 2492 erectis,
1005 2436 1062 2479 ut
1103 2444 1259 2493 supra
1295 2429 1402 2481 dic-

339 2512 453 2556 tum
479 2514 562 2556 est
584 2506 808 2570 August.
831 2520 878 2555 c.
907 2510 990 2556 12.
1056 2506 1403 2570 Pompeiano-

340 2597 456 2633 rum
471 2584 653 2632 animis
673 2588 788 2647 post
810 2582 1013 2633 cladem
1035 2584 1402 2642 Mutinensem,

338 2659 668 2711 asserendam
697 2674 875 2709 omnes
903 2658 1203 2710 libertatern
1226 2674 1402 2724 spera-

340 2735 489 2786 bant.
699 2781 706 2790 .

403 2821 431 2857 8
471 2813 750 2862 victricium
764 2813 1002 2875 legionum
1020 2814 1142 2878 ινιτ]
1168 2813 1249 2863 Ibi
1271 2814 1402 2863 Bru-

337 2895 426 2938 tus
448 2898 504 2954 et
528 2890 732 2939 Cassius
754 2890 820 2939 ab
843 2891 1078 2952 Augusto
1095 2901 1150 2940 et
1175 2890 1401 2940 Antonio

340 2966 485 3017 victi.
550 2966 614 3015 In
633 2966 868 3030 Augusto
885 2981 933 3016 c.
955 2970 1034 3017 13.
1103 2966 1204 3016 Dio
1228 2967 1278 3016 in
1300 2966 1402 3017 Ac-

338 3046 409 3094 tis
445 3044 565 3094 anni
598 3048 713 3093 724.
748 3044 816 3093 ab
838 3044 907 3093 U.
928 3044 991 3095 C.
1012 3046 1103 3094 bas
1127 3059 1239 3095 aras
1272 3045 1402 3095 dicit

338 3120 404 3170 ab
441 3120 670 3170 Antonio
703 3120 1013 3170 constitutas
1047 3136 1200 3186 snper
1233 3128 1400 3172 tumu-

338 3197 468 3246 lum.

404 3272 429 3308 Ι·
463 3273 644 3337 Sponte
667 3273 842 3322 subitis
871 3275 1150 3323 collacerant
1186 3273 1405 3336 εἷς-πῶυ]

336 3349 484 3413 Ignis
516 3365 718 3415 quoque
750 3349 977 3399 futuram
1000 3349 1240 3413 Augusto
1263 3366 1402 3413 mag·

337 3427 630 3476 nitndinem
653 3424 937 3491 portendit,
954 3440 1110 3487 supra
1127 3426 1180 3474 in
1198 3424 1401 3489 Augus·

342 3512 397 3552 to
420 3518 538 3566 cap.
556 3508 638 3555 94.
693 3503 840 3554 Idem
873 3502 1057 3551 Servio
1077 3501 1242 3552 Tullio
1274 3502 1401 3564 Regi

339 3582 589 3632 Romano.
638 3581 790 3631 Titus
815 3580 993 3630 Livius
1029 3581 1116 3631 lib.
1138 3594 1174 3629 ι.
1196 3587 1251 3630 et
1272 3579 1400 3628 Dio·

335 3658 513 3721 nysius
541 3658 967 3707 Halicarnasseus
998 3658 1089 3707 lib.
1121 3671 1197 3706 ιν.
1235 3656 1402 3707 initio.

337 3736 411 3785 Et
447 3736 513 3785 de
549 3737 610 3786 L.
648 3737 840 3785 Martio
871 3737 1213 3785 concionante
1236 3735 1404 3785 simile

339 3812 465 3878 qnid
489 3823 665 3862 narrat
689 3814 824 3862 idem
841 3813 988 3862 Titus
1020 3814 1195 3863 Livius
1226 3814 1312 3863 lib.
1347 3826 1403 3864 V.

247 3893 250 3896 '
335 3888 521 3938 decad.
545 3903 636 3941 111.
673 3903 775 3938 non
811 3890 990 3952 procul
1018 3905 1048 3938 a
1070 3888 1191 3938 fine.
1241 3888 1405 3938 -Idem

334 3965 634 4015 Salvidieno
668 3978 877 4028 gregem
909 3964 1166 4027 pascenti,
1188 3964 1293 4015 Dio
1316 3965 1407 4019 lib.

337 4054 538 4092 xum.
561 4050 789 4106 utsupra
810 4041 863 4090 in
886 4041 1130 4106 Angusto
1148 4055 1194 4091 c.
1217 4046 1302 4091 66.
1317 4056 1406 4091 no·

339 4129 528 4169 tatum.
595 4121 730 4171 Qum
752 4118 924 4169 omnia
945 4117 1220 4168 coufirmat
1231 4119 1404 4181 Virgi-

336 4196 438 4244 lius
462 4196 544 4245 his
565 4196 774 4259 Eclogae
807 4207 933 4243 vm.
973 4195 1237 4245 versibusz
1273 4194 1288 4220 ‘
1307 4194 1405 4243 As-

337 4274 480 4337 pice,
503 4274 761 4337 corripuit
783 4272 1014 4322 tremulis
1050 4272 1233 4321 altaria
1259 4270 1404 4322 flam-

338 4350 436 4399 mis
458 4351 654 4414 Sponte
678 4352 787 4414 sua,
809 4349 928 4398 dum
953 4347 1091 4399 ferre
1114 4363 1300 4408 moror,
1324 4352 1396 4401 ci·

1475 2355 1681 2405 coronis
1703 2356 1850 2405 uxori
1884 2352 2197 2403 sacrificanti
2235 2351 2543 2401 Consulatus

1478 2448 1650 2484 omen.
1704 2435 1822 2485 Nec
1859 2432 1984 2482 illud
2011 2439 2113 2481 tam
2137 2435 2378 2480 constans
2402 2427 2540 2492 apud

1478 2512 1736 2574 Antiquos
1758 2524 1966 2558 summae
1992 2508 2240 2570 potentia
2285 2512 2339 2552 et
2378 2503 2557 2567 digni?

1479 2587 1602 2634 tatis
1624 2585 1912 2648 augurium.
1977 2584 2094 2632 Iulo
2118 2596 2210 2630 suo
2244 2580 2424 2628 deesse
2453 2594 2541 2628 vo-

1477 2660 1577 2710 luit
1597 2660 1735 2710 idem
1758 2659 2005 2722 Virgilius
2028 2659 2117 2709 lib.
2145 2671 2206 2707 n.
2239 2655 2439 2705 lEneid.
2466 2670 2540 2705 vs.

1476 2741 1593 2786 680.
1625 2746 1639 2767 ‘
1661 2738 1788 2787 Cum
1830 2736 2055 2786 subitum
2091 2733 2339 2796 dictuque
2378 2731 2544 2780 oritur

1478 2815 1709 2863 mirabile
1733 2819 2046 2862 monstrum:
2086 2811 2324 2873 Namque
2362 2823 2542 2857 manus

1477 2892 1615 2941 inter
1667 2900 2066 2953 moestorumque
2116 2902 2205 2937 ora
2250 2893 2542 2950 parentum,

1479 2970 1620 3020 Ecce
1666 2969 1793 3017 levis
1833 2981 2030 3016 summo
2072 2966 2136 3014 de
2179 2964 2374 3013 vertice
2406 2962 2541 3011 visus

1479 3046 1580 3095 Iuli
1616 3045 1853 3095 Fundere
1892 3046 2065 3093 lumen
2103 3057 2255 3107 apex,
2291 3048 2539 3104 tactuque

1476 3123 1687 3172 innoxia
1700 3121 1838 3172 molli
1858 3121 2110 3170 Lambere
2124 3117 2326 3168 flamma
2347 3132 2542 3178 comas,

1476 3211 1534 3253 et
1565 3204 1762 3253 circum
1799 3210 2032 3265 tempora
2069 3200 2244 3264 pasci.⁸
2311 3196 2461 3249 Quod
2487 3204 2544 3246 et

1475 3282 1542 3330 de
1580 3281 1825 3344 Olympia
1861 3295 1976 3329 cum
2017 3276 2371 3327 Alexandrum
2394 3289 2540 3337 pare·

1478 3365 1581 3417 ret,
1605 3365 1659 3405 et
1682 3356 1746 3404 de
1770 3357 1930 3419 ipsius
1953 3353 2238 3402 Alexandri
2281 3351 2539 3400 natalibus

1475 3438 1652 3482 narrat
1672 3432 2006 3481 Plutarchus.
2075 3430 2195 3478 Huc
2220 3441 2424 3493 quoque
2450 3427 2540 3474 ad-

1476 3508 1598 3559 duci
1624 3516 1819 3571 potest,
1839 3515 1995 3570 atque
2017 3505 2172 3554 etiam
2206 3518 2272 3553 ex
2309 3502 2539 3551 historiis

1477 3585 1853 3636 recentioribus
1876 3583 2115 3645 exempla
2138 3582 2253 3630 alia.

1544 3664 1558 3697 ¹
1609 3661 1872 3728 Geryonis]
1924 3661 2143 3712 Oraculi
2186 3659 2337 3723 liujus
2381 3658 2539 3706 histo·

1479 3742 1604 3791 riam
1631 3742 1911 3791 etiamnum
1933 3739 2085 3788 hodie
2111 3735 2438 3801 quaerendam
2466 3734 2541 3782 di·

1480 3822 1556 3869 cit
1590 3817 1900 3882 Beroaldus,
1938 3817 2024 3866 cui
2060 3814 2407 3864 assentiuntur
2449 3811 2537 3859 In-

1483 3900 1761 3958 terpretes.
1827 3892 1981 3943 Unde
2019 3891 2133 3955 quis
2168 3904 2268 3937 non
2306 3888 2461 3944 male,
2483 3886 2538 3935 ni

1479 3970 1652 4028 fallor,
1673 3976 1883 4020 secutus
1905 3970 2061 4017 suerit
2084 3966 2292 4015 codices
2315 3964 2428 4013 illos
2452 3977 2537 4012 ve-

1483 4058 1643 4109 teres,
1677 4047 1729 4096 in
1772 4046 1959 4112 quibus
2001 4041 2210 4105 regionis
2246 4040 2346 4104 legi
2383 4039 2536 4089 testis

1480 4133 1566 4174 est
1605 4124 1794 4173 Coelius
1840 4121 2203 4186 Calcagninus,
2248 4132 2404 4183 opere
2448 4117 2536 4164 illo

1478 4215 1634 4265 quem
1657 4200 1724 4248 de
1745 4200 1882 4250 ludis
1906 4199 2248 4262 Antiquarum
2272 4193 2535 4255 conscrip-

1480 4279 1565 4334 sit,
1589 4291 1706 4342 cap.
1730 4276 1794 4326 de
1819 4276 1955 4327 talis.
