3019 4922
567 440 696 504 :356

567 602 774 676 ribuS‚
810 620 889 663 ac
921 618 1106 682 saepe
1160 600 1227 662 in
1258 597 1598 681 peristylio
1624 601 1676 635 ¹0
1697 606 1722 643 ⁹
1753 597 2030 661 saliente
2060 605 2284 677 aqua,z
2309 603 2511 678 atque
2545 598 2746 661 etiam

568 701 1603 783 ventilante‘*aliquopcubabat.
1692 700 1868 764 Solis
1914 720 2068 764 vero
2116 708 2243 763 ne¹
2288 699 2748 798 hyberniqui-

567 806 710 869 dem
744 806 1023 887 patienS,
1069 803 1249 866 dorni
1281 821 1548 884 quoque
1594 821 1725 865 non
1768 802 1902 866 nisi
1949 799 2326 883 petasatusb
2355 802 2481 864 sub
2537 800 2746 865 divo²

564 907 1008 989 spatiabatur.
1098 906 1353 968 Itinera
1378 897 1647 980 lectica,
1678 908 1742 966 et
1780 904 2082 966 noctibus
2131 902 2287 980 fere,
2319 921 2533 984 eaque
2565 902 2746 965 lenta

565 1028 647 1072 ac
676 1009 931 1071 minuta
958 1008 1269 1082 faciebat,
1310 1012 1384 1069 ut
1413 1005 1756 1069 Praeneste
1787 1006 1895 1070 vel
1923 1003 2131 1068 Tibur
2153 1012 2172 1050 ³
2196 1013 2220 1040 ‘²
2247 1004 2452 1068 biduo
2503 1023 2744 1086 proce-

562 1112 765 1175 deret.
860 1110 993 1188 Ac,
1026 1112 1084 1174 si
1119 1129 1253 1192 quo
1277 1109 1622 1191 pervenire
1654 1109 1816 1172 mari
1833 1114 2088 1190 posset,
2111 1108 2334 1190 potius
2355 1107 2744 1189 navigabat.

1422 455 1485 499 G.
1532 453 1619 501 SU
1636 453 1815 501 E'roN
1831 452 1886 498 11

1740 1303 1831 1324 θ’,

555 1438 617 1486 In
638 1440 767 1500 Cop.
791 1437 945 1486 Vind.
969 1440 1016 1484 1.
1024 1436 1484 1497 femoralibus.-—10
1514 1437 1741 1485 Pes-istite
1760 1436 1970 1484 Memm.
1993 1434 2184 1485 Medic.
2208 1438 2255 1483 2
2275 1439 2322 1484 3.
2348 1433 2503 1483 Vind.
2527 1438 2578 1483 2.
2599 1435 2742 1484 Cort.

556 1505 699 1552 Duri.
724 1505 851 1561 Cop.
875 1502 1009 1550 Edd.
1036 1503 1215 1562 Camp.
1238 1503 1383 1552 Jnnt.
1405 1500 1533 1562 Arg.
1568 1502 1805 1563 peristillo
1825 1500 1980 1548 Vind.
2004 1503 2048 1549 1.
2086 1500 2195 1562 pari
2217 1500 2326 1549 stilo
2345 1499 2443 1549 Ed.
2463 1501 2612 1548 Rom.
2633 1516 2740 1550 sec.

550 1571 778 1631 peristylo
801 1566 933 1616 Edd.
969 1568 1101 1615 Veu.
1136 1566 1282 1614 Med.
1322 1567 1456 1616 Bon.
1491 1565 1654 1627 Lugd.
1678 1565 1793 1613 Ald.
1813 1565 1993 1627 Steph.
2015 1565 2135 1612 Bas.
2162 1564 2391 1629 aliaeque.
2416 1566 2642 1628 perystilo
2663 1580 2739 1614 su·

555 1634 745 1680 licentem
763 1632 990 1681 Harlem.
1021 1631 1249 1693 per-istinc>
1272 1631 1436 1679 Periz.
1469 1631 1663 1694 propylo
1682 1630 1891 1692 Cuj.-—l
1920 1630 1986 1676 Et
2010 1628 2106 1676 kib.
2130 1629 2383 1677 Felice—‘2
2405 1628 2490 1677 Sic
2515 1631 2646 1677 Mss.
2669 1630 2738 1680 0.

555 1707 606 1745 et
630 1697 763 1745 Edd.
785 1697 917 1746 Ven.
943 1703 988 1744 1.
1008 1696 1151 1744 Med.
1187 1695 1271 1744 sub
1293 1695 1370 1743 dio
1393 1696 1522 1743 Ven.
1549 1699 1596 1743 2.
1617 1698 1667 1742 3.
1692 1695 1825 1742 Bon.
1860 1694 1982 1741 Bas.
2006 1692 2153 1743 Junt.
2178 1692 2298 1741 Ald.
2323 1694 2520 1756 Grypb.
2568 1696 2740 1744 Plant.

553 1771 609 1810 et
630 1764 694 1808 al.
721 1761 829 1810 Has
864 1762 990 1809 duas
1026 1775 1177 1809 voces
1219 1761 1421 1824 ignorat
1458 1760 1553 1806 Ed.
1591 1760 1737 1807 Rom.
1781 1756 1863 1807 Cf.
1891 1758 2056 1805 Arntz
2086 1756 2151 1805 ad
2188 1757 2315 1806 Aur.
2353 1758 2493 1805 Vict.
2518 1772 2566 1807 c.
2589 1763 2740 1807 68.-

551 1831 582 1875 3
624 1826 788 1874 Tiburi
809 1828 1020 1874 Memm.
1059 1824 1255 1873 Medic.
1295 1829 1339 1873 1.
1369 1828 1418 1872 3.
1458 1824 1587 1884 Cop.
1633 1824 1793 1871 Putat
1814 1822 1951 1871 Oud.
1977 1823 2175 1882 legend.
2202 1822 2535 1871 Tibur-inhia.
2574 1824 2740 1872 Paulo

553 1902 673 1941 ante
695 1906 751 1939 uc
772 1891 1018 1940 imminuta
1052 1889 1185 1939 Edd.
1211 1890 1344 1938 Ven.
1376 1895 1443 1938 tr.
1466 1889 1610 1937 Med.
1634 1887 1779 1937 Cald.
1831 1887 1958 1935 Mox
1980 1901 2096 1936 cura
2116 1888 2240 1937 ταώ.
2260 1903 2421 1949 magn.
2446 1886 2602 1936 vind.
2621 1891 2737 1938 2.—

1532 2064 1742 2113 NOTAE

551 2194 742 2242 tibialia
766 2201 816 2242 et
839 2194 1104 2242 femoralia
1127 2196 1382 2258 usurpari.
1459 2194 1601 2245 Qua-

550 2281 766 2333 propter
810 2272 1123 2333 snbligacula
1157 2277 1222 2319 et
1275 2274 1603 2332 campestria,

547 2361 760 2410 quorum
783 2348 938 2395 etiam
958 2345 1095 2409 apud
1129 2352 1367 2395 auctores
1388 2347 1599 2401 mentio,

548 2436 765 2486 qnaeqne
800 2423 1023 2471 nonnulli
1062 2423 1244 2472 similia
1271 2422 1599 2473 femoralibus

544 2499 736 2547 nostris
770 2499 1085 2561 existimant,
1119 2515 1312 2564 pannos
1347 2501 1600 2550 duntaxat

545 2576 795 2640 intellige,
837 2577 1022 2640 quibus
1053 2578 1240 2640 ephebi
1277 2592 1332 2626 se
1357 2592 1599 2626 exercen-

546 2661 644 2717 ίεε,
678 2655 898 2717 Luperci
935 2664 1219 2719 currentes,
1252 2662 1404 2717 atque
1444 2657 1596 2703 etiam

545 2732 667 2779 vilia
710 2733 944 2795 quaedam
988 2733 1198 2780 servitia
1243 2732 1378 2780 inter
1422 2732 1597 2780 minis-

544 2806 782 2854 trandum
810 2806 1050 2869 pudenda
1073 2809 1433 2869 contegebant.

607 2890 630 2924 1
665 2883 951 2947 Peristylio]
1004 2876 1171 2933 Locus
1204 2884 1453 2933 columnis
1477 2897 1594 2946 sep-

544 2964 648 3012 tus,
673 2958 737 3005 de
771 2959 998 3020 qnojam
1023 2973 1179 3022 supra
1201 2973 1316 3021 cap.
1340 2963 1422 3008 29.
1492 2958 1595 3006 Hic

499 3087 506 3097 .
542 3042 681 3089 nota,
705 3035 840 3080 atria
864 3034 1169 3095 palatiorum
1194 3035 1302 3082 sive
1326 3036 1592 3097 peristylia

540 3107 613 3153 nil
648 3104 807 3155 fuisse
847 3109 984 3155 aliud
1027 3124 1179 3171 quam
1219 3110 1323 3156 alas
1363 3108 1589 3169 aedificii,

540 3197 656 3246 quae
695 3182 837 3231 velut
872 3184 1102 3245 porticus
1134 3182 1281 3231 fultae
1320 3185 1588 3247 columnis,

540 3258 592 3306 in
616 3257 787 3306 medio
807 3257 1037 3306 subdival
1069 3256 1381 3308 efficiebant.

602 3343 623 3369 ²
653 3334 864 3383 Salia-nte
881 3334 1028 3398 aqua]
1059 3335 1191 3384 Vide
1208 3343 1381 3385 notam
1398 3336 1585 3385 Casan·

536 3410 676 3459 boni.
740 3411 937 3460 Statius
952 3412 1003 3460 in
1023 3413 1353 3475 epithalamio
1378 3413 1584 3462 Violan-

536 3487 665 3536 tillae
711 3487 785 3537 sic
827 3489 988 3549 cauit,
1039 3492 1054 3516 ⁴
1081 3489 1378 3548 Excludunt
1415 3490 1583 3538 radios

534 3563 690 3624 sylvis
713 3563 930 3612 decussa
952 3564 1169 3612 vetustis
1193 3565 1431 3625 Frigora:
1465 3579 1579 3628 per·

533 3638 699 3702 spicui
726 3628 901 3688 viv'unt
922 3640 972 3687 in
997 3653 1247 3688 marmore
1271 3639 1479 3689 fontes.'

597 3721 621 3747 ⁸
662 3714 951 3779 Ventilante]
1008 3715 1088 3763 Ex
1133 3729 1272 3763 more
1318 3714 1583 3778 ditiorum,

530 3791 713 3856 quihus
758 3790 1158 3851 meridiantibus,
1193 3799 1365 3841 astans
1401 3791 1582 3856 aliquis

527 3867 732 3916 flabello
755 3881 784 3913 e
808 3868 987 3928 pennis
1005 3868 1327 3931 quibusdam,
1343 3883 1453 3932 quae
1477 3869 1581 3916 ele·

527 3944 845 4000 gantioribus
889 3952 1039 3993 erant
1075 3946 1357 4008 pavoninae‚
1398 3954 1578 3995 ventu·

527 4017 632 4064 lum
665 4016 909 4081 faciebat,
943 4028 1050 4068 tum
1084 4018 1439 4084 refrigerandi,
1467 4027 1577 4070 tum

529 4103 727 4140 muscas
766 4095 1004 4155 abigendi
1038 4109 1207 4152 causa,
1252 4095 1386 4144 unde
1421 4098 1576 4146 etiam

1683 2195 1801 2243 huic
1836 2196 1909 2243 sic
1948 2194 2124 2251 facito,
2162 2197 2294 2244 Dum
2336 2195 2603 2255 lavamur,’
2640 2200 2736 2245 &c-

1684 2270 1785 2320 Qui
1809 2284 1917 2317 mos
1941 2271 2093 2318 desiit
2129 2270 2213 2318 ubi
2253 2271 2414 2319 lectos
2439 2273 2566 2319 velis
2589 2271 2734 2321 obte-

1683 2360 1804 2408 gere
1822 2353 2110 2408 coeperunt,
2134 2361 2250 2394 cum
2270 2354 2422 2396 antea
2441 2345 2657 2396 flabellis
2680 2356 2735 2398 et

1683 2421 1920 2471 umbellis
1942 2423 2096 2472 cincti
2132 2423 2482 2479 delicatiores,
2518 2438 2733 2487 praeser-

1683 2500 1774 2546 tim
1797 2497 2040 2560 foeminae,
2073 2500 2229 2549 etiam
2255 2515 2347 2562 per
2369 2502 2505 2549 vicos
2526 2501 2732 2550 incede-

1679 2583 1815 2634 rent,
1852 2584 1908 2624 ut
1951 2576 2096 2625 testis
2129 2585 2213 2625 est
2256 2577 2603 2626 Halicarnaso.
2643 2578 2730 2626 lib.

1676 2666 1775 2700 vn.
1801 2660 1856 2700 et
1879 2668 1944 2702 ex
1973 2652 2144 2702 multis
2175 2653 2440 2717 poetarum
2474 2653 2601 2703 locis
2625 2655 2729 2703 col·

1676 2729 1840 2792 ligere
1865 2737 1961 2777 est.

1738 2818 1756 2837 ν
1795 2806 2075 2870 Petnsatus]
2122 2805 2215 2854 Ait
2252 2805 2426 2855 ‘domi
2469 2805 2731 2869 quoque:'

1671 2896 1858 2930 novum
1902 2883 2036 2930 enim
2077 2882 2202 2931 illud
2242 2890 2294 2931 et
2336 2883 2580 2938 insolens»,
2627 2896 2725 2931 non

1670 2959 1792 3007 alibi
1819 2958 2068 3022 siquidem
2104 2974 2254 3022 quam
2278 2959 2328 3007 in
2356 2960 2727 3020 peregrinatio-

1671 3038 1822 3085 nibus
1844 3038 2059 3085 adhibiti
2083 3038 2266 3100 petoni,
2301 3038 2395 3084 hoc
2416 3045 2496 3085 est
2520 3036 2724 3101 quidam

1674 3113 1793 3174 pilei
1818 3113 1881 3161 ad
1906 3113 2135 3162 umbram
2160 3112 2450 3162 faciendam
2470 3115 2725 3175 margina-

1672 3188 1731 3247 ti,
1768 3189 1941 3249 quales
1979 3203 2193 3252 peregre
2227 3189 2548 3237 venientibus
2573 3195 2724 3249 aptat

1669 3263 1884 3312 Plautus
1921 3264 2134 3327 prologo
2166 3263 2429 3326 Amphitr.
2468 3269 2524 3311 et
2556 3263 2722 3311 Pseu·

1667 3339 1806 3388 dolo.
1830 3339 1953 3390 Act.
1973 3354 2037 3390 ιι.
2057 3342 2139 3390 Sc.
2159 3345 2208 3389 4.
2229 3344 2328 3388 &c.
2352 3345 2406 3388 et
2428 3339 2619 3388 Cicero
2635 3339 2721 3388 lib.
2786 3371 2790 3376 -

1666 3428 1761 3464 xv,
1785 3415 2041 3466 Familiar.
2074 3415 2227 3478 epist.
2265 3418 2345 3463 17.
2370 3414 2436 3462 de
2461 3414 2624 3463 Cassii
2648 3423 2718 3462 ta·

1666 3491 1892 3540 bellariis
1916 3491 2132 3554 loquens
2148 3490 2360 3553 jamjam
2379 3487 2715 3553 profecturis:

1661 3567 1797 3616 ‘Sed
1842 3568 2065 3630 petasati
2109 3568 2346 3622 veniunt,
2392 3568 2610 3616 comites
2653 3567 2714 3614 ad

1663 3651 1863 3705 portam
1890 3650 2171 3706 expectare
2206 3640 2413 3704 dicunt,'
2448 3645 2547 3690 διο.
2617 3642 2714 3691 Pe·

1661 3721 1758 3770 tasi
1801 3718 1966 3768 forma
2004 3735 2069 3769 ex
2108 3719 2355 3769 Mercurii
2390 3718 2566 3781 galero
2604 3718 2712 3781 dig-

1661 3795 1924 3855 noscitur3
1971 3798 2164 3859 pileum
2202 3809 2323 3844 vero
2361 3795 2570 3858 proprie
2607 3793 2711 3842 dic-

1662 3879 1767 3918 tum
1791 3871 2004 3919 similem
2041 3872 2101 3919 iis
2133 3886 2256 3936 quos
2286 3869 2607 3918 dormitorios
2630 3883 2709 3917 vo·

1659 3961 1850 4010 camus,
1905 3947 2166 3997 existimat
2223 3947 2423 4011 Lipsius
2474 3946 2603 3997 libro
2644 3946 2707 3994 de

1658 4022 2053 4085 Amphitheatro
2077 4039 2124 4073 c.
2149 4028 2228 4073 19.

1719 4105 1741 4131 ⁰
1775 4099 2020 4147 Praeneste
2060 4100 2135 4148 vel
2192 4096 2362 4159 Tibur]
2419 4097 2702 4158 Utrumque

528 4169 779 4216 muscaria
816 4168 1117 4218 dicebantur
1140 4172 1249 4220 haec
1272 4172 1575 4220 instrumen·
1655 4173 1792 4222 Latii
1816 4172 1911 4222 fuit
1934 4175 2199 4237 oppidum,
2223 4175 2343 4222 illud
2369 4174 2524 4222 hodie
2545 4174 2698 4221 Pales·

528 4250 600 4290 ta.
665 4244 874 4292 Terent.
897 4245 1129 4294 Eunuch.
1152 4245 1273 4296 Act.
1293 4261 1378 4297 111.
1414 4249 1498 4297 Sc.
1527 4253 1575 4298 5.
1652 4250 1783 4298 trina
1805 4254 1885 4299 24.
1911 4252 2150 4313 millibus,
2183 4251 2280 4300 hoc
2300 4265 2422 4299 vero
2450 4250 2603 4299 Tiuoli
2626 4252 2696 4297 16.

527 4319 544 4345 ‘
570 4318 711 4382 Cape
749 4318 847 4367 hoc
902 4316 1176 4384 flabellum,
1214 4330 1268 4372 et
1310 4325 1571 4373 ventulum
1652 4333 1853 4376 tantum
1884 4326 2107 4377 millibus
2129 4326 2196 4376 ab
2221 4327 2363 4377 Urbe
2386 4326 2634 4377 dissitum.
