3019 4922
539 422 666 487 176
790 424 811 452 '
1394 433 1454 485 e.
1501 435 1861 486 sussrouu

510 582 874 647 scaesarem
895 578 1330 666 jurejurando
1361 577 1774 658 distrahere‚f
1794 582 2260 665 perseveravit.
2350 580 2513 666 [86]
2556 582 2723 648 Sus-

452 755 457 759 ,
533 685 873 769 picionem
894 683 1125 750 Caesar
1154 684 1558 769 quibusdam
1582 703 1847 749 suorum
1870 684 2161 769 reliquit,
2191 703 2407 768 neque
2430 686 2722 751 voluisse

528 809 613 852 -se
637 795 662 838 ⁷
709 787 961 853 diutins
1002 789 1247 865 vivere,
1296 807 1506 871 neque
1551 807 1847 864 curasse,
1892 787 2072 871 quod
2099 786 2470 852 valetudine
2502 788 2725 854 minus

534 910 855 975 prospera
880 895 1203 955 uteretur:
1245 890 1554 974 ideoque,
1594 890 1891 973 etquae⁸
1934 890 2285 973 religiones
2307 898 2333 936 ἔ
2360 898 2724 970 monerent,

533 999 787 1076 etssquae
830 993 1271 1068 renuntiarent
1315 993 1539 1069 amici,
1582 992 1988 1074 neglexisse.
2078 993 2247 1057 Sunt
2292 993 2409 1076 qui
2457 999 2724 1075 putent,

536 1093 861 1158 confisum
921 1114 1076 1159 eum
1133 1096 1501 1161 novissimo
1555 1094 1675 1158 illo
1734 1093 2331 1160 senatusconsulto
2396 1111 2477 1159 ac
2539 1094 2726 1177 jure·

524 1195 870 1279 jurando,¹²
924 1199 1126 1263 etiam
1173 1197 1515 1263 custodias
1563 1196 2040 1280 Hispanorum,
2087 1216 2245 1263 cum
2292 1197 2528 1280 gladiis
2574 1216 2726 1262 sec-

532 1298 860 1366 tantium⁹
907 1298 1021 1378 se,³
1067 1302 1448 1366 removisse.
1535 1297 1679 1363 Alii
1726 1319 1764 1363 e
1803 1300 2085 1377 diverso,
2132 1296 2725 1384 opinatum,¹‘.insi-

524 1400 682 1466 dias
714 1403 1006 1487 undique
1035 1398 1483 1467 imminentes¹
1532 1401 1755 1465 subire
1800 1403 2004 1467 semel
2056 1403 2268 1468 satius
2312 1422 2487 1481 esse,-
2519 1422 2725 1486 quam

1445 1598 1566 1619 ‘OOC
1571 1598 1806 1619 ‘effoeto

531 1732 773 1793 plebs—7
807 1733 933 1783 Ern.
970 1733 1240 1783 delendum
1277 1740 1425 1797 putat
1457 1736 1622 1783 se.—8
1654 1734 1811 1797 Atque
1848 1733 1979 1782 Ven.
2014 1738 2081 1782 tr.
2120 1734 2252 1782 Bon.
2293 1734 2429 1781 Ven.
2471 1739 2529 1781 ut
2569 1744 2727 1795 saepe.

532 1797 667 1845 Dein
689 1802 857 1859 putant
879 1797 1155 1862 cujum—9
1191 1799 1319 1847 Haec
1343 1799 1565 1848 Casaub.
1586 1806 1667 1848 est
1697 1797 2009 1848 emendatio.
2074 1798 2242 1859 Vulgo
2264 1798 2646 1860 inspectantium,
2670 1806 2726 1848 et

528 1862 604 1909 ita
627 1863 837 1912 Memm.
864 1863 1019 1913 Fene.
1042 1864 1158 1914 Pal.
1182 1870 1246 1913 tr.
1269 1861 1383 1927 (sed
1407 1863 1459 1912 in
1483 1878 1643 1926 marg.
1676 1869 1795 1913 tert.
1817 1864 2025 1925 exspes.)
2056 1862 2236 1926 Cujac.
2266 1868 2320 1911 et
2352 1863 2417 1912 al.
2453 1864 2513 1911 ad
2550 1863 2722 1925 inspec.

532 1926 776 1976 Dunelm.
802 1927 927 1977 Lisl.
950 1943 1046 1990 pro
1069 1944 1172 1992 quo
1192 1929 1340 1978 Torr.
1364 1928 1717 1991 insectantium,
1738 1927 1856 1979 Jac.
1877 1928 2038 1978 Gran.
2060 1928 2473 1987 adinsectantium‚
2497 1927 2641 1989 Lips.
2662 1930 2725 1976 ad

528 1991 583 2039 id
601 1992 899 2055 sectantium,
919 1992 1061 2044 Oud.
1088 1992 1392 2056 squantiurn,
1415 1993 1600 2042 Heius.
1624 1994 1904 2056 stipantium
1928 1992 2092 2058 (quod
2131 2000 2185 2042 et
2220 1992 2397 2048 Graev.
2433 1991 2641 2056 probat,
2665 2001 2726 2042 et

1519 2156 1739 2232 κοτε

597 2265 620 2297 f
646 2266 971 2328 dur-durando
1017 2270 1299 2335 distrahere]
1348 2271 1466 2321 Hoc
1506 2265 1607 2321 est*

533 2343 775 2394 dirimere
809 2354 866 2396 et·
892 2346 1058 2408 finire,
1084 2350 1219 2413 quod
1246 2350 1456 2399 verbum
1489 2351 1588 2400 ori-

534 2420 701 2483 ginem
724 2421 902 2473 habuit
923 2423 986 2474 ab
1003 2425 1346 2491 auctionibus,
1365 2425 1458 2493 (de
1478 2428 1588 2493 qui-

537 2497 631 2548 bus
665 2513 777 2561 sup.
816 2499 878 2549 ad
915 2515 960 2551 c.
985 2501 1096 2565 50.)
1122 2502 1204 2551 ubi
1236 2518 1318 2553 res
1355 2504 1588 2567 pluribus

535 2575 1000 2642 divenditoe,quasi
1045 2579 1097 2627 in
1141 2578 1346 2628 diversa
1376 2579 1587 2628 trahun-

525 2658 634 2701 tur.
701 2654 816 2704 Quo
862 2669 982 2704 vero
1017 2669 1172 2705 sensu
1206 2656 1290 2706 hie
1313 2657 1587 2721 accipitur,

527 2731 728 2793 signnm
763 2739 841 2782 est
872 2733 1077 2783 honoris
1112 2733 1292 2797 divini,
1319 2743 1426 2783 tum
1450 2735 1585 2799 quod

440 2860 441 2863 ,
530 2822 625 2870 per
657 2809 817 2869 Deos,
851 2817 941 2859 aut
977 2811 1161 2862 heroas
1186 2812 1454 2876 jurabant,
1477 2819 1586 2861 tum

528 2883 664 2946 quod
686 2885 849 2934 locmn
875 2887 1036 2948 illum,
1053 2887 1140 2936 ubi
1165 2897 1426 2938 crematus
1451 2895 1585 2951 erat,

526 2961 712 3023 -templi
749 2961 913 3010 instar
949 2962 1182 3013 habitum
1227 2965 1494 3028 oportuit:
1533 2965 1585 3014 in

532 3036 739 3098 templis
759 3037 894 3086 enim
918 3039 1287 3090 controversiae
1310 3041 1409 3090 hoe
1434 3040 1587 3089 modo

526 3110 702 3160 dirimi
725 3127 812 3160 sen
840 3113 1056 3162 distrahi
1087 3115 1269 3164 solitae.
1336 3117 1497 3165 Patet
1517 3130 1583 3166 ex

532 3186 672 3236 Plin.
709 3188 862 3250 epist.
885 3193 932 3238 1.
966 3189 1057 3240 lib.
1096 3204 1146 3239 v.
1213 3191 1365 3243 Quod
1401 3199 1585 3256 postea

527 3259 850 3327 frequentius
877 3266 1114 3315 usitatum
1147 3274 1246 3325 est,
1282 3269 1436 3318 etiam
1456 3283 1585 3332 erga

498 3339 690 3401 nives,
726 3347 783 3390 ut
816 3340 880 3388 de
903 3340 1039 3405 Aug.
1074 3343 1320 3395 Horatius
1354 3345 1508 3409 epist.
1536 3351 1582 3395 1.

526 3414 710 3467 lib-n.
745 3417 1041 3468 ‘Praesenti
1077 3420 1171 3469 tibi
1195 3420 1396 3471 divinos
1431 3423 1583 3487 largi·

528 3505 640 3541 mur
660 3493 894 3555 honores,
926 3493 1285 3562 Jurandasque
1310 3506 1453 3549 tuum
1485 3513 1583 3563 per

528 3583 717 3618 nomen
737 3571 969 3634 ponimns
993 3572 1143 3622 aras?
1209 3574 1279 3623 Et
1298 3588 1394 3638 per
1414 3574 1582 3625 fortu-

526 3660 664 3708 nam,
718 3647 958 3709 salutem,
1012 3655 1171 3712 capnt
1212 3649 1582 3714 imperatorum

518 3720 744 3783 jurasse,
768 3724 1028 3786 vulgatum
1063 3731 1160 3774 est.
1225 3725 1373 3777 Quod
1415 3734 1470 3776 et
1492 3727 1583 3777 ho·

525 3797 608 3847 die
651 3805 756 3848 tam
798 3799 941 3863 viget
978 3800 1114 3863 apud
1174 3801 1387 3864 Persas,
1428 3817 1581 3866 quam

528 3873 665 3937 quod
689 3889 908 3939 unquam
932 3876 1151 3924 maxime
1176 3875 1356 3938 viguit.

588 3956 612 3990 Β
645 3949 946 4014 Religiones]
981 3951 1097 4001 Hoc
1136 3960 1219 4001 est
1259 3953 1471 4008 somnia,
1496 3969 1583 4002 an-

525 4024 705 4085 spicia,
729 4024 983 4088 prodigia,
1006 4030 1103 4077 &c.
1127 4026 1193 4076 de
1214 4028 1400 4093 quibus
1421 4044 1579 4094 supra

527 4114 645 4163 epp.
668 4103 749 4149 83.

587 4173 613 4206 ¹¹
649 4175 1057 4228 Senatusconsulto
1080 4179 1464 4247 etjurey‘urando]
1492 4183 1577 4233 De

525 4250 710 4314 quibus
724 4266 772 4300 c.
793 4256 874 4301 84.

578 4326 604 4359 ·¹
634 4323 954 4390 Hispanorum
993 4331 1271 4381 sectantium
1315 4335 1390 4397 se]
1464 4332 1576 4384 Ha,-

1668 2271 1781 2320 buit
1813 2278 1868 2321 et
1893 2270 2159 2334 Augustus
2184 2267 2248 2318 ad
2287 2266 2726 2331 eorporis’custo-

1667 2347 1802 2396 diam
1846 2347 2138 2410 Hispanos:
2175 2346 2225 2394 in
2253 2344 2475 2407 August.
2496 2358 2613 2409 cap.
2639 2349 2725 2397 49.

1669 2424 1908 2487 Vulgatae
1951 2422 2201 2473 editiones
2247 2420 2492 2486 legebant
2536 2422 2722 2486 inspec-

1667 2503 1890 2563 tantium,
1925 2516 2018 2566 pro
2049 2499 2408 2550 absmantiM.
2474 2499 2606 2562 Ego,
2642 2499 2720 2548 in-

1667 2578 1779 2641 quit
1801 2577 2150 2639 Casaubonns,
2185 2590 2282 2625 non
2308 2583 2435 2640 puto
2462 2576 2715 2626 Latinita-

1669 2661 1772 2702 tem
1796 2654 1922 2718 pati,
1947 2660 2003 2702 ut
2023 2652 2176 2701 aliter
2198 2653 2422 2716 legatur,
2445 2667 2597 2717 quam
2621 2668 2720 2705 set-

1666 2730 1887 2780 tantiam.

1730 2805 1754 2839 Κ
1785 2807 1891 2855 Alii
1932 2822 1957 2856 e
1995 2806 2094 2856 din.
2135 2805 2374 2869 opinatum
2415 2805 2722 2870 [opinantur]

1667 2883 1966 2932 Torrentius
2004 2883 2055 2931 in
2079 2882 2278 2932 duobus
2303 2882 2568 2931 codicibus
2594 2883 2721 2946 legit

1668 2959 1924 3022 opinatum,
1944 2973 2042 3008 nee
2065 2958 2115 3007 in
2140 2957 2320 3007 iisdem
2345 2959 2602 3021 reperitur
2619 2973 2720 3008 vox

1666 3035 1942 3095 confessum.
2005 3033 2161 3086 Quod
2197 3034 2347 3097 longe
2369 3034 2551 3082 melius
2575 3034 2719 3083 vide·
2753 3062 2756 3063 ν

1668 3121 1773 3176 tur,
1795 3113 2108 3177 transposita
2132 3125 2256 3161 voce
2273 3113 2448 3171 jerunt
2474 3120 2593 3161 ante
2632 3127 2721 3160 vo-

1661 3203 1778 3239 cem
1812 3190 1917 3251 alii,
1938 3189 2045 3238 sie:
2078 3188 2169 3237 alii
2199 3203 2225 3237 e
2253 3188 2441 3236 diverso
2478 3188 2719 3250 opinatum

1664 3268 1863 3317 insidias
1891 3266 2097 3329 undique
2129 3264 2420 3314 imminentes
2461 3264 2620 3321 subire
2647 3278 2719 3313 se-
2783 3280 2789 3287 ·

1664 3345 1755 3392 mel
1775 3343 1927 3391 satius
1955 3356 2070 3397 esse,
2092 3355 2230 3404 quam
2256 3355 2420 3390 cavere
2453 3340 2718 3403 semperse-

1662 3424 1809 3477 runt‚·
1841 3418 1929 3467 alii
1949 3419 2104 3466 dicere
2122 3417 2330 3475 solitum,
2343 3419 2424 3478 εμπ.
2680 3468 2688 3474 ,

1726 3492 1740 3527 ¹
1799 3493 2015 3557 Undique
2052 3491 2369 3554 imminentes]
2428 3491 2478 3541 N
2483 3505 2545 3540 ee
2577 3491 2715 3540 enim

1661 3570 1806 3621 illum
1852 3567 2101 3632 fugiebat,
2136 3582 2236 3631 quo
2271 3567 2518 3617 adversus
2550 3566 2714 3629 ipsum

1664 3647 1833 3696 animo
1875 3644 2051 3696 forent
2083 3645 2242 3694 etiam
2281 3645 2368 3708 qui
2409 3643 2716 3691 videbantur

1660 3724 1831 3779 amici.
1893 3723 2085 3772 Cicero
2119 3721 2206 3771 lib.
2226 3734 2347 3777 xiv.
2382 3720 2551 3782 Epist.
2581 3724 2625 3768 1.
2645 3718 2713 3769 ad

1665 3798 1828 3848 Attic.
1853 3798 1966 3847 haee
2001 3797 2112 3861 ejus
2138 3795 2293 3849 verba
2328 3792 2508 3843 refert.
2571 3796 2585 3821 ‘
2605 3795 2715 3857 Ego

1659 3873 1893 3924 dubitem
1940 3873 2062 3937 quin
2099 3884 2295 3921 summo
2336 3870 2391 3918 in
2445 3870 2565 3919 odio
2604 3868 2715 3930 sim,

1662 3965 1779 3999 cum
1818 3951 1897 3999 M.
1936 3950 2121 4000 Cicero
2166 3946 2365 4008 sedeat,
2410 3958 2712 4009 neqnesuo

1657 4028 1931 4077 commodo
1966 4040 2048 4079 me
2084 4024 2360 4076 convenire
2398 4022 2595 4086 possit?
2631 4027 2711 4072 at·

1656 4104 1746 4167 qui
1767 4103 1814 4154 si
1835 4103 2104 4167 quisquam
2139 4107 2222 4150 est
2254 4097 2439 4162 facilis,
2480 4098 2565 4148 bie
2590 4106 2706 4149 est:

1661 4188 1833 4228 tamen
1858 4192 1959 4227 non
1980 4176 2167 4226 dubito
2189 4176 2311 4240 quin
2331 4189 2413 4223 me
2435 4174 2569 4223 male
2590 4174 2708 4223 ode-

1656 4253 1763 4310 rit,'
1789 4259 1887 4304 διο.
1954 4255 2026 4303 Et
2047 4253 2202 4317 epist.
2233 4251 2488 4320 sequenti,
2525 4251 2593 4300 de
2623 4265 2711 4300 eo·

1657 4331 1775 4384 dem
1824 4331 1964 4383 idem
2009 4328 2301 4396 ioquendo:
2367 4329 2382 4357 ‘
2401 4329 2515 4392 Ego
2571 4339 2710 4381 nune
