3019 4922
2392 399 2522 464 509

334 552 659 618 custodiae
681 558 706 588 ²
738 552 1018 632 traditis,
1063 573 1196 618 non
1227 556 1429 620 modo
1460 554 1770 619 studendi
1801 556 2119 621 solatium
2149 556 2516 637 ademtum,

334 655 450 719 sed
480 656 719 719 etiam³
766 658 1097 720 sermonis
1141 662 1208 720 et
1253 657 1579 739 colloquii
1616 677 1801 721 usus.
1889 656 2096 722 Citati
2131 659 2213 722 ad
2247 663 2518 724 causa‘m

330 758 675 823 dicendam
707 761 953 842 partim
985 781 1059 823 se
1093 760 1274 825 domi
1300 762 1831 838 vulneraverunt,
1863 761 2018 824 certi
2052 761 2517 839 damnationiS,

333 861 448 924 sed
508 861 593 925 ad
639 863 1066 927 vexationem
1113 863 1675 946 ignominiamque
1734 862 2112 940 vitandam3
2158 865 2394 945 partim
2450 866 2524 927 in

328 965 554 1029 media
587 965 788 1030 Curia
819 986 1132 1030 venenum
1178 966 1595 1043 hauserunt‚4
1636 973 1705 1030 et
1750 973 1970 1030 tamen
2016 967 2341 1048 colligatis
2373 968 2519 1030 vul-

327 1068 614 1144 neribuS‚
659 1088 742 1133 ac
785 1069 1207 1134 semianimes
1253 1070 1791 1153 palpitantesque
1824 1070 1889 1133 in
1920 1087 2250 1132 carcerem
2293 1070 2516 1152 rapti.⁵

328 1168 554 1233 Nemo
584 1172 962 1253 punitorum
995 1191 1125 1236 non
1157 1182 1225 1236 et
1255 1174 1321 1236 in
1354 1172 1722 1236 Gemonias
1747 1180 1775 1220 P
1822 1170 2183 1253 abjectuS‚⁶
2209 1190 2518 1254 uncoque

326 1276 624 1353 tractus;
667 1275 900 1356 viginti
923 1283 948 1323 ⁷
979 1296 1109 1339 uno
1138 1276 1292 1352 die,q
1324 1274 1595 1358 [abjecti
1627 1275 1960 1358 tractique
1990 1272 2168 1352 sunt]
2206 1275 2369 1337 inter
2398 1293 2517 1338 eos

321 1372 615 1441 foeminae
663 1380 729 1440 et
771 1378 1010 1460 pueri.⁸
1102 1377 1486 1442 Immaturae
1537 1377 1831 1459 puellae,r
1861 1378 2019 1460 quia
2064 1397 2241 1441 more
2268 1376 2514 1441 tradito

1230 410 1610 460 TIBERIUS.

1242 1551 1604 1580 oeeeeeeee'eoe

325 1688 565 1739 Oud.—-2
605 1691 834 1742 Custodia
870 1685 1084 1742 Memm.
1121 1692 1262 1744 Dun.
1296 1692 1451 1743 vind.
1473 1699 1523 1744 2.
1554 1695 1696 1743 Cort.
1715 1691 1833 1756 Cuj.
1857 1687 2029 1744 Periz.
2057 1693 2281 1743 Harlem.
2303 1699 2359 1744 et
2378 1683 2513 1744 Edd.

322 1755 469 1803 Vett.
490 1754 552 1803 ad
579 1756 697 1805 Bas.
722 1772 898 1821 usque.
969 1757 1192 1814 Quotidie
1226 1758 1384 1807 vind.
1417 1764 1464 1808 l.
1530 1760 1658 1808 Mox
1681 1760 1915 1808 scribendi
1937 1760 2091 1808 Fouc.
2114 1759 2211 1810 Ed.
2234 1760 2385 1809 Rom.
2410 1774 2513 1809 sec.

322 1833 437 1867 eum
477 1819 632 1869 duob.
671 1822 815 1871 Torr.
858 1822 939 1872 cui
976 1819 1264 1885 placeb—8⁸
1294 1824 1392 1873 Sed
1413 1830 1462 1873 et
1481 1839 1623 1874 serm.
1647 1824 1802 1873 vind.
1828 1828 1879 1872 2.
1945 1825 2074 1872 Tum
2096 1829 2144 1871 et
2170 1826 2233 1873 ad
2252 1840 2360 1873 vex.
2382 1825 2514 1874 Edd.

321 1883 455 1933 Bon.
479 1885 510 1935 J
520 1893 628 1934 unt.
647 1885 773 1950 Arg.
806 1887 1030 1937 Casaub.
1050 1903 1165 1936 cum
1191 1903 1334 1952 seqq.
1354 1897 1408 1936 et
1431 1889 1591 1938 Polit.
1614 1890 1891 1951 excerptis.
1959 1889 2019 1937 In
2058 1889 2267 1952 reliquis
2305 1889 2514 1953 scriptis

321 1955 376 1997 et
399 1949 552 1999 editis
574 1952 656 1999 sed
675 1958 740 2007 et,
777 1959 934 2013 quare
959 1953 1189 2016 reposuit
1212 1953 1429 2015 Baumg.
1495 1954 1676 2003 Habet
1701 1955 1822 2002 Bas.
1846 1953 2023 2002 scilicet
2044 1955 2105 2001 ad
2137 1954 2515 2003 venaticam.—

321 2017 354 2061 4
388 2015 639 2064 Auxerunt
664 2017 830 2065 Pei-iz.
855 2026 907 2066 et
932 2033 1024 2067 non
1046 2018 1215 2078 ligatis
1243 2019 1352 2081 Cuj.
1421 2020 1555 2069 Dein
1579 2017 1986 2068 unanimes'Huls.
2012 2018 2342 2081 palpitantem.
2364 2019 2516 2068 adhuc

323 2078 517 2127 Medic.
541 2081 675 2131 Dun.
696 2082 854 2131 Fouc.
877 2083 1004 2144 Cop.
1027 2083 1140 2145 Cuj.
1161 2084 1310 2131 Voss.
1347 2082 1480 2133 Edd.
1509 2084 1642 2133 Bon.
1685 2083 1850 2132 Paris.
1918 2083 2116 2146 Copula
2142 2082 2292 2131 abest
2313 2095 2343 2131 a
2366 2084 2517 2132 Cort.

320 2142 455 2191 Edd.
498 2146 744 2194 Rom—5
783 2147 981 2210 Recepti
1013 2148 1181 2196 Periz.
1220 2148 1454 2197 Harlem.
1494 2150 1640 2198 Cort.
1676 2146 1813 2198 Edd.
1839 2149 2018 2211 Camp.
2041 2146 2185 2197 Med.
2211 2148 2355 2198 Cald.
2377 2149 2511 2197 Ven.

321 2208 487 2270 Lugd-
508 2210 659 2261 Junt.
682 2209 802 2260 Ald.
827 2211 954 2274 Arg.
989 2212 1169 2276 steph.
1215 2213 1344 2262 Mox
1367 2220 1415 2263 et
1436 2213 1583 2262 deest
1606 2215 1806 2278 utrique
1828 2212 1985 2261 vind.
2015 2213 2159 2262 Cort.
2184 2213 2354 2262 Periz‘.
2379 2211 2514 2261 Har·

318 2272 440 2322 lem.
477 2281 532 2323 et
571 2275 706 2325 Edd.
741 2284 861 2326 ante
896 2278 1119 2328 Bas.—6
1174 2277 1396 2339 Olv'ectus
1437 2279 1635 2329 Medic.
1670 2283 1720 2327 3.
1769 2277 1898 2339 Cop.
1932 2291 2170 2341 unquoque
2206 2278 2363 2327 vind.
2401 2282 2514 2327 1.--’-ὁ

321 2341 353 2386 7
378 2338 519 2400 Lips.
543 2340 607 2388 ad
629 2342 750 2391 Tac.
776 2340 911 2391 Anu.
941 2356 1017 2391 vr.
1044 2348 1120 2391 19.
1142 2357 1278 2392 corr.
1297 2355 1358 2398 α)
1381 2343 1416 2392 i.
1439 2358 1485 2392 e.
1511 2345 1652 2400 mille,
1687 2343 1927 2393 Muretus
1946 2344 2153 2405 ducenti,
2175 2341 2355 2390 Heius.
2375 2343 2514 2404 quin·

314 2405 470 2464 genti.
506 2405 728 2455 Casaub.
755 2408 863 2457 CC.
883 2412 931 2456 et
951 2407 1146 2469 viginti.
1183 2407 1266 2457 Cf.
1301 2409 1496 2461 Comm.
1537 2410 1599 2457 ad
1640 2410 1691 2459 h.
1725 2409 1759 2456 l.
1829 2409 2072 2457 Ceterum
2100 2406 2258 2455 verba
2276 2406 2446 2466 abj.tr.
2469 2423 2511 2456 s.

316 2469 938 2532 pro'glossernate}liabuit
953 2474 1097 2521 Torr.
1117 2474 1476 2535 astipulantib.
1498 2474 1638 2523 omi.
1659 2475 1780 2523 Ern.
1800 2472 1955 2522 Wolf.
1992 2473 2109 2521 ideo
2134 2474 2329 2520 uncinis
2354 2473 2513 2520 inclu-

320 2533 388 2582 sit
412 2536 630 2598 Baumg.
697 2538 865 2585 Deest
900 2539 1131 2600 tractique
1169 2546 1276 2586 sunt
1316 2539 1470 2587 duob.
1503 2540 1651 2588 Torr.
1690 2540 1863 2587 Periz.
1893 2538 2119 2586 Harlem.
2144 2538 2264 2598 Lys.
2301 2544 2354 2585 et
2379 2537 2512 2587 Edd.

321 2600 546 2664 antiquis
570 2616 732 2664 usque
753 2603 815 2649 ad
842 2602 966 2651 Bas.
992 2603 1190 2665 Grypb.
1215 2607 1313 2652 διο.
1362 2604 1533 2652 Etiam
1555 2608 1665 2652 sunt
1688 2618 1789 2651 non
1810 2610 2095 2665 agnoscunt
2120 2601 2325 2663 plurimi
2352 2601 2514 2649 Codd.

323 2662 462 2713 Oud.
501 2665 659 2714 Wolf.
697 2667 997 2716 addiscente
1035 2668 1275 2717 Dum—8
1316 2667 1466 2717 Hunc
1503 2669 1613 2716 ord.
1636 2682 1666 2716 e
1690 2668 1839 2717 bonis
1862 2666 2086 2716 membb.
2117 2667 2345 2729 praetulit
2371 2666 2513 2715 Oud.

320 2727 489 2793 Vulgo
506 2732 643 2794 pueri
663 2733 765 2791 ets.
802 2732 866 2781 In
892 2732 1051 2781 Polit.
1073 2733 1251 2791 etsem-
1273 2737 1320 2781 et
1331 2748 1415 2796 pu.
1437 2737 1482 2781 et
1499 2733 1668 2781 imunt.
1701 2732 1854 2783 Voss.
1874 2747 1930 2782 ac
1945 2732 2101 2795 pueri.
2137 2731 2294 2781 vind.
2318 2736 2364 2781 1.
2383 2730 2512 2780 inter

1308 2891 1523 2949 NOTAE

383 3001 411 3035 Ρ
445 2995 720 3060 Gemonias]
754 2997 840 3044 De
864 2995 939 3045 bis
963 3010 1116 3058 supra
1141 3010 1259 3060 cap.
1292 3000 1375 3045 53.
1457 2997 1570 3047 loco
1594 3002 1768 3047 narrat
1800 2997 2025 3052 Tacitus,
2051 2992 2185 3060 quod
2217 2993 2343 3042 satis
2381 2990 2511 3042 indi⁶

319 3067 385 3119 de
410 3072 603 3134 laqueis
627 3081 679 3121 et
702 3073 848 3122 uncis
872 3088 987 3136 cap.
1011 3077 1092 3122 54.
1456 3080 1579 3123 cant
1609 3088 1765 3123 voces
1797 3076 1813 3103 ‘
1832 3072 2050 3137 dispersi
2082 3077 2172 3119 aut
2199 3069 2458 3133 aggregati
2477 3067 2512 3128 ς’

383 3154 408 3188 ‘¹
449 3149 636 3209 Viginti
657 3165 746 3198 uno
762 3151 867 3213 die]
921 3150 1254 3199 casaubonus
1291 3151 1375 3201 hic

320 3230 376 3273 et
414 3225 618 3287 Lipsius
655 3227 718 3274 ad
749 3240 840 3275 vr.
886 3226 1158 3276 Annalium
1204 3228 1372 3277 Taciti

319 3317 528 3353 numero
546 3309 626 3354 57.
646 3312 941 3368 corruptum
957 3306 1091 3354 bunc
1107 3319 1371 3354 numerum

320 3380 484 3442 aiunt,
518 3381 865 3430 existimantes
891 3381 1043 3444 longe
1063 3380 1307 3443 majorem
1344 3395 1374 3429 a

319 3458 502 3508 Tacito
538 3456 838 3522 significari.
886 3457 1157 3506 ‘Tiberius
1192 3457 1372 3506 incita-

317 3540 419 3590 tus,
462 3534 731 3597 suppliciis
774 3541 991 3583 cunctos
1036 3532 1125 3597 qui
1163 3546 1373 3582 carcere

318 3610 654 3670 tenebantur,
690 3610 920 3659 accusati
955 3609 1219 3659 societatis
1257 3623 1371 3658 cnm

315 3685 527 3750 Seiano,
550 3687 723 3736 necari
736 3686 905 3749 jubet.
938 3685 1110 3737 Jacnit
1130 3686 1375 3735 immensa

318 3771 539 3826 strages,
594 3765 756 3812 omnis
801 3776 971 3827 sexus,
1016 3764 1178 3811 omnis
1224 3771 1371 3820 aetas,

314 3839 543 3887 illustres
586 3839 953 3903 ignobilesque,
1009 3838 1230 3903 dispersi
1285 3847 1375 3888 aut

319 3914 627 3980 aggregati?
705 3914 1035 3965 Casaubonus
1079 3915 1376 3977 suspicatur

316 3991 636 4041 scribendum
660 3993 849 4042 ducenti
868 3998 916 4041 et
936 3992 1131 4054 viginti.
1167 3993 1373 4055 Lipsius

318 4067 525 4129 ducenti,
560 4073 651 4117 aut
684 4067 857 4130 potius
898 4076 983 4129 ω,
1021 4067 1071 4115 id
1110 4074 1192 4116 est
1227 4067 1372 4133 mille,

318 4142 455 4205 quod
475 4141 671 4204 fatuus,
708 4143 767 4193 u't
800 4143 892 4208 ait,
923 4143 1212 4206 exscriptor
1239 4144 1372 4192 male

320 4218 695 4278 interpretatus
717 4219 803 4270 sit.
869 4221 1024 4270 Certe
1057 4225 1282 4282 stragem
1316 4220 1373 4267 il·

319 4294 444 4355 lam,
479 4300 540 4342 ut
583 4292 773 4363 diserte
814 4310 915 4346 nou
952 4309 1052 4346 uuo
1090 4293 1276 4346 factam
1318 4295 1370 4343 iu

1455 3150 1531 3200 ita
1563 3166 1659 3201 nec
1681 3153 1864 3201 eodem
1896 3158 2131 3213 tempore
2156 3152 2509 3211 perpetratam

1454 3230 1713 3278 ullatenus
1731 3228 1969 3287 affirmet;
1987 3233 2042 3277 et
2059 3226 2184 3275 satis
2200 3224 2508 3273 horrendum

1454 3303 1678 3366 videtur,
1706 3305 1748 3352 si
1778 3304 1961 3367 viginti
1985 3316 2087 3350 uno
2108 3301 2395 3363 eodemque
2425 3298 2511 3348 die

1453 3378 1723 3441 perierint.
2581 3432 2584 3435 Ι

1517 3460 1537 3487 ¹
1568 3455 1844 3504 Immaturoe
1864 3452 2054 3518 puella]
2096 3454 2182 3501 De
2203 3451 2382 3514 Sejani
2404 3449 2512 3499 filia

1452 3536 1687 3580 notatum
1732 3544 1886 3594 supra
1928 3543 2044 3592 cap.
2078 3533 2158 3576 55.
2203 3541 2267 3575 ex
2311 3526 2512 3585 Tacito,

1452 3607 1586 3670 quod
1618 3613 1673 3656 et
1705 3605 1810 3655 Dio
1847 3605 2043 3654 retulit.
2110 3604 2276 3653 Notat
2308 3602 2510 3664 Lipsius

1454 3698 1554 3732 non
1582 3690 1685 3732 tam
1704 3681 2016 3747 virginitatis
2034 3694 2184 3745 quam
2200 3680 2370 3728 aetatis
2390 3693 2509 3727 cau-

1453 3774 1512 3808 sa
1533 3758 1800 3808 inductum
1833 3771 2023 3806 morem
2058 3756 2219 3815 illum,
2241 3754 2362 3819 quia
2386 3768 2509 3817 pue-

1453 3852 1539 3886 ros
1561 3835 1781 3885 interfici
1819 3831 1964 3883 nefas
1995 3838 2110 3881 erat
2143 3837 2263 3881 ante
2287 3836 2508 3880 sumtam

1455 3914 1651 3962 virilem
1677 3920 1867 3975 togam.
1934 3909 2034 3958 Dio
2068 3908 2155 3956 lib.
2180 3920 2360 3955 xnvn.
2391 3919 2509 3953 auc-
2547 3948 2555 3957 ,

1455 3996 1538 4040 tor
1571 3996 1669 4046 est,
1706 4001 1919 4051 puerum
1955 3984 2223 4051 quendam,
2262 3982 2510 4031 saeviente

1453 4065 1855 4130 proscriptione,
1871 4069 1993 4127 toga
2017 4060 2148 4110 virili
2167 4075 2196 4110 a
2210 4059 2510 4110 Triumviris

1451 4143 1707 4200 indutum,
1752 4149 1811 4190 ut
1858 4153 1987 4189 vana
2031 4139 2120 4188 illa
2153 4137 2290 4201 juris
2331 4135 2507 4200 specie

1452 4228 1628 4285 posset
1649 4218 1836 4270 occidi.
