3019 4922
526 364 657 479 462

530 573 895 652 cederetur,
946 574 1244 639 obtinere
1296 593 1431 639 non
1483 576 1763 658 potuit,⁴
1808 575 1971 660 quin
2015 582 2160 642 rata
2198 577 2512 643 voluntas
2549 577 2724 661 lega·

528 678 695 742 toris
717 685 744 713 *
792 682 992 740 esset.
1081 675 1252 740 Cum
1305 677 1973 744 senatusconsultum
2002 700 2121 765 per
2151 681 2678 747 discessionem⁵
2698 689 2725 726 ¹

527 780 694 845 forte
743 780 956 857 fieret,
1000 786 1450 846 transeuntem
1494 802 1649 847 eum
1696 784 1764 846 in
1814 783 2090 847 alteram
2141 791 2424 867 partem,
2474 786 2544 849 in
2592 804 2723 868 qua

526 882 886 967 pauciores
923 889 1135 956 erant,
1183 891 1464 948 secutus
1512 890 1617 949 est
1655 904 1880 950 nemo.
1969 884 2216 951 Cetera
2245 908 2520 971 quoque
2563 907 2725 952 non-

528 987 658 1049 nisi
710 1007 829 1070 per
880 988 1325 1068 magistratuS‚
1375 994 1440 1052 et
1481 987 1636 1070 jure
1690 988 2023 1053 ordinario
2070 992 2479 1071 agebantur3
2544 996 2727 1054 tanta

529 1088 905 1154 Consulum¹
948 1091 1371 1167 auctoritate,
1420 1099 1500 1155 ut
1551 1089 1802 1174 legati⁶
1852 1110 1939 1155 ex
1977 1090 2216 1158 Africa
2256 1093 2544 1159 adierint
2586 1112 2726 1170 eos,

530 1200 901 1276 querenteS,
927 1192 1098 1257 trahi
1116 1200 1140 1227 ²
1192 1214 1263 1257 se
1294 1214 1336 1258 a
1364 1193 1658 1271 Caesare,
1690 1195 1774 1259 ad
1804 1214 2006 1279 quem
2028 1186 2229 1259 ’missi
2255 1195 2489 1260 forent.
2583 1195 2726 1260 Nec

525 1295 785 1372 mirum,
817 1315 968 1360 cum
1013 1296 1234 1379 palam
1277 1304 1484 1377 esset,
1529 1300 1747 1382 ipsum
1782 1317 2050 1381 quoque
2098 1297 2352 1362 eisdem
2397 1305 2462 1362 et
2507 1318 2726 1364 assur·

525 1419 704 1480 gere,
739 1402 808 1462 et
836 1398 1154 1463 decedere
1189 1402 1320 1465 via.
1407 1400 1575 1483 [32]
1621 1399 1964 1482 Corripuit
1994 1400 2381 1465 consulares
2402 1409 2429 1436 ⁸
2469 1402 2727 1465 exerci-

524 1501 708 1564 tibus
731 1508 756 1549 ⁷
795 1502 1225 1585 praepositos,
1254 1502 1436 1585 quod
1477 1522 1610 1566 non
1650 1501 1734 1565 de
1774 1502 1977 1565 rebus
2023 1504 2228 1583 gestis
2258 1503 2541 1567 Senatui
2570 1503 2732 1573 scri<

526 1602 811 1681 berent‚⁸
840 1604 1160 1687 quodque
1193 1605 1276 1668 de
1318 1604 1686 1669 tribuendis
1718 1603 2122 1687 quibusdam
2162 1605 2564 1669 militaribus
2609 1603 2728 1668 do-

526 1704 634 1768 nis
679 1705 763 1768 ad
807 1726 880 1770 se
922 1706 1267 1771 referrent:
1315 1708 1505 1790 quasi
1552 1726 1683 1770 non
1726 1705 2015 1770 omnium
2057 1705 2562 1769 tribuendorum
2595 1705 2728 1787 ipsi

516 1805 633 1891 jus
664 1807 1024 1873 haberent.⁸
1048 1817 1071 1845 ⁰
1159 1808 1522 1875 Praetorem
1553 1807 1987 1886 collaudavit,
2017 1807 2223 1903 quod,
2254 1808 2501 1873 honore
2531 1808 2725 1884 inito,

1394 429 1458 478 C.
1496 427 1863 480 ‹SUE'I'ONII

1438 1973 1800 1996 oeconomo„

524 2072 632 2122 novi
655 2072 782 2123 Cod.
803 2074 1019 2136 Regius,
1046 2078 1182 2124 teste
1203 2075 1480 2125 Burm.—-4
1506 2075 1620 2124 Obt.
1642 2090 1736 2124 non
1754 2075 1957 2125 obtinuit
1980 2075 2192 2124 Memm.
2216 2080 2270 2123 et
2286 2087 2445 2135 marg.
2466 2071 2564 2122 Ed.
2581 2071 2726 2122 Med.

526 2152 607 2200 pr.
656 2138 717 2187 In
744 2138 870 2188 Lisl.
892 2140 1010 2202 Cuj.
1036 2147 1088 2188 et
1117 2140 1251 2190 Edd.
1284 2141 1432 2201 Vett.
1460 2156 1556 2188 non
1575 2140 1797 2197 obtinuit,
1821 2143 2008 2191 omisso
2027 2139 2255 2189 obtinere.
2324 2137 2502 2187 Habet
2525 2138 2658 2185 Ven.
2683 2142 2726 2185 1.

521 2204 901 2251 concederet—5
938 2205 1290 2254 Dis-sensionem
1312 2205 1470 2253 Fouc.
1491 2204 1651 2252 vind.
1669 2208 1719 2253 2.
1753 2206 2033 2255 discension.
2056 2206 2238 2267 Camp.
2284 2203 2412 2251 Tum
2429 2202 2618 2255 consilii
2638 2202 2726 2250 dat

521 2280 702 2328 margo
727 2267 825 2315 Ed.
849 2268 992 2316 Med.
1010 2269 1211 2317 consulii
1227 2269 1424 2319 Medic.
1445 2272 1494 2318 3.
1516 2270 1740 2317 consuluit
1763 2285 1868 2320 auc.
1894 2269 2147 2319 Huls.—6
2167 2268 2388 2329 Legatim
2411 2266 2650 2316 Harlem.
2673 2274 2727 2316 et

523 2331 705 2380 adii-int
727 2331 939 2382 vinda.
971 2333 1210 2382 audierint
1230 2333 1364 2382 Edd.
1382 2334 1578 2384 Schild.
1603 2341 1763 2395 postt.
1810 2335 1941 2384 Mox
1962 2333 2095 2383 missi
2116 2333 2321 2393 suerunt
2343 2333 2498 2382 Huls.
2554 2331 2726 2393 Copu-

525 2397 626 2444 lam
659 2401 704 2445 et
743 2405 860 2459 post
893 2397 1068 2447 eisdem
1099 2398 1297 2447 addunt
1330 2399 1545 2447 Memm.
1567 2398 1765 2449 Medic.
1788 2399 1945 2448 Vind.
1967 2401 2115 2449 Voss.
2140 2399 2256 2460 Cuj.
2280 2411 2394 2446 cum
2424 2397 2555 2445 Mss.
2574 2396 2724 2446 Torr.

520 2460 619 2511 Ed.
639 2463 819 2526 Camp.
870 2461 953 2512 Al.
975 2464 1337 2515 omittunt.—7
1374 2466 1628 2514 Exercitus
1649 2473 1706 2516 et
1727 2480 1844 2514 mox
1865 2464 2173 2515 rescriberent
2191 2461 2352 2511 vind.
2381 2466 2427 2510 1.
2458 2464 2523 2511 ad
2544 2477 2596 2511 se
2620 2461 2723 2521 ser·

523 2532 635 2577 rent
668 2528 863 2580 Medic.
893 2532 1042 2579 2.-8
1076 2530 1184 2597 Ipse
1206 2529 1292 2590 jus
1316 2530 1506 2581 haberet
1531 2529 1659 2581 dant
1686 2528 1882 2581 Medic.
1905 2535 1955 2580 2.
1978 2530 2124 2580 Cort.
2150 2528 2306 2577 vium·
2319 2532 2368 2577 2.
2393 2528 2566 2577 Periz.
2595 2526 2728 2576 Har·

1507 2692 1561 2743 N
1565 2691 1729 2743 01*AE

584 2793 611 2818 x
645 2786 775 2837 Rata
826 2790 1042 2839 voluntas
1095 2790 1352 2853 legatoris]
1420 2789 1583 2839 Patet

521 2876 816 2914 concessam
835 2871 1146 2916 testamento
1165 2866 1432 2930 pecuniam
1451 2866 1583 2916 banc

522 2938 587 2988 ab
625 2941 800 3004 aliquo
832 2942 1049 3006 privato.
1099 2943 1185 2992 Sic
1219 2948 1391 2991 autem
1426 2941 1583 3004 jubet

520 3015 631 3064 Lex
654 3029 755 3065 xn-
776 3017 1106 3080 Tabularum,
1124 3019 1141 3046 ‘
1161 3019 1254 3068 Uti
1279 3016 1582 3080 paterfami-

518 3089 615 3139 lias
650 3105 806 3154 super
838 3094 1060 3156 pecunia
1096 3095 1327 3143 tutelave
1366 3093 1440 3141 rei
1472 3107 1581 3142 suas

518 3166 750 3229 legauit,
782 3167 855 3216 ita
877 3168 966 3231 jus
1000 3168 1151 3219 esto}
1195 3168 1450 3232 Legassit,
1483 3169 1581 3218 boc

521 3249 603 3290 est
624 3242 889 3304 legaverit.

528 3342 534 3347 ·
583 3325 607 3360 5
639 3318 741 3367 Per
777 3317 1118 3383 discessionem]
1152 3321 1233 3371 Ex
1275 3321 1447 3372 Gellio
1484 3323 1577 3375 lib.

519 3405 638 3442 xtv.
662 3408 776 3458 cap.
799 3398 849 3444 7.
884 3396 1394 3447 senatusconsultum
1418 3396 1580 3449 fiebat

518 3468 535 3495 ‘
559 3469 756 3520 duobus
800 3472 998 3533 modis;
1048 3479 1136 3523 aut
1174 3488 1266 3538 per
1306 3473 1576 3525 discessio·

516 3560 657 3610 nem,
679 3548 721 3597 si
744 3549 1150 3611 consentiretur;
1185 3558 1277 3601 aut
1305 3551 1350 3601 si
1375 3566 1458 3600 res
1481 3551 1576 3600 du·

517 3621 606 3672 bia
627 3630 785 3686 esset,
819 3639 913 3687 per
941 3625 1256 3688 singulorum
1290 3628 1577 3677 sententias

517 3698 836 3763 exquisitas!
893 3701 1072 3752 Quare
1104 3700 1468 3753 discessionem
1502 3703 1578 3753 fa-

516 3785 636 3822 cere
659 3773 983 3839 dicebantur,
995 3790 1110 3825 cum
1129 3778 1280 3828 unius
1304 3779 1579 3829 sententio

518 3859 758 3900 auctores
781 3866 936 3900 unum
958 3853 1219 3918 inlocum,
1239 3855 1368 3904 alius
1396 3855 1451 3904 in
1484 3856 1577 3905 ali-

516 3939 603 3973 um
637 3928 1000 3978 concederent.
1051 3929 1191 3980 Hinc
1221 3930 1246 3963 ‘·
1261 3931 1476 3995 pedibus
1502 3933 1583 3983 ire

514 4000 570 4048 in
592 4006 897 4055 sententiam
931 4006 1185 4071 alicujus,’
1204 4009 1344 4072 apud
1367 4009 1575 4060 Cicero-

516 4090 636 4126 nem
657 4087 713 4128 et
730 4081 929 4132 Livium
951 4085 1131 4133 totiesz
1153 4085 1272 4135 hinc
1296 4092 1353 4135 et
1375 4086 1583 4149 pedarii·

514 4152 808 4212 Senatores,
844 4156 910 4207 de
960 4159 1147 4223 quibus
1189 4162 1327 4211 idem
1374 4161 1577 4213 Gellius

516 4226 609 4275 lib.
630 4241 720 4278 ιιι.
740 4243 853 4294 cap.
876 4236 955 4282 18.
976 4235 1061 4298 qui
1085 4235 1328 4300 pedibus,
1338 4251 1441 4286 non
1462 4253 1579 4288 ver·-

518 4301 618 4368 bis,
649 4306 870 4371 aliquam
899 4323 956 4359 se
990 4313 1298 4364 sententiam
1330 4314 1575 4379 amplecti

1662 2787 2048 2853 significabant,
2078 2788 2242 2853 ignari
2279 2788 2602 2852 plerumque,
2645 2787 2724 2835 vel

1663 2870 2033 2926 assentatores,
2064 2863 2201 2929 quod
2238 2871 2412 2913 tamen
2446 2862 2499 2911 in
2523 2862 2725 2925 majori·

1663 2940 1758 2990 bus
1778 2940 1999 3003 *negotiis
2022 2939 2283 3002 Augustus
2324 2939 2643 3003 immutarat,
2668 2946 2725 2986 ut

1662 3016 1715 3065 in
1738 3016 1976 3080 Augusto
2004 3030 2051 3064 c.
2069 3019 2153 3065 35.
2204 3015 2477 3064 Particula
2514 3016 2531 3045 ⁴
2552 3013 2727 3077 forte,'

1661 3105 1815 3156 quam
1836 3091 2113 3141 Suetonius
2149 3090 2372 3153 addidit,
2403 3089 2597 3140 indicio
2631 3098 2724 3145 est,

1660 3168 1832 3217 omnia
1853 3169 2312 3219 Senatnsconsulta
2333 3182 2428 3232 per
2449 3168 2724 3218 discessio-

1658 3257 1776 3293 nem
1813 3241 1956 3294 facta
1979 3258 2079 3294 non
2115 3242 2273 3293 fuisse
2301 3244 2456 3307 juxta
2495 3252 2720 3293 mentem

1659 3320 1792 3386 ejus,
1832 3336 1935 3385 quo
1971 3327 2143 3371 tamen
2179 3319 2330 3370 modo
2371 3318 2516 3370 facta
2551 3320 2724 3369 omnia

1658 3396 1940 3447 arbitratur
1981 3397 2161 3447 Ateius
2201 3396 2390 3460 Capito
2424 3395 2566 3461 apud
2602 3396 2721 3446 Gel-

1655 3472 1778 3529 lium
1799 3472 1889 3522 lib.
1920 3486 2037 3523 xlv.
2059 3488 2175 3537 cap.
2198 3477 2247 3523 7.

1719 3557 1741 3583 ⁸
1771 3549 1996 3602 Adierint
2011 3565 2108 3615 eos,
2125 3555 2388 3615 querentes,
2411 3550 2574 3614 trahi]
2605 3550 2720 3599 Hoc

1657 3634 1757 3692 est,
1782 3629 2036 3678 Consules
2074 3628 2432 3689 convenerint,
2475 3635 2721 3691 expostu-

1655 3706 1827 3761 lantes
1858 3700 1956 3754 sua'
1987 3707 2198 3770 negotia
2237 3705 2474 3770 protrahi
2516 3706 2576 3754 in
2613 3706 2721 3754 lon-

1659 3797 1798 3846 gum,
1818 3789 1872 3831 et
1890 3779 2087 3831 differri
2111 3780 2325 3832 infecta.
2539 3810 2546 3815 ψ

1722 3866 1744 3893 ⁸
1780 3858 2083 3922 Consulares]
2114 3860 2202 3909 De
2235 3859 2315 3908 his
2346 3864 2405 3908 et
2435 3870 2717 3922 proconsu-

1658 3933 1848 3984 laribus
1869 3935 1920 3983 in
1938 3934 2178 3998 Augusto
2198 3948 2314 3998 cap.
2336 3938 2422 3984 47.

1720 4009 1744 4045 ²²
1777 4012 1978 4061 Senatui
2020 4011 2299 4075 scriberent]
2337 4014 2420 4062 Ex
2457 4027 2601 4062 more
2633 4012 2714 4076 qui

1658 4094 1767 4137 tum
1802 4087 2092 4138 invaluerat
2124 4103 2242 4138 cum
2274 4088 2451 4140 stabat
2482 4088 2715 4153 Respub-

1656 4163 1776 4213 lica.
2529 4200 2534 4205 ,

1663 4274 1664 4277 ,
1720 4246 1743 4272 ⁶
1773 4239 1869 4287 Jns
1908 4238 2155 4304 haberent]
2208 4240 2522 4304 Exemplum
2559 4239 2712 4289 habes

1655 4313 1795 4380 apud
1814 4316 2057 4369 Tacitum
2075 4330 2166 4369 tu.
2178 4315 2379 4369 Annal„
2397 4317 2414 4346 ⁸
2430 4317 2512 4369 Eo
2534 4316 2710 4382 praelio
