<?xml version="1.0" encoding="UTF-8"?>
<!DOCTYPE html PUBLIC "-//W3C//DTD XHTML 1.0 Transitional//EN"
    "http://www.w3.org/TR/xhtml1/DTD/xhtml1-transitional.dtd">
<html xmlns="http://www.w3.org/1999/xhtml" xml:lang="en" lang="en">
 <head>
  <title>
</title>
<meta http-equiv="Content-Type" content="text/html;charset=utf-8" />
  <meta name='ocr-system' content='tesseract 3.04.00' />
  <meta name='ocr-capabilities' content='ocr_page ocr_carea ocr_par ocr_line ocrx_word'/>
</head>
<body>
  <div class='ocr_page' id='page_1' title='image "./operaomniaexedi04suetgoog_0406.png"; bbox 0 0 3019 4922; ppageno 0'>
   <div class='ocr_carea' id='block_1_1' title="bbox 462 409 592 475">
    <p class='ocr_par' dir='ltr' id='par_1_1' title="bbox 462 409 592 475">
     <span class='ocr_line' id='line_1_1' title="bbox 462 409 592 475; baseline 0 -1"><span class='ocrx_word' id='word_1_1' title='bbox 462 409 592 475; x_wconf 82' lang='lat'><strong>396</strong></span> 
     </span>
    </p>
   </div>
   <div class='ocr_carea' id='block_1_2' title="bbox 463 568 2650 1267">
    <p class='ocr_par' dir='ltr' id='par_1_2' title="bbox 463 568 2650 1267">
     <span class='ocr_line' id='line_1_2' title="bbox 465 568 2644 653; baseline 0.001 -21"><span class='ocrx_word' id='word_1_2' title='bbox 465 570 800 633; x_wconf 78' lang='lat' dir='ltr'><strong>instituto²</strong></span> <span class='ocrx_word' id='word_1_3' title='bbox 826 568 1103 650; x_wconf 82' lang='lat' dir='ltr'>Capreis</span> <span class='ocrx_word' id='word_1_4' title='bbox 1132 574 1293 631; x_wconf 86' lang='lat' dir='ltr'><strong>erat.</strong></span> <span class='ocrx_word' id='word_1_5' title='bbox 1345 568 1622 631; x_wconf 80' lang='lat' dir='ltr'><strong>Iisdem¹</strong></span> <span class='ocrx_word' id='word_1_6' title='bbox 1659 569 1861 631; x_wconf 85' lang='lat' dir='ltr'><strong>etiam</strong></span> <span class='ocrx_word' id='word_1_7' title='bbox 1891 569 2162 650; x_wconf 88' lang='lat' dir='ltr'><strong>epulum</strong></span> <span class='ocrx_word' id='word_1_8' title='bbox 2188 569 2253 632; x_wconf 92' lang='lat' dir='ltr'><strong>in</strong></span> <span class='ocrx_word' id='word_1_9' title='bbox 2280 578 2644 653; x_wconf 83' lang='lat' dir='ltr'><strong>conspectu</strong></span> 
     </span>
     <span class='ocr_line' id='line_1_3' title="bbox 466 670 2647 755; baseline 0.001 -22"><span class='ocrx_word' id='word_1_10' title='bbox 466 690 593 733; x_wconf 85' lang='lat' dir='ltr'><strong>suo</strong></span> <span class='ocrx_word' id='word_1_11' title='bbox 625 673 935 755; x_wconf 76' lang='lat' dir='ltr'><strong>praebuit,</strong></span> <span class='ocrx_word' id='word_1_12' title='bbox 959 670 1306 753; x_wconf 89' lang='lat' dir='ltr'><strong>permissa,</strong></span> <span class='ocrx_word' id='word_1_13' title='bbox 1335 670 1539 733; x_wconf 91' lang='lat' dir='ltr'><strong>immo</strong></span> <span class='ocrx_word' id='word_1_14' title='bbox 1571 679 1838 746; x_wconf 83' lang='lat' dir='ltr'><strong>exacta,</strong></span> <span class='ocrx_word' id='word_1_15' title='bbox 1860 670 2139 753; x_wconf 86' lang='lat' dir='ltr'><strong>jocandi</strong></span> <span class='ocrx_word' id='word_1_16' title='bbox 2167 671 2460 749; x_wconf 86' lang='lat' dir='ltr'><strong>licentia,</strong></span> <span class='ocrx_word' id='word_1_17' title='bbox 2492 673 2647 736; x_wconf 90' lang='lat' dir='ltr'><strong>diri-</strong></span> 
     </span>
     <span class='ocr_line' id='line_1_4' title="bbox 465 772 2650 857; baseline 0 -23"><span class='ocrx_word' id='word_1_18' title='bbox 465 773 828 857; x_wconf 88' lang='lat' dir='ltr'><strong>piendique</strong></span> <span class='ocrx_word' id='word_1_19' title='bbox 852 791 1196 857; x_wconf 91' lang='lat' dir='ltr'><strong>pomorum</strong></span> <span class='ocrx_word' id='word_1_20' title='bbox 1218 779 1244 806; x_wconf 79' lang='lat'>⁸</span> <span class='ocrx_word' id='word_1_21' title='bbox 1269 778 1335 836; x_wconf 86' lang='lat' dir='ltr'><strong>et</strong></span> <span class='ocrx_word' id='word_1_22' title='bbox 1359 772 1795 854; x_wconf 86' lang='lat' dir='ltr'>opsoniorum</span> <span class='ocrx_word' id='word_1_23' title='bbox 1816 791 2163 854; x_wconf 79' lang='lat' dir='ltr'><strong>rerumque</strong></span> <span class='ocrx_word' id='word_1_24' title='bbox 2194 773 2600 837; x_wconf 86' lang='lat' dir='ltr'><strong>missilium.²</strong></span> <span class='ocrx_word' id='word_1_25' title='bbox 2626 773 2650 810; x_wconf 57' lang='grc' dir='ltr'><strong>θ</strong></span> 
     </span>
     <span class='ocr_line' id='line_1_5' title="bbox 465 873 2647 958; baseline 0.001 -21"><span class='ocrx_word' id='word_1_26' title='bbox 465 873 671 938; x_wconf 92' lang='lat' dir='ltr'><strong>Nullo</strong></span> <span class='ocrx_word' id='word_1_27' title='bbox 722 876 1009 958; x_wconf 90' lang='lat' dir='ltr'><strong>denique</strong></span> <span class='ocrx_word' id='word_1_28' title='bbox 1058 895 1292 957; x_wconf 87' lang='lat' dir='ltr'><strong>genere</strong></span> <span class='ocrx_word' id='word_1_29' title='bbox 1339 875 1691 940; x_wconf 84' lang='lat' dir='ltr'><strong>hilaritatis</strong></span> <span class='ocrx_word' id='word_1_30' title='bbox 1736 876 2074 939; x_wconf 84' lang='lat' dir='ltr'><strong>abstinuit.</strong></span> <span class='ocrx_word' id='word_1_31' title='bbox 2160 875 2473 939; x_wconf 87' lang='lat' dir='ltr'><strong>Vicinam</strong></span> <span class='ocrx_word' id='word_1_32' title='bbox 2521 875 2647 940; x_wconf 84' lang='lat' dir='ltr'><strong>Ca-</strong></span> 
     </span>
     <span class='ocr_line' id='line_1_6' title="bbox 464 976 2647 1063; baseline 0 -23"><span class='ocrx_word' id='word_1_33' title='bbox 464 978 643 1057; x_wconf 88' lang='lat' dir='ltr'><strong>preis</strong></span> <span class='ocrx_word' id='word_1_34' title='bbox 662 986 686 1013; x_wconf 76' lang='lat'><strong>⁰</strong></span> <span class='ocrx_word' id='word_1_35' title='bbox 713 978 998 1042; x_wconf 88' lang='lat' dir='ltr'><strong>insulam</strong></span> <span class='ocrx_word' id='word_1_36' title='bbox 1029 976 1451 1063; x_wconf 74' lang='grc' dir='ltr'><strong>Ἀπςαγόπολιν</strong></span> <span class='ocrx_word' id='word_1_37' title='bbox 1471 986 1491 1024; x_wconf 84' lang='lat'><em>³</em></span> <span class='ocrx_word' id='word_1_38' title='bbox 1526 980 1931 1062; x_wconf 88' lang='lat' dir='ltr'><strong>appellabat,</strong></span> <span class='ocrx_word' id='word_1_39' title='bbox 1961 998 2005 1041; x_wconf 87' lang='lat' dir='ltr'><strong>a</strong></span> <span class='ocrx_word' id='word_1_40' title='bbox 2042 978 2305 1042; x_wconf 86' lang='lat' dir='ltr'><strong>desidia</strong></span> <span class='ocrx_word' id='word_1_41' title='bbox 2333 977 2647 1041; x_wconf 90' lang='lat' dir='ltr'><strong>seceden-</strong></span> 
     </span>
     <span class='ocr_line' id='line_1_7' title="bbox 463 1079 2646 1151; baseline 0.001 -10"><span class='ocrx_word' id='word_1_42' title='bbox 463 1080 627 1142; x_wconf 82' lang='lat' dir='ltr'><strong>tium</strong></span> <span class='ocrx_word' id='word_1_43' title='bbox 653 1086 684 1126; x_wconf 83' lang='grc'><strong>4</strong></span> <span class='ocrx_word' id='word_1_44' title='bbox 732 1080 895 1144; x_wconf 89' lang='lat' dir='ltr'><strong>illuc</strong></span> <span class='ocrx_word' id='word_1_45' title='bbox 942 1099 983 1143; x_wconf 98' lang='lat' dir='ltr'><strong>a</strong></span> <span class='ocrx_word' id='word_1_46' title='bbox 1013 1083 1325 1144; x_wconf 90' lang='lat' dir='ltr'><strong>comitatu</strong></span> <span class='ocrx_word' id='word_1_47' title='bbox 1357 1102 1504 1146; x_wconf 86' lang='lat' dir='ltr'><strong>suo.</strong></span> <span class='ocrx_word' id='word_1_48' title='bbox 1595 1081 1730 1145; x_wconf 89' lang='lat' dir='ltr'><strong>Sed</strong></span> <span class='ocrx_word' id='word_1_49' title='bbox 1764 1100 1852 1149; x_wconf 82' lang='lat' dir='ltr'><strong>ex</strong></span> <span class='ocrx_word' id='word_1_50' title='bbox 1897 1080 2169 1145; x_wconf 85' lang='lat' dir='ltr'><strong>dilectis</strong></span> <span class='ocrx_word' id='word_1_51' title='bbox 2198 1100 2424 1151; x_wconf 87' lang='lat' dir='ltr'><strong>unum,</strong></span> <span class='ocrx_word' id='word_1_52' title='bbox 2458 1079 2646 1144; x_wconf 87' lang='lat' dir='ltr'><strong>Mas·</strong></span> 
     </span>
     <span class='ocr_line' id='line_1_8' title="bbox 464 1179 2645 1267; baseline 0.001 -24"><span class='ocrx_word' id='word_1_53' title='bbox 464 1183 678 1262; x_wconf 85' lang='lat' dir='ltr'><strong>gaban</strong></span> <span class='ocrx_word' id='word_1_54' title='bbox 703 1189 726 1229; x_wconf 80' lang='lat'>5</span> <span class='ocrx_word' id='word_1_55' title='bbox 771 1184 1057 1261; x_wconf 87' lang='lat' dir='ltr'><strong>nomine,</strong></span> <span class='ocrx_word' id='word_1_56' title='bbox 1092 1185 1291 1267; x_wconf 88' lang='lat' dir='ltr'><strong>quasi</strong></span> <span class='ocrx_word' id='word_1_57' title='bbox 1339 1184 1749 1248; x_wconf 82' lang='lat' dir='ltr'><strong>conditorem</strong></span> <span class='ocrx_word' id='word_1_58' title='bbox 1796 1185 2056 1260; x_wconf 80' lang='lat' dir='ltr'><strong>insulae,</strong></span> <span class='ocrx_word' id='word_1_59' title='bbox 2091 1179 2372 1260; x_wconf 64' lang='grc' dir='ltr'><strong>πυταντ-ὴνἀ</strong></span> <span class='ocrx_word' id='word_1_60' title='bbox 2406 1202 2645 1248; x_wconf 83' lang='lat' dir='ltr'><strong>vocare</strong></span> 
     </span>
    </p>
   </div>
   <div class='ocr_carea' id='block_1_3' title="bbox 1321 424 1787 473">
    <p class='ocr_par' dir='ltr' id='par_1_3' title="bbox 1321 424 1787 473">
     <span class='ocr_line' id='line_1_9' title="bbox 1321 424 1787 473; baseline 0.004 -4"><span class='ocrx_word' id='word_1_61' title='bbox 1321 427 1383 469; x_wconf 90' lang='lat' dir='ltr'><strong>C.</strong></span> <span class='ocrx_word' id='word_1_62' title='bbox 1431 424 1787 473; x_wconf 80' lang='lat' dir='ltr'><strong>SUEToNlt</strong></span> 
     </span>
    </p>
   </div>
   <div class='ocr_carea' id='block_1_4' title="bbox 1378 1350 1735 1371">
    <p class='ocr_par' dir='ltr' id='par_1_4' title="bbox 1378 1350 1735 1371">
     <span class='ocr_line' id='line_1_10' title="bbox 1378 1350 1735 1371; baseline -0.003 -1"><span class='ocrx_word' id='word_1_63' title='bbox 1378 1350 1735 1371; x_wconf 61' lang='lat' dir='ltr'><strong>OOOOOOOOOOOO</strong></span> 
     </span>
    </p>
   </div>
   <div class='ocr_carea' id='block_1_5' title="bbox 450 1463 2649 2112">
    <p class='ocr_par' dir='ltr' id='par_1_5' title="bbox 450 1463 2649 2112">
     <span class='ocr_line' id='line_1_11' title="bbox 460 1463 2647 1529; baseline 0.001 -16"><span class='ocrx_word' id='word_1_64' title='bbox 460 1479 563 1513; x_wconf 86' lang='lat' dir='ltr'><strong>uno</strong></span> <span class='ocrx_word' id='word_1_65' title='bbox 599 1464 746 1513; x_wconf 85' lang='lat' dir='ltr'><strong>Torr.</strong></span> <span class='ocrx_word' id='word_1_66' title='bbox 803 1463 956 1513; x_wconf 83' lang='lat' dir='ltr'><strong>Malit</strong></span> <span class='ocrx_word' id='word_1_67' title='bbox 994 1464 1134 1514; x_wconf 89' lang='lat' dir='ltr'><strong>Oud.</strong></span> <span class='ocrx_word' id='word_1_68' title='bbox 1171 1471 1316 1529; x_wconf 82' lang='lat' dir='ltr'><strong>spect.</strong></span> <span class='ocrx_word' id='word_1_69' title='bbox 1351 1472 1398 1515; x_wconf 81' lang='lat' dir='ltr'><strong>et</strong></span> <span class='ocrx_word' id='word_1_70' title='bbox 1435 1466 1581 1515; x_wconf 83' lang='lat' dir='ltr'><strong>assid.</strong></span> <span class='ocrx_word' id='word_1_71' title='bbox 1617 1480 1768 1514; x_wconf 81' lang='lat' dir='ltr'><strong>exerc.</strong></span> <span class='ocrx_word' id='word_1_72' title='bbox 1796 1480 1870 1513; x_wconf 79' lang='lat' dir='ltr'><strong>sc.</strong></span> <span class='ocrx_word' id='word_1_73' title='bbox 1902 1470 2060 1514; x_wconf 86' lang='lat' dir='ltr'><strong>se.-1</strong></span> <span class='ocrx_word' id='word_1_74' title='bbox 2097 1465 2161 1512; x_wconf 82' lang='lat' dir='ltr'><strong>ln</strong></span> <span class='ocrx_word' id='word_1_75' title='bbox 2187 1471 2251 1512; x_wconf 85' lang='lat' dir='ltr'><strong>tr.</strong></span> <span class='ocrx_word' id='word_1_76' title='bbox 2275 1464 2470 1512; x_wconf 88' lang='lat' dir='ltr'><strong>Medic.</strong></span> <span class='ocrx_word' id='word_1_77' title='bbox 2495 1464 2647 1515; x_wconf 76' lang='lat' dir='ltr'><strong>Voss.</strong></span> 
     </span>
     <span class='ocr_line' id='line_1_12' title="bbox 458 1528 2646 1593; baseline 0 -16"><span class='ocrx_word' id='word_1_78' title='bbox 458 1531 621 1577; x_wconf 81' lang='lat' dir='ltr'><strong>isdem.</strong></span> <span class='ocrx_word' id='word_1_79' title='bbox 670 1529 795 1576; x_wconf 82' lang='lat' dir='ltr'><strong>Tum</strong></span> <span class='ocrx_word' id='word_1_80' title='bbox 823 1529 1070 1592; x_wconf 71' lang='lat' dir='ltr'><strong>premissa</strong></span> <span class='ocrx_word' id='word_1_81' title='bbox 1102 1531 1296 1580; x_wconf 86' lang='lat' dir='ltr'><strong>Medic.</strong></span> <span class='ocrx_word' id='word_1_82' title='bbox 1333 1536 1381 1580; x_wconf 82' lang='lat'><strong>2.</strong></span> <span class='ocrx_word' id='word_1_83' title='bbox 1426 1532 1556 1593; x_wconf 89' lang='lat' dir='ltr'><strong>Cop.</strong></span> <span class='ocrx_word' id='word_1_84' title='bbox 1595 1540 1647 1579; x_wconf 83' lang='lat' dir='ltr'><strong>et</strong></span> <span class='ocrx_word' id='word_1_85' title='bbox 1681 1530 1871 1578; x_wconf 79' lang='lat' dir='ltr'><strong>ludendi</strong></span> <span class='ocrx_word' id='word_1_86' title='bbox 1903 1532 2057 1578; x_wconf 74' lang='lat' dir='ltr'><strong>licent.</strong></span> <span class='ocrx_word' id='word_1_87' title='bbox 2086 1530 2231 1578; x_wconf 83' lang='lat' dir='ltr'><strong>Cort.</strong></span> <span class='ocrx_word' id='word_1_88' title='bbox 2272 1528 2406 1577; x_wconf 90' lang='lat' dir='ltr'><strong>Edd.</strong></span> <span class='ocrx_word' id='word_1_89' title='bbox 2434 1530 2646 1577; x_wconf 77' lang='lat' dir='ltr'><strong>Rom.—</strong></span> 
     </span>
     <span class='ocr_line' id='line_1_13' title="bbox 458 1593 2644 1657; baseline 0 -14"><span class='ocrx_word' id='word_1_90' title='bbox 458 1600 504 1643; x_wconf 80' lang='lat'><strong>2.</strong></span> <span class='ocrx_word' id='word_1_91' title='bbox 529 1593 737 1642; x_wconf 80' lang='lat' dir='ltr'><strong>Missilia</strong></span> <span class='ocrx_word' id='word_1_92' title='bbox 760 1595 888 1641; x_wconf 84' lang='lat' dir='ltr'><strong>liber</strong></span> <span class='ocrx_word' id='word_1_93' title='bbox 909 1604 1094 1644; x_wconf 89' lang='lat' dir='ltr'><strong>vetust.</strong></span> <span class='ocrx_word' id='word_1_94' title='bbox 1118 1597 1267 1645; x_wconf 87' lang='lat' dir='ltr'><strong>Torr.</strong></span> <span class='ocrx_word' id='word_1_95' title='bbox 1289 1597 1499 1646; x_wconf 90' lang='lat' dir='ltr'><strong>Memm.</strong></span> <span class='ocrx_word' id='word_1_96' title='bbox 1522 1595 1713 1644; x_wconf 83' lang='lat' dir='ltr'><strong>Medic.</strong></span> <span class='ocrx_word' id='word_1_97' title='bbox 1736 1598 1785 1644; x_wconf 83' lang='lat'><strong>2.</strong></span> <span class='ocrx_word' id='word_1_98' title='bbox 1809 1609 1838 1643; x_wconf 84' lang='lat' dir='ltr'><strong>a</strong></span> <span class='ocrx_word' id='word_1_99' title='bbox 1863 1610 1927 1643; x_wconf 89' lang='lat' dir='ltr'><strong>m.</strong></span> <span class='ocrx_word' id='word_1_100' title='bbox 1946 1609 2023 1657; x_wconf 88' lang='lat' dir='ltr'><strong>pr.</strong></span> <span class='ocrx_word' id='word_1_101' title='bbox 2043 1594 2160 1656; x_wconf 89' lang='lat' dir='ltr'><strong>Cuj.</strong></span> <span class='ocrx_word' id='word_1_102' title='bbox 2185 1595 2341 1643; x_wconf 81' lang='lat' dir='ltr'><strong>Fouc.</strong></span> <span class='ocrx_word' id='word_1_103' title='bbox 2364 1595 2503 1643; x_wconf 90' lang='lat' dir='ltr'><strong>Dun.</strong></span> <span class='ocrx_word' id='word_1_104' title='bbox 2526 1594 2644 1644; x_wconf 87' lang='lat' dir='ltr'><strong>Pin.</strong></span> 
     </span>
     <span class='ocr_line' id='line_1_14' title="bbox 460 1658 2646 1723; baseline -0.001 -15"><span class='ocrx_word' id='word_1_105' title='bbox 460 1659 686 1720; x_wconf 84' lang='lat' dir='ltr'><strong>Guelph.</strong></span> <span class='ocrx_word' id='word_1_106' title='bbox 710 1663 757 1706; x_wconf 83' lang='lat'><strong>2.</strong></span> <span class='ocrx_word' id='word_1_107' title='bbox 779 1674 924 1723; x_wconf 83' lang='lat' dir='ltr'><strong>quam</strong></span> <span class='ocrx_word' id='word_1_108' title='bbox 951 1660 1103 1708; x_wconf 84' lang='lat' dir='ltr'><strong>etiam</strong></span> <span class='ocrx_word' id='word_1_109' title='bbox 1120 1661 1238 1710; x_wconf 75' lang='lat' dir='ltr'><strong>lect.</strong></span> <span class='ocrx_word' id='word_1_110' title='bbox 1263 1662 1312 1708; x_wconf 86' lang='lat' dir='ltr'><strong>iu</strong></span> <span class='ocrx_word' id='word_1_111' title='bbox 1342 1660 1624 1709; x_wconf 88' lang='lat' dir='ltr'><strong>Ranconeti</strong></span> <span class='ocrx_word' id='word_1_112' title='bbox 1648 1660 1780 1708; x_wconf 89' lang='lat' dir='ltr'><strong>libro</strong></span> <span class='ocrx_word' id='word_1_113' title='bbox 1811 1665 2068 1722; x_wconf 81' lang='lat' dir='ltr'><strong>repertam</strong></span> <span class='ocrx_word' id='word_1_114' title='bbox 2094 1672 2192 1707; x_wconf 93' lang='lat' dir='ltr'><strong>non</strong></span> <span class='ocrx_word' id='word_1_115' title='bbox 2219 1658 2476 1721; x_wconf 81' lang='lat' dir='ltr'><strong>improbat</strong></span> <span class='ocrx_word' id='word_1_116' title='bbox 2502 1659 2646 1707; x_wconf 86' lang='lat' dir='ltr'><strong>Mer-</strong></span> 
     </span>
     <span class='ocr_line' id='line_1_15' title="bbox 460 1723 2645 1785; baseline -0 -13"><span class='ocrx_word' id='word_1_117' title='bbox 460 1737 566 1772; x_wconf 83' lang='lat' dir='ltr'><strong>cer.</strong></span> <span class='ocrx_word' id='word_1_118' title='bbox 591 1724 654 1771; x_wconf 88' lang='lat' dir='ltr'><strong>ad</strong></span> <span class='ocrx_word' id='word_1_119' title='bbox 685 1724 809 1771; x_wconf 72' lang='lat' dir='ltr'><strong>&#39;l‘ac.</strong></span> <span class='ocrx_word' id='word_1_120' title='bbox 836 1724 970 1774; x_wconf 88' lang='lat' dir='ltr'><strong>Anu.</strong></span> <span class='ocrx_word' id='word_1_121' title='bbox 996 1738 1079 1772; x_wconf 90' lang='grc' dir='ltr'><strong>ιιι.</strong></span> <span class='ocrx_word' id='word_1_122' title='bbox 1102 1730 1202 1779; x_wconf 80' lang='grc'><strong>25.,</strong></span> <span class='ocrx_word' id='word_1_123' title='bbox 1237 1726 1414 1774; x_wconf 82' lang='lat' dir='ltr'><strong>Missia</strong></span> <span class='ocrx_word' id='word_1_124' title='bbox 1437 1727 1567 1774; x_wconf 88' lang='lat' dir='ltr'><strong>Exc.</strong></span> <span class='ocrx_word' id='word_1_125' title='bbox 1592 1726 1746 1773; x_wconf 88' lang='lat' dir='ltr'><strong>Voss.</strong></span> <span class='ocrx_word' id='word_1_126' title='bbox 1792 1725 2030 1774; x_wconf 81' lang='lat' dir='ltr'><strong>Correxit</strong></span> <span class='ocrx_word' id='word_1_127' title='bbox 2059 1723 2199 1773; x_wconf 88' lang='lat' dir='ltr'><strong>Oud.</strong></span> <span class='ocrx_word' id='word_1_128' title='bbox 2231 1738 2480 1785; x_wconf 78' lang='lat' dir='ltr'><strong>rerumque</strong></span> <span class='ocrx_word' id='word_1_129' title='bbox 2514 1723 2645 1771; x_wconf 82' lang='lat' dir='ltr'><strong>simi-</strong></span> 
     </span>
     <span class='ocr_line' id='line_1_16' title="bbox 458 1787 2647 1851; baseline 0 -15"><span class='ocrx_word' id='word_1_130' title='bbox 458 1788 571 1837; x_wconf 83' lang='lat' dir='ltr'><strong>lium</strong></span> <span class='ocrx_word' id='word_1_131' title='bbox 594 1787 810 1849; x_wconf 73' lang='lat' dir='ltr'><strong>missilia,</strong></span> <span class='ocrx_word' id='word_1_132' title='bbox 845 1789 1096 1851; x_wconf 82' lang='lat' dir='ltr'><strong>probante</strong></span> <span class='ocrx_word' id='word_1_133' title='bbox 1120 1789 1376 1840; x_wconf 77' lang='lat' dir='ltr'><strong>Wolf.—3</strong></span> <span class='ocrx_word' id='word_1_134' title='bbox 1411 1791 1612 1839; x_wconf 85' lang='lat' dir='ltr'><strong>Latinis</strong></span> <span class='ocrx_word' id='word_1_135' title='bbox 1646 1789 1810 1838; x_wconf 83' lang='lat' dir='ltr'><strong>literis</strong></span> <span class='ocrx_word' id='word_1_136' title='bbox 1835 1789 2176 1851; x_wconf 77' lang='lat' dir='ltr'><strong>Apragopolim</strong></span> <span class='ocrx_word' id='word_1_137' title='bbox 2207 1787 2399 1836; x_wconf 83' lang='lat' dir='ltr'><strong>Medic.</strong></span> <span class='ocrx_word' id='word_1_138' title='bbox 2419 1791 2468 1835; x_wconf 81' lang='lat'><strong>3.</strong></span> <span class='ocrx_word' id='word_1_139' title='bbox 2496 1787 2647 1837; x_wconf 84' lang='lat' dir='ltr'><strong>Vind.</strong></span> 
     </span>
     <span class='ocr_line' id='line_1_17' title="bbox 457 1851 2645 1918; baseline 0 -18"><span class='ocrx_word' id='word_1_140' title='bbox 457 1856 506 1901; x_wconf 92' lang='lat'><strong>1.</strong></span> <span class='ocrx_word' id='word_1_141' title='bbox 532 1852 672 1901; x_wconf 85' lang='lat' dir='ltr'><strong>Cort.</strong></span> <span class='ocrx_word' id='word_1_142' title='bbox 696 1853 830 1901; x_wconf 88' lang='lat' dir='ltr'><strong>Edd.</strong></span> <span class='ocrx_word' id='word_1_143' title='bbox 855 1854 985 1902; x_wconf 88' lang='lat' dir='ltr'><strong>Veu.</strong></span> <span class='ocrx_word' id='word_1_144' title='bbox 1013 1854 1154 1903; x_wconf 89' lang='lat' dir='ltr'><strong>Med.</strong></span> <span class='ocrx_word' id='word_1_145' title='bbox 1176 1856 1409 1918; x_wconf 69' lang='lat' dir='ltr'><strong>aliaeque.</strong></span> <span class='ocrx_word' id='word_1_146' title='bbox 1441 1854 1764 1917; x_wconf 66' lang='lat' dir='ltr'><strong>Apragopolim</strong></span> <span class='ocrx_word' id='word_1_147' title='bbox 1788 1855 1837 1902; x_wconf 92' lang='lat' dir='ltr'><strong>in</strong></span> <span class='ocrx_word' id='word_1_148' title='bbox 1863 1854 1972 1902; x_wconf 88' lang='lat' dir='ltr'><strong>aliis</strong></span> <span class='ocrx_word' id='word_1_149' title='bbox 1996 1863 2049 1902; x_wconf 90' lang='lat' dir='ltr'><strong>et</strong></span> <span class='ocrx_word' id='word_1_150' title='bbox 2076 1852 2210 1900; x_wconf 88' lang='lat' dir='ltr'><strong>Edd.</strong></span> <span class='ocrx_word' id='word_1_151' title='bbox 2234 1854 2380 1901; x_wconf 89' lang='lat' dir='ltr'><strong>Rom.</strong></span> <span class='ocrx_word' id='word_1_152' title='bbox 2423 1851 2645 1914; x_wconf 79' lang='lat' dir='ltr'><strong>Apagro·</strong></span> 
     </span>
     <span class='ocr_line' id='line_1_18' title="bbox 450 1915 2649 1983; baseline -0 -18"><span class='ocrx_word' id='word_1_153' title='bbox 450 1917 584 1981; x_wconf 82' lang='lat' dir='ltr'><strong>polin</strong></span> <span class='ocrx_word' id='word_1_154' title='bbox 607 1918 762 1965; x_wconf 89' lang='lat' dir='ltr'><strong>Vind.</strong></span> <span class='ocrx_word' id='word_1_155' title='bbox 785 1921 832 1966; x_wconf 83' lang='lat'><strong>2.</strong></span> <span class='ocrx_word' id='word_1_156' title='bbox 884 1917 1049 1966; x_wconf 88' lang='lat' dir='ltr'><strong>Paulo</strong></span> <span class='ocrx_word' id='word_1_157' title='bbox 1073 1928 1192 1967; x_wconf 89' lang='lat' dir='ltr'><strong>ante</strong></span> <span class='ocrx_word' id='word_1_158' title='bbox 1217 1935 1308 1983; x_wconf 89' lang='lat' dir='ltr'><strong>pro</strong></span> <span class='ocrx_word' id='word_1_159' title='bbox 1337 1921 1536 1982; x_wconf 76' lang='lat' dir='ltr'><strong>Capreis</strong></span> <span class='ocrx_word' id='word_1_160' title='bbox 1557 1921 1689 1982; x_wconf 91' lang='lat' dir='ltr'><strong>conj.</strong></span> <span class='ocrx_word' id='word_1_161' title='bbox 1711 1920 1855 1970; x_wconf 82' lang='lat' dir='ltr'><strong>Torr.</strong></span> <span class='ocrx_word' id='word_1_162' title='bbox 1882 1919 2106 1981; x_wconf 74' lang='lat' dir='ltr'><strong>Capreas,</strong></span> <span class='ocrx_word' id='word_1_163' title='bbox 2129 1918 2304 1980; x_wconf 85' lang='lat' dir='ltr'><strong>sicque</strong></span> <span class='ocrx_word' id='word_1_164' title='bbox 2330 1915 2453 1979; x_wconf 85' lang='lat' dir='ltr'><strong>legit</strong></span> <span class='ocrx_word' id='word_1_165' title='bbox 2475 1917 2649 1965; x_wconf 86' lang='lat' dir='ltr'><strong>Schol.</strong></span> 
     </span>
     <span class='ocr_line' id='line_1_19' title="bbox 455 1981 2647 2046; baseline -0.002 -13"><span class='ocrx_word' id='word_1_166' title='bbox 455 1982 695 2033; x_wconf 80' lang='lat' dir='ltr'><strong>Juvenal.</strong></span> <span class='ocrx_word' id='word_1_167' title='bbox 721 1982 782 2030; x_wconf 88' lang='lat' dir='ltr'><strong>ad</strong></span> <span class='ocrx_word' id='word_1_168' title='bbox 806 1983 912 2031; x_wconf 87' lang='lat' dir='ltr'><strong>Sat.</strong></span> <span class='ocrx_word' id='word_1_169' title='bbox 935 1997 1015 2032; x_wconf 81' lang='lat' dir='ltr'><strong>xr.</strong></span> <span class='ocrx_word' id='word_1_170' title='bbox 1037 1983 1244 2034; x_wconf 83' lang='lat' dir='ltr'><strong>favente</strong></span> <span class='ocrx_word' id='word_1_171' title='bbox 1269 1986 1522 2033; x_wconf 89' lang='lat' dir='ltr'><strong>Dorvillio</strong></span> <span class='ocrx_word' id='word_1_172' title='bbox 1539 1985 1602 2033; x_wconf 92' lang='lat' dir='ltr'><strong>ad</strong></span> <span class='ocrx_word' id='word_1_173' title='bbox 1628 1985 1825 2034; x_wconf 86' lang='lat' dir='ltr'><strong>Charit.</strong></span> <span class='ocrx_word' id='word_1_174' title='bbox 1849 1999 1900 2046; x_wconf 91' lang='lat' dir='ltr'><strong>p.</strong></span> <span class='ocrx_word' id='word_1_175' title='bbox 1919 1987 2101 2034; x_wconf 62' lang='lat' dir='ltr'><strong>’&#39;la-4</strong></span> <span class='ocrx_word' id='word_1_176' title='bbox 2127 1983 2401 2031; x_wconf 75' lang='lat' dir='ltr'><strong>Sedentium</strong></span> <span class='ocrx_word' id='word_1_177' title='bbox 2423 1981 2579 2029; x_wconf 85' lang='lat' dir='ltr'><strong>vind.</strong></span> <span class='ocrx_word' id='word_1_178' title='bbox 2602 1987 2647 2030; x_wconf 87' lang='lat'><strong>1.</strong></span> 
     </span>
     <span class='ocr_line' id='line_1_20' title="bbox 457 2045 2644 2112; baseline -0 -16"><span class='ocrx_word' id='word_1_179' title='bbox 457 2045 597 2096; x_wconf 87' lang='lat' dir='ltr'><strong>Dein</strong></span> <span class='ocrx_word' id='word_1_180' title='bbox 620 2046 974 2096; x_wconf 77' lang='lat' dir='ltr'><strong>dilectissimum</strong></span> <span class='ocrx_word' id='word_1_181' title='bbox 995 2049 1205 2112; x_wconf 84' lang='lat' dir='ltr'><strong>Cuj.-5</strong></span> <span class='ocrx_word' id='word_1_182' title='bbox 1241 2049 1324 2098; x_wconf 87' lang='lat' dir='ltr'><strong>lta</strong></span> <span class='ocrx_word' id='word_1_183' title='bbox 1345 2050 1578 2100; x_wconf 86' lang='lat' dir='ltr'><strong>exhibuit</strong></span> <span class='ocrx_word' id='word_1_184' title='bbox 1602 2049 1740 2099; x_wconf 89' lang='lat' dir='ltr'><strong>Oud.</strong></span> <span class='ocrx_word' id='word_1_185' title='bbox 1780 2064 1880 2099; x_wconf 91' lang='lat' dir='ltr'><strong>non</strong></span> <span class='ocrx_word' id='word_1_186' title='bbox 1918 2063 2012 2112; x_wconf 88' lang='lat' dir='ltr'><strong>per</strong></span> <span class='ocrx_word' id='word_1_187' title='bbox 2042 2063 2106 2110; x_wconf 85' lang='lat' dir='ltr'><strong>m,</strong></span> <span class='ocrx_word' id='word_1_188' title='bbox 2127 2049 2422 2097; x_wconf 86' lang='lat' dir='ltr'><strong>auctoribus</strong></span> <span class='ocrx_word' id='word_1_189' title='bbox 2447 2047 2644 2095; x_wconf 86' lang='lat' dir='ltr'><strong>Medic.</strong></span> 
     </span>
    </p>
   </div>
   <div class='ocr_carea' id='block_1_6' title="bbox 1451 2208 1666 2258">
    <p class='ocr_par' dir='ltr' id='par_1_6' title="bbox 1451 2208 1666 2258">
     <span class='ocr_line' id='line_1_21' title="bbox 1451 2208 1666 2258; baseline -0.005 0"><span class='ocrx_word' id='word_1_190' title='bbox 1451 2208 1666 2258; x_wconf 82' lang='lat' dir='ltr'>NOTAE</span> 
     </span>
    </p>
   </div>
   <div class='ocr_carea' id='block_1_7' title="bbox 448 2297 1512 4264">
    <p class='ocr_par' dir='ltr' id='par_1_7' title="bbox 452 2297 1512 2973">
     <span class='ocr_line' id='line_1_22' title="bbox 521 2297 1506 2365; baseline 0.008 -19"><span class='ocrx_word' id='word_1_191' title='bbox 521 2304 541 2328; x_wconf 80' lang='lat'>²</span> <span class='ocrx_word' id='word_1_192' title='bbox 581 2297 748 2347; x_wconf 81' lang='lat' dir='ltr'><strong>Vetere</strong></span> <span class='ocrx_word' id='word_1_193' title='bbox 769 2301 1010 2365; x_wconf 78' lang='lat' dir='ltr'><strong>instituto]</strong></span> <span class='ocrx_word' id='word_1_194' title='bbox 1048 2303 1236 2355; x_wconf 82' lang='lat' dir='ltr'><strong>Graeco</strong></span> <span class='ocrx_word' id='word_1_195' title='bbox 1278 2305 1506 2354; x_wconf 81' lang='lat' dir='ltr'><strong>scilicet:</strong></span> 
     </span>
     <span class='ocr_line' id='line_1_23' title="bbox 462 2374 1512 2444; baseline 0.009 -24"><span class='ocrx_word' id='word_1_196' title='bbox 462 2385 581 2421; x_wconf 79' lang='lat' dir='ltr'><strong>nain</strong></span> <span class='ocrx_word' id='word_1_197' title='bbox 606 2374 831 2438; x_wconf 79' lang='lat' dir='ltr'><strong>Capreas</strong></span> <span class='ocrx_word' id='word_1_198' title='bbox 856 2393 1058 2444; x_wconf 85' lang='lat' dir='ltr'><strong>quoque</strong></span> <span class='ocrx_word' id='word_1_199' title='bbox 1082 2380 1255 2430; x_wconf 79' lang='lat' dir='ltr'><strong>Graeci</strong></span> <span class='ocrx_word' id='word_1_200' title='bbox 1279 2389 1512 2442; x_wconf 80' lang='lat' dir='ltr'><strong>tenuere,</strong></span> 
     </span>
     <span class='ocr_line' id='line_1_24' title="bbox 462 2451 1509 2520; baseline 0.01 -23"><span class='ocrx_word' id='word_1_201' title='bbox 462 2455 522 2499; x_wconf 88' lang='lat' dir='ltr'><strong>ut</strong></span> <span class='ocrx_word' id='word_1_202' title='bbox 545 2457 597 2499; x_wconf 90' lang='lat' dir='ltr'><strong>et</strong></span> <span class='ocrx_word' id='word_1_203' title='bbox 615 2451 821 2502; x_wconf 81' lang='lat' dir='ltr'><strong>Tacitus</strong></span> <span class='ocrx_word' id='word_1_204' title='bbox 857 2454 1044 2505; x_wconf 88' lang='lat' dir='ltr'><strong>Annal.</strong></span> <span class='ocrx_word' id='word_1_205' title='bbox 1070 2472 1148 2508; x_wconf 84' lang='grc' dir='ltr'><strong>ιν.</strong></span> <span class='ocrx_word' id='word_1_206' title='bbox 1187 2467 1369 2507; x_wconf 83' lang='lat' dir='ltr'><strong>auctor</strong></span> <span class='ocrx_word' id='word_1_207' title='bbox 1409 2468 1509 2520; x_wconf 87' lang='lat' dir='ltr'><strong>est,</strong></span> 
     </span>
     <span class='ocr_line' id='line_1_25' title="bbox 456 2528 1509 2600; baseline 0.01 -27"><span class='ocrx_word' id='word_1_208' title='bbox 456 2534 509 2574; x_wconf 90' lang='lat' dir='ltr'><strong>et</strong></span> <span class='ocrx_word' id='word_1_209' title='bbox 549 2540 613 2575; x_wconf 83' lang='lat' dir='ltr'><strong>ex</strong></span> <span class='ocrx_word' id='word_1_210' title='bbox 646 2528 741 2592; x_wconf 82' lang='lat' dir='ltr'><strong>hoc</strong></span> <span class='ocrx_word' id='word_1_211' title='bbox 780 2532 892 2581; x_wconf 90' lang='lat' dir='ltr'><strong>loco</strong></span> <span class='ocrx_word' id='word_1_212' title='bbox 916 2534 1148 2597; x_wconf 85' lang='lat' dir='ltr'><strong>colligas,</strong></span> <span class='ocrx_word' id='word_1_213' title='bbox 1185 2535 1308 2600; x_wconf 90' lang='lat' dir='ltr'><strong>quin</strong></span> <span class='ocrx_word' id='word_1_214' title='bbox 1342 2543 1394 2584; x_wconf 90' lang='lat' dir='ltr'><strong>et</strong></span> <span class='ocrx_word' id='word_1_215' title='bbox 1419 2536 1509 2585; x_wconf 71' lang='lat' dir='ltr'><strong>lias</strong></span> 
     </span>
     <span class='ocr_line' id='line_1_26' title="bbox 454 2604 1507 2675; baseline 0.011 -25"><span class='ocrx_word' id='word_1_216' title='bbox 454 2604 693 2665; x_wconf 84' lang='lat' dir='ltr'><strong>regiones</strong></span> <span class='ocrx_word' id='word_1_217' title='bbox 714 2623 829 2671; x_wconf 82' lang='lat' dir='ltr'><strong>quae</strong></span> <span class='ocrx_word' id='word_1_218' title='bbox 868 2624 1080 2674; x_wconf 83' lang='lat' dir='ltr'><strong>regnum</strong></span> <span class='ocrx_word' id='word_1_219' title='bbox 1107 2612 1507 2675; x_wconf 83' lang='lat' dir='ltr'><strong>Neapolitanum</strong></span> 
     </span>
     <span class='ocr_line' id='line_1_27' title="bbox 454 2678 1508 2739; baseline 0.014 -15"><span class='ocrx_word' id='word_1_220' title='bbox 454 2678 604 2728; x_wconf 86' lang='lat' dir='ltr'><strong>hodie</strong></span> <span class='ocrx_word' id='word_1_221' title='bbox 626 2684 961 2735; x_wconf 84' lang='lat' dir='ltr'><strong>constituunt.</strong></span> <span class='ocrx_word' id='word_1_222' title='bbox 1029 2689 1214 2738; x_wconf 88' lang='lat' dir='ltr'><strong>Strabo</strong></span> <span class='ocrx_word' id='word_1_223' title='bbox 1249 2689 1335 2737; x_wconf 90' lang='lat' dir='ltr'><strong>lib.</strong></span> <span class='ocrx_word' id='word_1_224' title='bbox 1367 2704 1420 2739; x_wconf 85' lang='lat' dir='ltr'><strong>v.</strong></span> <span class='ocrx_word' id='word_1_225' title='bbox 1443 2689 1508 2739; x_wconf 85' lang='lat' dir='ltr'><strong>de</strong></span> 
     </span>
     <span class='ocr_line' id='line_1_28' title="bbox 456 2754 1508 2825; baseline 0.011 -22"><span class='ocrx_word' id='word_1_226' title='bbox 456 2754 680 2820; x_wconf 78' lang='lat' dir='ltr'><strong>Neapoli</strong></span> <span class='ocrx_word' id='word_1_227' title='bbox 719 2761 955 2825; x_wconf 89' lang='lat' dir='ltr'><strong>loquens,</strong></span> <span class='ocrx_word' id='word_1_228' title='bbox 978 2764 1114 2813; x_wconf 85' lang='lat' dir='ltr'><strong>inter</strong></span> <span class='ocrx_word' id='word_1_229' title='bbox 1138 2767 1262 2814; x_wconf 88' lang='lat' dir='ltr'><strong>alias</strong></span> <span class='ocrx_word' id='word_1_230' title='bbox 1296 2767 1508 2816; x_wconf 73' lang='lat' dir='ltr'><strong>Graeca-</strong></span> 
     </span>
     <span class='ocr_line' id='line_1_29' title="bbox 452 2832 1507 2906; baseline 0.012 -27"><span class='ocrx_word' id='word_1_231' title='bbox 452 2832 557 2881; x_wconf 88' lang='lat' dir='ltr'><strong>nici</strong></span> <span class='ocrx_word' id='word_1_232' title='bbox 599 2835 728 2885; x_wconf 82' lang='lat' dir='ltr'><strong>ritus</strong></span> <span class='ocrx_word' id='word_1_233' title='bbox 765 2839 1002 2901; x_wconf 77' lang='lat' dir='ltr'><strong>reliquias</strong></span> <span class='ocrx_word' id='word_1_234' title='bbox 1042 2840 1204 2891; x_wconf 85' lang='lat' dir='ltr'><strong>refert</strong></span> <span class='ocrx_word' id='word_1_235' title='bbox 1244 2834 1507 2906; x_wconf 65' lang='lat' dir='ltr'><strong>gymnasia</strong></span> 
     </span>
     <span class='ocr_line' id='line_1_30' title="bbox 453 2911 990 2973; baseline 0.017 -17"><span class='ocrx_word' id='word_1_236' title='bbox 453 2915 509 2957; x_wconf 89' lang='lat' dir='ltr'><strong>et</strong></span> <span class='ocrx_word' id='word_1_237' title='bbox 533 2911 782 2973; x_wconf 81' lang='lat' dir='ltr'><strong>puberum</strong></span> <span class='ocrx_word' id='word_1_238' title='bbox 809 2925 990 2965; x_wconf 90' lang='lat' dir='ltr'><strong>coetus.</strong></span> 
     </span>
    </p>

    <p class='ocr_par' dir='ltr' id='par_1_8' title="bbox 449 2991 1507 3593">
     <span class='ocr_line' id='line_1_31' title="bbox 517 2991 1507 3063; baseline 0.009 -26"><span class='ocrx_word' id='word_1_239' title='bbox 517 2995 541 3021; x_wconf 76' lang='lat'>⁸</span> <span class='ocrx_word' id='word_1_240' title='bbox 574 2991 944 3057; x_wconf 80' lang='lat' dir='ltr'><strong>Diripieudique</strong></span> <span class='ocrx_word' id='word_1_241' title='bbox 960 3011 1225 3058; x_wconf 81' lang='lat' dir='ltr'><strong>pomorum,</strong></span> <span class='ocrx_word' id='word_1_242' title='bbox 1262 3000 1368 3063; x_wconf 59' lang='lat' dir='ltr'><strong>Bra]</strong></span> <span class='ocrx_word' id='word_1_243' title='bbox 1408 2999 1507 3046; x_wconf 88' lang='lat' dir='ltr'><strong>Ea-</strong></span> 
     </span>
     <span class='ocr_line' id='line_1_32' title="bbox 451 3062 1505 3134; baseline 0.011 -24"><span class='ocrx_word' id='word_1_244' title='bbox 451 3062 569 3112; x_wconf 85' lang='lat' dir='ltr'><strong>dem</strong></span> <span class='ocrx_word' id='word_1_245' title='bbox 595 3065 836 3128; x_wconf 83' lang='lat' dir='ltr'><strong>loquendi</strong></span> <span class='ocrx_word' id='word_1_246' title='bbox 863 3071 993 3118; x_wconf 82' lang='lat' dir='ltr'><strong>&#39;ratio</strong></span> <span class='ocrx_word' id='word_1_247' title='bbox 1016 3079 1071 3119; x_wconf 89' lang='lat' dir='ltr'><strong>et</strong></span> <span class='ocrx_word' id='word_1_248' title='bbox 1101 3072 1237 3134; x_wconf 81' lang='lat' dir='ltr'><strong>a‘pud</strong></span> <span class='ocrx_word' id='word_1_249' title='bbox 1263 3073 1505 3121; x_wconf 82' lang='lat' dir='ltr'><strong>Plautum</strong></span> 
     </span>
     <span class='ocr_line' id='line_1_33' title="bbox 452 3140 1507 3203; baseline 0.008 -16"><span class='ocrx_word' id='word_1_250' title='bbox 452 3140 504 3188; x_wconf 89' lang='lat' dir='ltr'><strong>in</strong></span> <span class='ocrx_word' id='word_1_251' title='bbox 530 3141 780 3203; x_wconf 79' lang='lat' dir='ltr'><strong>Captivis,</strong></span> <span class='ocrx_word' id='word_1_252' title='bbox 814 3145 830 3171; x_wconf 90' lang='lat'>‘</span> <span class='ocrx_word' id='word_1_253' title='bbox 855 3145 1147 3194; x_wconf 86' lang='lat' dir='ltr'><strong>nominandi</strong></span> <span class='ocrx_word' id='word_1_254' title='bbox 1187 3149 1396 3195; x_wconf 87' lang='lat' dir='ltr'><strong>istorum</strong></span> <span class='ocrx_word' id='word_1_255' title='bbox 1421 3163 1507 3196; x_wconf 90' lang='lat' dir='ltr'><strong>co·</strong></span> 
     </span>
     <span class='ocr_line' id='line_1_34' title="bbox 453 3216 1505 3280; baseline 0.01 -17"><span class='ocrx_word' id='word_1_256' title='bbox 453 3216 574 3280; x_wconf 89' lang='lat' dir='ltr'><strong>pia,&#39;</strong></span> <span class='ocrx_word' id='word_1_257' title='bbox 623 3225 678 3268; x_wconf 88' lang='lat' dir='ltr'><strong>et</strong></span> <span class='ocrx_word' id='word_1_258' title='bbox 725 3219 1011 3269; x_wconf 86' lang='lat' dir='ltr'><strong>Varronem</strong></span> <span class='ocrx_word' id='word_1_259' title='bbox 1047 3221 1137 3271; x_wconf 85' lang='lat' dir='ltr'><strong>lib.</strong></span> <span class='ocrx_word' id='word_1_260' title='bbox 1173 3235 1236 3271; x_wconf 90' lang='grc' dir='ltr'><strong>ιι.</strong></span> <span class='ocrx_word' id='word_1_261' title='bbox 1272 3237 1319 3271; x_wconf 89' lang='lat' dir='ltr'><strong>c.</strong></span> <span class='ocrx_word' id='word_1_262' title='bbox 1357 3227 1403 3272; x_wconf 81' lang='lat'><strong>1.</strong></span> <span class='ocrx_word' id='word_1_263' title='bbox 1440 3224 1505 3273; x_wconf 86' lang='lat' dir='ltr'><strong>de</strong></span> 
     </span>
     <span class='ocr_line' id='line_1_35' title="bbox 449 3291 1507 3360; baseline 0.008 -19"><span class='ocrx_word' id='word_1_264' title='bbox 449 3291 536 3341; x_wconf 75' lang='lat' dir='ltr'><strong>Re</strong></span> <span class='ocrx_word' id='word_1_265' title='bbox 570 3293 805 3351; x_wconf 85' lang='lat' dir='ltr'><strong>Rustica,</strong></span> <span class='ocrx_word' id='word_1_266' title='bbox 836 3295 853 3321; x_wconf 91' lang='lat'>‘</span> <span class='ocrx_word' id='word_1_267' title='bbox 873 3296 1183 3360; x_wconf 86' lang='lat' dir='ltr'><strong>principium</strong></span> <span class='ocrx_word' id='word_1_268' title='bbox 1225 3300 1507 3359; x_wconf 75' lang='lat' dir='ltr'><strong>generandi</strong></span> 
     </span>
     <span class='ocr_line' id='line_1_36' title="bbox 451 3370 1505 3435; baseline 0.008 -16"><span class='ocrx_word' id='word_1_269' title='bbox 451 3370 745 3421; x_wconf 80' lang='lat' dir='ltr'><strong>animalium</strong></span> <span class='ocrx_word' id='word_1_270' title='bbox 766 3371 801 3421; x_wconf 69' lang='grc' dir='ltr'><strong>ε’</strong></span> <span class='ocrx_word' id='word_1_271' title='bbox 879 3382 935 3423; x_wconf 91' lang='lat' dir='ltr'><strong>et</strong></span> <span class='ocrx_word' id='word_1_272' title='bbox 990 3375 1188 3435; x_wconf 86' lang='lat' dir='ltr'><strong>Gellius</strong></span> <span class='ocrx_word' id='word_1_273' title='bbox 1257 3377 1505 3427; x_wconf 83' lang='lat' dir='ltr'><strong>Suetonio</strong></span> 
     </span>
     <span class='ocr_line' id='line_1_37' title="bbox 450 3449 1503 3517; baseline 0.007 -21"><span class='ocrx_word' id='word_1_274' title='bbox 450 3455 764 3511; x_wconf 78' lang='lat' dir='ltr'><strong>coaetaneus,</strong></span> <span class='ocrx_word' id='word_1_275' title='bbox 802 3449 996 3512; x_wconf 83' lang='lat' dir='ltr'><strong>‘magis</strong></span> <span class='ocrx_word' id='word_1_276' title='bbox 1022 3450 1503 3517; x_wconf 51' lang='lat' dir='ltr'><strong>admonendi‘quam</strong></span> 
     </span>
     <span class='ocr_line' id='line_1_38' title="bbox 451 3525 1483 3593; baseline 0.008 -20"><span class='ocrx_word' id='word_1_277' title='bbox 451 3525 663 3575; x_wconf 80' lang='lat' dir='ltr'><strong>alioruin</strong></span> <span class='ocrx_word' id='word_1_278' title='bbox 689 3527 910 3576; x_wconf 83' lang='lat' dir='ltr'><strong>docendi</strong></span> <span class='ocrx_word' id='word_1_279' title='bbox 935 3527 1140 3593; x_wconf 84' lang='lat' dir='ltr'><strong>gratia,’</strong></span> <span class='ocrx_word' id='word_1_280' title='bbox 1168 3530 1200 3579; x_wconf 90' lang='lat' dir='ltr'><strong>l.</strong></span> <span class='ocrx_word' id='word_1_281' title='bbox 1226 3543 1345 3580; x_wconf 82' lang='lat' dir='ltr'><strong>xvt.</strong></span> <span class='ocrx_word' id='word_1_282' title='bbox 1366 3546 1411 3582; x_wconf 90' lang='lat' dir='ltr'><strong>c.</strong></span> <span class='ocrx_word' id='word_1_283' title='bbox 1436 3536 1483 3581; x_wconf 85' lang='lat'><strong>8.</strong></span> 
     </span>
    </p>

    <p class='ocr_par' dir='ltr' id='par_1_9' title="bbox 448 3600 1503 4264">
     <span class='ocr_line' id='line_1_39' title="bbox 514 3600 1503 3667; baseline 0.006 -17"><span class='ocrx_word' id='word_1_284' title='bbox 514 3600 538 3635; x_wconf 77' lang='lat'><strong>¹²</strong></span> <span class='ocrx_word' id='word_1_285' title='bbox 569 3603 853 3667; x_wconf 80' lang='lat' dir='ltr'><strong>Missilium]</strong></span> <span class='ocrx_word' id='word_1_286' title='bbox 874 3605 1175 3655; x_wconf 85' lang='lat' dir='ltr'><strong>Torrentius</strong></span> <span class='ocrx_word' id='word_1_287' title='bbox 1191 3607 1240 3656; x_wconf 92' lang='lat' dir='ltr'><strong>in</strong></span> <span class='ocrx_word' id='word_1_288' title='bbox 1267 3607 1398 3658; x_wconf 87' lang='lat' dir='ltr'><strong>libro</strong></span> <span class='ocrx_word' id='word_1_289' title='bbox 1422 3622 1503 3656; x_wconf 80' lang='lat' dir='ltr'><strong>ve·</strong></span> 
     </span>
     <span class='ocr_line' id='line_1_40' title="bbox 449 3677 1503 3746; baseline 0.007 -21"><span class='ocrx_word' id='word_1_290' title='bbox 449 3677 730 3728; x_wconf 86' lang='lat' dir='ltr'><strong>tustissimo</strong></span> <span class='ocrx_word' id='word_1_291' title='bbox 786 3680 911 3743; x_wconf 78' lang='lat' dir='ltr'><strong>legit</strong></span> <span class='ocrx_word' id='word_1_292' title='bbox 955 3695 1203 3746; x_wconf 78' lang='lat' dir='ltr'><strong>rerumque</strong></span> <span class='ocrx_word' id='word_1_293' title='bbox 1269 3683 1503 3733; x_wconf 81' lang='lat' dir='ltr'><strong>missilia.-</strong></span> 
     </span>
     <span class='ocr_line' id='line_1_41' title="bbox 448 3753 1500 3825; baseline 0.006 -23"><span class='ocrx_word' id='word_1_294' title='bbox 448 3753 585 3817; x_wconf 85' lang='lat' dir='ltr'><strong>quod</strong></span> <span class='ocrx_word' id='word_1_295' title='bbox 607 3764 662 3803; x_wconf 87' lang='lat' dir='ltr'><strong>et</strong></span> <span class='ocrx_word' id='word_1_296' title='bbox 686 3763 882 3825; x_wconf 48' lang='lat' dir='ltr'><strong>potest„</strong></span> <span class='ocrx_word' id='word_1_297' title='bbox 903 3764 961 3806; x_wconf 90' lang='lat' dir='ltr'><strong>ut</strong></span> <span class='ocrx_word' id='word_1_298' title='bbox 1000 3758 1054 3806; x_wconf 91' lang='lat' dir='ltr'><strong>in</strong></span> <span class='ocrx_word' id='word_1_299' title='bbox 1095 3759 1327 3822; x_wconf 77' lang='lat' dir='ltr'><strong>Caligula</strong></span> <span class='ocrx_word' id='word_1_300' title='bbox 1348 3774 1395 3807; x_wconf 94' lang='lat' dir='ltr'><strong>c.</strong></span> <span class='ocrx_word' id='word_1_301' title='bbox 1422 3764 1500 3811; x_wconf 84' lang='lat'><strong>18.</strong></span> 
     </span>
     <span class='ocr_line' id='line_1_42' title="bbox 448 3831 1502 3886; baseline 0.008 -9"><span class='ocrx_word' id='word_1_302' title='bbox 448 3836 503 3878; x_wconf 83' lang='lat' dir='ltr'><strong>et</strong></span> <span class='ocrx_word' id='word_1_303' title='bbox 543 3831 752 3879; x_wconf 89' lang='lat' dir='ltr'><strong>Nerone</strong></span> <span class='ocrx_word' id='word_1_304' title='bbox 776 3847 824 3882; x_wconf 91' lang='lat' dir='ltr'><strong>c.</strong></span> <span class='ocrx_word' id='word_1_305' title='bbox 854 3837 932 3882; x_wconf 92' lang='lat' dir='ltr'><strong>ll.</strong></span> <span class='ocrx_word' id='word_1_306' title='bbox 975 3835 1189 3883; x_wconf 86' lang='lat' dir='ltr'><strong>Missilia</strong></span> <span class='ocrx_word' id='word_1_307' title='bbox 1230 3836 1339 3883; x_wconf 75' lang='lat' dir='ltr'><strong>ltaec</strong></span> <span class='ocrx_word' id='word_1_308' title='bbox 1375 3836 1502 3886; x_wconf 89' lang='lat' dir='ltr'><strong>dicit</strong></span> 
     </span>
     <span class='ocr_line' id='line_1_43' title="bbox 448 3908 1503 3974; baseline 0.008 -20"><span class='ocrx_word' id='word_1_309' title='bbox 448 3919 563 3955; x_wconf 87' lang='lat' dir='ltr'><strong>esse</strong></span> <span class='ocrx_word' id='word_1_310' title='bbox 585 3908 891 3970; x_wconf 88' lang='lat' dir='ltr'><strong>Beroaldus,</strong></span> <span class='ocrx_word' id='word_1_311' title='bbox 929 3926 1046 3974; x_wconf 82' lang='lat' dir='ltr'><strong>quae</strong></span> <span class='ocrx_word' id='word_1_312' title='bbox 1090 3926 1154 3959; x_wconf 86' lang='lat' dir='ltr'><strong>ex</strong></span> <span class='ocrx_word' id='word_1_313' title='bbox 1185 3911 1503 3962; x_wconf 85' lang='lat' dir='ltr'><strong>liberalitate</strong></span> 
     </span>
     <span class='ocr_line' id='line_1_44' title="bbox 448 3981 1501 4051; baseline 0.009 -24"><span class='ocrx_word' id='word_1_314' title='bbox 448 3981 734 4044; x_wconf 86' lang='lat' dir='ltr'><strong>principum</strong></span> <span class='ocrx_word' id='word_1_315' title='bbox 759 3986 930 4046; x_wconf 83' lang='lat' dir='ltr'><strong>spargi</strong></span> <span class='ocrx_word' id='word_1_316' title='bbox 969 3985 1198 4034; x_wconf 86' lang='lat' dir='ltr'><strong>solerent</strong></span> <span class='ocrx_word' id='word_1_317' title='bbox 1223 3986 1274 4034; x_wconf 91' lang='lat' dir='ltr'><strong>in</strong></span> <span class='ocrx_word' id='word_1_318' title='bbox 1301 3989 1501 4051; x_wconf 75' lang='lat' dir='ltr'><strong>vulgu8‚</strong></span> 
     </span>
     <span class='ocr_line' id='line_1_45' title="bbox 449 4061 1502 4127; baseline 0.012 -26"><span class='ocrx_word' id='word_1_319' title='bbox 449 4067 564 4118; x_wconf 82' lang='lat' dir='ltr'><strong>quae</strong></span> <span class='ocrx_word' id='word_1_320' title='bbox 604 4061 828 4120; x_wconf 89' lang='lat' dir='ltr'><strong>quamvis</strong></span> <span class='ocrx_word' id='word_1_321' title='bbox 865 4070 920 4109; x_wconf 88' lang='lat' dir='ltr'><strong>et</strong></span> <span class='ocrx_word' id='word_1_322' title='bbox 956 4062 1165 4111; x_wconf 86' lang='lat' dir='ltr'><strong>missilia</strong></span> <span class='ocrx_word' id='word_1_323' title='bbox 1203 4063 1341 4112; x_wconf 83' lang='lat' dir='ltr'><strong>dicta</strong></span> <span class='ocrx_word' id='word_1_324' title='bbox 1378 4065 1502 4127; x_wconf 86' lang='lat' dir='ltr'><strong>siut,</strong></span> 
     </span>
     <span class='ocr_line' id='line_1_46' title="bbox 449 4134 1501 4204; baseline 0.011 -28"><span class='ocrx_word' id='word_1_325' title='bbox 449 4142 551 4177; x_wconf 86' lang='lat' dir='ltr'><strong>non</strong></span> <span class='ocrx_word' id='word_1_326' title='bbox 579 4136 748 4179; x_wconf 87' lang='lat' dir='ltr'><strong>tamen</strong></span> <span class='ocrx_word' id='word_1_327' title='bbox 781 4134 879 4183; x_wconf 86' lang='lat' dir='ltr'><strong>hoc</strong></span> <span class='ocrx_word' id='word_1_328' title='bbox 909 4136 1025 4185; x_wconf 92' lang='lat' dir='ltr'><strong>loco</strong></span> <span class='ocrx_word' id='word_1_329' title='bbox 1050 4138 1125 4185; x_wconf 88' lang='lat' dir='ltr'><strong>sic</strong></span> <span class='ocrx_word' id='word_1_330' title='bbox 1160 4138 1501 4204; x_wconf 85' lang='lat' dir='ltr'><strong>intelligenda</strong></span> 
     </span>
     <span class='ocr_line' id='line_1_47' title="bbox 449 4204 1501 4264; baseline 0.013 -13"><span class='ocrx_word' id='word_1_331' title='bbox 449 4204 726 4254; x_wconf 82' lang='lat' dir='ltr'><strong>videntur:</strong></span> <span class='ocrx_word' id='word_1_332' title='bbox 776 4208 911 4255; x_wconf 86' lang='lat' dir='ltr'><strong>unde</strong></span> <span class='ocrx_word' id='word_1_333' title='bbox 948 4213 1110 4262; x_wconf 87' lang='lat' dir='ltr'><strong>multo</strong></span> <span class='ocrx_word' id='word_1_334' title='bbox 1153 4215 1332 4263; x_wconf 87' lang='lat' dir='ltr'><strong>melius</strong></span> <span class='ocrx_word' id='word_1_335' title='bbox 1370 4216 1501 4264; x_wconf 88' lang='lat' dir='ltr'><strong>Tor·</strong></span> 
     </span>
    </p>
   </div>
   <div class='ocr_carea' id='block_1_8' title="bbox 353 4281 1499 4344">
    <p class='ocr_par' dir='ltr' id='par_1_10' title="bbox 353 4281 1499 4344">
     <span class='ocr_line' id='line_1_48' title="bbox 353 4281 1499 4344; baseline 0.009 -13"><span class='ocrx_word' id='word_1_336' title='bbox 353 4291 360 4298; x_wconf 88' lang='lat'><strong>·</strong></span> <span class='ocrx_word' id='word_1_337' title='bbox 449 4281 645 4332; x_wconf 77' lang='lat' dir='ltr'><strong>tentius</strong></span> <span class='ocrx_word' id='word_1_338' title='bbox 669 4282 734 4332; x_wconf 90' lang='lat' dir='ltr'><strong>de</strong></span> <span class='ocrx_word' id='word_1_339' title='bbox 765 4283 1039 4338; x_wconf 77' lang='lat' dir='ltr'><strong>missilibus</strong></span> <span class='ocrx_word' id='word_1_340' title='bbox 1071 4288 1223 4340; x_wconf 88' lang='lat' dir='ltr'><strong>rebus</strong></span> <span class='ocrx_word' id='word_1_341' title='bbox 1258 4292 1336 4342; x_wconf 88' lang='lat' dir='ltr'><strong>vel</strong></span> <span class='ocrx_word' id='word_1_342' title='bbox 1369 4292 1499 4344; x_wconf 89' lang='lat' dir='ltr'><strong>cibis</strong></span> 
     </span>
    </p>
   </div>
   <div class='ocr_carea' id='block_1_9' title="bbox 1579 2296 2649 4355">
    <p class='ocr_par' dir='ltr' id='par_1_11' title="bbox 1587 2296 2649 2824">
     <span class='ocr_line' id='line_1_49' title="bbox 1588 2296 2649 2369; baseline -0.008 -17"><span class='ocrx_word' id='word_1_343' title='bbox 1588 2303 1851 2368; x_wconf 85' lang='lat' dir='ltr'><strong>intelligit,</strong></span> <span class='ocrx_word' id='word_1_344' title='bbox 1871 2303 1956 2368; x_wconf 89' lang='lat' dir='ltr'><strong>qui</strong></span> <span class='ocrx_word' id='word_1_345' title='bbox 1982 2316 2010 2350; x_wconf 86' lang='lat' dir='ltr'><strong>e</strong></span> <span class='ocrx_word' id='word_1_346' title='bbox 2032 2299 2269 2369; x_wconf 83' lang='lat' dir='ltr'><strong>convivio</strong></span> <span class='ocrx_word' id='word_1_347' title='bbox 2297 2297 2432 2347; x_wconf 83' lang='lat' dir='ltr'><strong>mitti</strong></span> <span class='ocrx_word' id='word_1_348' title='bbox 2464 2296 2528 2345; x_wconf 88' lang='lat' dir='ltr'><strong>ad</strong></span> <span class='ocrx_word' id='word_1_349' title='bbox 2556 2297 2649 2345; x_wconf 84' lang='lat' dir='ltr'><strong>ali-</strong></span> 
     </span>
     <span class='ocr_line' id='line_1_50' title="bbox 1590 2370 2649 2446; baseline -0.009 -17"><span class='ocrx_word' id='word_1_350' title='bbox 1590 2395 1740 2446; x_wconf 89' lang='lat' dir='ltr'><strong>quem</strong></span> <span class='ocrx_word' id='word_1_351' title='bbox 1780 2381 1860 2428; x_wconf 87' lang='lat' dir='ltr'><strong>vel</strong></span> <span class='ocrx_word' id='word_1_352' title='bbox 1907 2379 2194 2433; x_wconf 85' lang='lat' dir='ltr'><strong>absentem,</strong></span> <span class='ocrx_word' id='word_1_353' title='bbox 2232 2377 2313 2425; x_wconf 85' lang='lat' dir='ltr'><strong>vel</strong></span> <span class='ocrx_word' id='word_1_354' title='bbox 2374 2374 2498 2422; x_wconf 81' lang='lat' dir='ltr'><strong>alibi</strong></span> <span class='ocrx_word' id='word_1_355' title='bbox 2544 2370 2649 2420; x_wconf 57' lang='lat' dir='ltr'><strong>dis*-</strong></span> 
     </span>
     <span class='ocr_line' id='line_1_51' title="bbox 1589 2453 2647 2517; baseline -0.009 -9"><span class='ocrx_word' id='word_1_356' title='bbox 1589 2458 1943 2517; x_wconf 86' lang='lat' dir='ltr'><strong>cumbentem;</strong></span> <span class='ocrx_word' id='word_1_357' title='bbox 1998 2470 2112 2505; x_wconf 89' lang='lat' dir='ltr'><strong>cum</strong></span> <span class='ocrx_word' id='word_1_358' title='bbox 2159 2469 2337 2503; x_wconf 83' lang='lat' dir='ltr'><strong>revera</strong></span> <span class='ocrx_word' id='word_1_359' title='bbox 2390 2453 2492 2501; x_wconf 84' lang='lat' dir='ltr'><strong>iste</strong></span> <span class='ocrx_word' id='word_1_360' title='bbox 2536 2465 2647 2499; x_wconf 91' lang='lat' dir='ltr'><strong>mos</strong></span> 
     </span>
     <span class='ocr_line' id='line_1_52' title="bbox 1588 2529 2645 2593; baseline -0.006 -11"><span class='ocrx_word' id='word_1_361' title='bbox 1588 2535 1828 2583; x_wconf 81' lang='lat' dir='ltr'><strong>innuatur</strong></span> <span class='ocrx_word' id='word_1_362' title='bbox 1866 2533 1956 2582; x_wconf 88' lang='lat' dir='ltr'><strong>lib.</strong></span> <span class='ocrx_word' id='word_1_363' title='bbox 1996 2546 2059 2581; x_wconf 90' lang='grc' dir='ltr'><strong>ιι.</strong></span> <span class='ocrx_word' id='word_1_364' title='bbox 2089 2546 2135 2580; x_wconf 94' lang='lat' dir='ltr'><strong>c.</strong></span> <span class='ocrx_word' id='word_1_365' title='bbox 2173 2534 2223 2580; x_wconf 86' lang='grc'><strong>4.</strong></span> <span class='ocrx_word' id='word_1_366' title='bbox 2258 2529 2395 2593; x_wconf 88' lang='lat' dir='ltr'><strong>apud</strong></span> <span class='ocrx_word' id='word_1_367' title='bbox 2434 2529 2645 2577; x_wconf 84' lang='lat' dir='ltr'><strong>Macro·</strong></span> 
     </span>
     <span class='ocr_line' id='line_1_53' title="bbox 1591 2606 2646 2673; baseline -0.005 -15"><span class='ocrx_word' id='word_1_368' title='bbox 1591 2610 1752 2671; x_wconf 90' lang='lat' dir='ltr'><strong>bium,</strong></span> <span class='ocrx_word' id='word_1_369' title='bbox 1776 2610 1864 2658; x_wconf 91' lang='lat' dir='ltr'><strong>ubi</strong></span> <span class='ocrx_word' id='word_1_370' title='bbox 1890 2608 2098 2673; x_wconf 87' lang='lat' dir='ltr'><strong>quidam</strong></span> <span class='ocrx_word' id='word_1_371' title='bbox 2140 2620 2298 2670; x_wconf 86' lang='lat' dir='ltr'><strong>eques</strong></span> <span class='ocrx_word' id='word_1_372' title='bbox 2322 2606 2532 2667; x_wconf 84' lang='lat' dir='ltr'><strong>dicitur,</strong></span> <span class='ocrx_word' id='word_1_373' title='bbox 2556 2618 2646 2667; x_wconf 87' lang='lat' dir='ltr'><strong>pe·</strong></span> 
     </span>
     <span class='ocr_line' id='line_1_54' title="bbox 1590 2682 2648 2749; baseline -0.009 -12"><span class='ocrx_word' id='word_1_374' title='bbox 1590 2688 1687 2737; x_wconf 82' lang='lat' dir='ltr'><strong>tita</strong></span> <span class='ocrx_word' id='word_1_375' title='bbox 1708 2688 1772 2737; x_wconf 86' lang='lat' dir='ltr'><strong>ab</strong></span> <span class='ocrx_word' id='word_1_376' title='bbox 1795 2687 2028 2749; x_wconf 78' lang='lat' dir='ltr'><strong>Augusto</strong></span> <span class='ocrx_word' id='word_1_377' title='bbox 2044 2684 2284 2733; x_wconf 85' lang='lat' dir='ltr'><strong>mittendi</strong></span> <span class='ocrx_word' id='word_1_378' title='bbox 2309 2682 2446 2732; x_wconf 87' lang='lat' dir='ltr'><strong>turdi</strong></span> <span class='ocrx_word' id='word_1_379' title='bbox 2475 2682 2648 2743; x_wconf 84' lang='lat' dir='ltr'><strong>venia,</strong></span> 
     </span>
     <span class='ocr_line' id='line_1_55' title="bbox 1587 2760 2223 2824; baseline -0.006 -12"><span class='ocrx_word' id='word_1_380' title='bbox 1587 2764 1784 2812; x_wconf 75' lang='lat' dir='ltr'><strong>misisse</strong></span> <span class='ocrx_word' id='word_1_381' title='bbox 1809 2777 1899 2824; x_wconf 88' lang='lat' dir='ltr'><strong>per</strong></span> <span class='ocrx_word' id='word_1_382' title='bbox 1925 2760 2223 2809; x_wconf 81' lang='lat' dir='ltr'><strong>fenestram.</strong></span> 
     </span>
    </p>

    <p class='ocr_par' dir='ltr' id='par_1_12' title="bbox 1580 2830 2646 4199">
     <span class='ocr_line' id='line_1_56' title="bbox 1651 2830 2643 2901; baseline -0.006 -14"><span class='ocrx_word' id='word_1_383' title='bbox 1651 2848 1673 2873; x_wconf 73' lang='lat'><strong>⁰</strong></span> <span class='ocrx_word' id='word_1_384' title='bbox 1710 2837 1928 2901; x_wconf 80' lang='lat' dir='ltr'><strong>Capreis]</strong></span> <span class='ocrx_word' id='word_1_385' title='bbox 1985 2835 2285 2885; x_wconf 83' lang='lat' dir='ltr'><strong>Torrentius</strong></span> <span class='ocrx_word' id='word_1_386' title='bbox 2365 2830 2643 2895; x_wconf 78' lang='lat' dir='ltr'><strong>legendum</strong></span> 
     </span>
     <span class='ocr_line' id='line_1_57' title="bbox 1586 2909 2646 2977; baseline -0.009 -11"><span class='ocrx_word' id='word_1_387' title='bbox 1586 2923 1759 2966; x_wconf 84' lang='lat' dir='ltr'><strong>censet</strong></span> <span class='ocrx_word' id='word_1_388' title='bbox 1786 2916 1992 2977; x_wconf 75' lang='lat' dir='ltr'><strong>Capreas</strong></span> <span class='ocrx_word' id='word_1_389' title='bbox 2003 2929 2023 2971; x_wconf 82' lang='lat'><strong>,-</strong></span> <span class='ocrx_word' id='word_1_390' title='bbox 2057 2912 2178 2974; x_wconf 86' lang='lat' dir='ltr'><strong>quia</strong></span> <span class='ocrx_word' id='word_1_391' title='bbox 2214 2910 2342 2958; x_wconf 89' lang='lat' dir='ltr'><strong>dicit</strong></span> <span class='ocrx_word' id='word_1_392' title='bbox 2364 2909 2646 2958; x_wconf 85' lang='lat' dir='ltr'><strong>Suetonius</strong></span> 
     </span>
     <span class='ocr_line' id='line_1_58' title="bbox 1588 2985 2644 3056; baseline -0.008 -15"><span class='ocrx_word' id='word_1_393' title='bbox 1588 2992 1877 3056; x_wconf 85' lang='lat' dir='ltr'><strong>Augustum</strong></span> <span class='ocrx_word' id='word_1_394' title='bbox 1905 3004 2004 3038; x_wconf 87' lang='lat' dir='ltr'><strong>non</strong></span> <span class='ocrx_word' id='word_1_395' title='bbox 2023 2988 2116 3035; x_wconf 86' lang='lat' dir='ltr'><strong>nisi</strong></span> <span class='ocrx_word' id='word_1_396' title='bbox 2133 2985 2407 3051; x_wconf 83' lang='lat' dir='ltr'><strong>quatriduo</strong></span> <span class='ocrx_word' id='word_1_397' title='bbox 2426 2985 2644 3048; x_wconf 86' lang='lat' dir='ltr'><strong>Capreis</strong></span> 
     </span>
     <span class='ocr_line' id='line_1_59' title="bbox 1587 3063 2646 3134; baseline -0.01 -13"><span class='ocrx_word' id='word_1_398' title='bbox 1587 3072 1741 3121; x_wconf 83' lang='lat' dir='ltr'><strong>fuisse</strong></span> <span class='ocrx_word' id='word_1_399' title='bbox 1765 3092 1780 3134; x_wconf 89' lang='lat'>;</span> <span class='ocrx_word' id='word_1_400' title='bbox 1811 3070 1946 3119; x_wconf 89' lang='lat' dir='ltr'><strong>unde</strong></span> <span class='ocrx_word' id='word_1_401' title='bbox 1969 3067 2186 3129; x_wconf 85' lang='lat' dir='ltr'><strong>colligit,</strong></span> <span class='ocrx_word' id='word_1_402' title='bbox 2218 3065 2270 3115; x_wconf 86' lang='lat' dir='ltr'><strong>id</strong></span> <span class='ocrx_word' id='word_1_403' title='bbox 2309 3065 2374 3113; x_wconf 90' lang='lat' dir='ltr'><strong>ab</strong></span> <span class='ocrx_word' id='word_1_404' title='bbox 2399 3065 2514 3127; x_wconf 89' lang='lat' dir='ltr'><strong>ipso</strong></span> <span class='ocrx_word' id='word_1_405' title='bbox 2535 3063 2646 3111; x_wconf 85' lang='lat' dir='ltr'><strong>dic·</strong></span> 
     </span>
     <span class='ocr_line' id='line_1_60' title="bbox 1590 3141 2646 3209; baseline -0.01 -11"><span class='ocrx_word' id='word_1_406' title='bbox 1590 3156 1696 3197; x_wconf 83' lang='lat' dir='ltr'><strong>tum</strong></span> <span class='ocrx_word' id='word_1_407' title='bbox 1739 3150 1790 3197; x_wconf 92' lang='lat' dir='ltr'><strong>in</strong></span> <span class='ocrx_word' id='word_1_408' title='bbox 1814 3163 1907 3197; x_wconf 86' lang='lat' dir='ltr'><strong>ora</strong></span> <span class='ocrx_word' id='word_1_409' title='bbox 1937 3144 2252 3209; x_wconf 66' lang='lat' dir='ltr'><strong>Campaniae,</strong></span> <span class='ocrx_word' id='word_1_410' title='bbox 2290 3142 2356 3190; x_wconf 92' lang='lat' dir='ltr'><strong>de</strong></span> <span class='ocrx_word' id='word_1_411' title='bbox 2391 3141 2503 3203; x_wconf 84' lang='lat' dir='ltr'><strong>ipsa</strong></span> <span class='ocrx_word' id='word_1_412' title='bbox 2548 3142 2646 3189; x_wconf 85' lang='lat' dir='ltr'><strong>Ca·</strong></span> 
     </span>
     <span class='ocr_line' id='line_1_61' title="bbox 1593 3220 2644 3289; baseline -0.007 -17"><span class='ocrx_word' id='word_1_413' title='bbox 1593 3239 1831 3289; x_wconf 83' lang='lat' dir='ltr'><strong>prearum</strong></span> <span class='ocrx_word' id='word_1_414' title='bbox 1871 3225 2050 3273; x_wconf 79' lang='lat' dir='ltr'><strong>insula.</strong></span> <span class='ocrx_word' id='word_1_415' title='bbox 2115 3220 2216 3271; x_wconf 88' lang='lat' dir='ltr'><strong>Sed</strong></span> <span class='ocrx_word' id='word_1_416' title='bbox 2257 3220 2448 3283; x_wconf 87' lang='lat' dir='ltr'><strong>capitis</strong></span> <span class='ocrx_word' id='word_1_417' title='bbox 2492 3221 2644 3283; x_wconf 72' lang='lat' dir='ltr'><strong>liujtis</strong></span> 
     </span>
     <span class='ocr_line' id='line_1_62' title="bbox 1589 3297 2643 3360; baseline -0.007 -9"><span class='ocrx_word' id='word_1_418' title='bbox 1589 3302 1736 3352; x_wconf 86' lang='lat' dir='ltr'><strong>initio</strong></span> <span class='ocrx_word' id='word_1_419' title='bbox 1770 3303 1902 3351; x_wconf 88' lang='lat' dir='ltr'><strong>dixit</strong></span> <span class='ocrx_word' id='word_1_420' title='bbox 1939 3315 2003 3350; x_wconf 87' lang='lat' dir='ltr'><strong>ea</strong></span> <span class='ocrx_word' id='word_1_421' title='bbox 2036 3315 2090 3349; x_wconf 91' lang='lat' dir='ltr'><strong>se</strong></span> <span class='ocrx_word' id='word_1_422' title='bbox 2128 3299 2427 3358; x_wconf 85' lang='lat' dir='ltr'><strong>relaturum,</strong></span> <span class='ocrx_word' id='word_1_423' title='bbox 2447 3311 2564 3360; x_wconf 76' lang='lat' dir='ltr'><strong>quae</strong></span> <span class='ocrx_word' id='word_1_424' title='bbox 2590 3297 2643 3344; x_wconf 92' lang='lat' dir='ltr'><strong>in</strong></span> 
     </span>
     <span class='ocr_line' id='line_1_63' title="bbox 1587 3373 2645 3442; baseline -0.009 -13"><span class='ocrx_word' id='word_1_425' title='bbox 1587 3395 1679 3429; x_wconf 87' lang='lat' dir='ltr'><strong>ora</strong></span> <span class='ocrx_word' id='word_1_426' title='bbox 1719 3377 2014 3442; x_wconf 87' lang='lat' dir='ltr'><strong>Campauiae</strong></span> <span class='ocrx_word' id='word_1_427' title='bbox 2055 3375 2402 3440; x_wconf 84' lang='lat' dir='ltr'><strong>proximisque</strong></span> <span class='ocrx_word' id='word_1_428' title='bbox 2460 3373 2645 3422; x_wconf 87' lang='lat' dir='ltr'><strong>insulis</strong></span> 
     </span>
     <span class='ocr_line' id='line_1_64' title="bbox 1585 3449 2645 3514; baseline -0.008 -9"><span class='ocrx_word' id='word_1_429' title='bbox 1585 3456 1827 3505; x_wconf 77' lang='lat' dir='ltr'><strong>fecisset:</strong></span> <span class='ocrx_word' id='word_1_430' title='bbox 1865 3454 1931 3502; x_wconf 85' lang='lat' dir='ltr'><strong>de</strong></span> <span class='ocrx_word' id='word_1_431' title='bbox 1963 3453 2041 3500; x_wconf 88' lang='lat' dir='ltr'><strong>bis</strong></span> <span class='ocrx_word' id='word_1_432' title='bbox 2078 3451 2213 3500; x_wconf 89' lang='lat' dir='ltr'><strong>enim</strong></span> <span class='ocrx_word' id='word_1_433' title='bbox 2256 3452 2393 3514; x_wconf 80' lang='lat' dir='ltr'><strong>loqui</strong></span> <span class='ocrx_word' id='word_1_434' title='bbox 2431 3449 2645 3499; x_wconf 86' lang='lat' dir='ltr'><strong>videtur</strong></span> 
     </span>
     <span class='ocr_line' id='line_1_65' title="bbox 1584 3526 2642 3590; baseline -0.005 -10"><span class='ocrx_word' id='word_1_435' title='bbox 1584 3531 1652 3580; x_wconf 87' lang='lat' dir='ltr'><strong>ab</strong></span> <span class='ocrx_word' id='word_1_436' title='bbox 1675 3531 1759 3579; x_wconf 79' lang='lat' dir='ltr'><strong>his·</strong></span> <span class='ocrx_word' id='word_1_437' title='bbox 1778 3528 1966 3584; x_wconf 86' lang='lat' dir='ltr'><strong>verbis,</strong></span> <span class='ocrx_word' id='word_1_438' title='bbox 1986 3530 2001 3555; x_wconf 80' lang='lat'>⁸</span> <span class='ocrx_word' id='word_1_439' title='bbox 2025 3528 2282 3590; x_wconf 88' lang='lat' dir='ltr'><strong>spectavit</strong></span> <span class='ocrx_word' id='word_1_440' title='bbox 2313 3526 2556 3586; x_wconf 81' lang='lat' dir='ltr'><strong>assidue,’</strong></span> <span class='ocrx_word' id='word_1_441' title='bbox 2579 3540 2642 3575; x_wconf 88' lang='lat' dir='ltr'><strong>ac</strong></span> 
     </span>
     <span class='ocr_line' id='line_1_66' title="bbox 1583 3601 2642 3669; baseline -0.005 -15"><span class='ocrx_word' id='word_1_442' title='bbox 1583 3606 1871 3669; x_wconf 74' lang='lat' dir='ltr'><strong>praesertim</strong></span> <span class='ocrx_word' id='word_1_443' title='bbox 1896 3604 1959 3651; x_wconf 77' lang='lat' dir='ltr'><strong>tle</strong></span> <span class='ocrx_word' id='word_1_444' title='bbox 1980 3603 2214 3666; x_wconf 87' lang='lat' dir='ltr'><strong>Capreis,</strong></span> <span class='ocrx_word' id='word_1_445' title='bbox 2238 3602 2303 3651; x_wconf 86' lang='lat' dir='ltr'><strong>ad</strong></span> <span class='ocrx_word' id='word_1_446' title='bbox 2329 3604 2440 3652; x_wconf 81' lang='lat' dir='ltr'><strong>haec</strong></span> <span class='ocrx_word' id='word_1_447' title='bbox 2465 3601 2642 3657; x_wconf 81' lang='lat' dir='ltr'><strong>verba,</strong></span> 
     </span>
     <span class='ocr_line' id='line_1_67' title="bbox 1582 3677 2645 3745; baseline -0.007 -13"><span class='ocrx_word' id='word_1_448' title='bbox 1582 3683 1597 3708; x_wconf 92' lang='lat'>‘</span> <span class='ocrx_word' id='word_1_449' title='bbox 1618 3680 1894 3745; x_wconf 86' lang='lat' dir='ltr'><strong>Neapolim</strong></span> <span class='ocrx_word' id='word_1_450' title='bbox 1916 3677 2162 3742; x_wconf 84' lang='lat' dir='ltr'><strong>trajecit.&#39;</strong></span> <span class='ocrx_word' id='word_1_451' title='bbox 2227 3679 2304 3726; x_wconf 84' lang='lat' dir='ltr'><strong>Ex</strong></span> <span class='ocrx_word' id='word_1_452' title='bbox 2327 3677 2515 3741; x_wconf 90' lang='lat' dir='ltr'><strong>quibus</strong></span> <span class='ocrx_word' id='word_1_453' title='bbox 2539 3678 2645 3726; x_wconf 91' lang='lat' dir='ltr'><strong>col-</strong></span> 
     </span>
     <span class='ocr_line' id='line_1_68' title="bbox 1584 3752 2640 3821; baseline -0.005 -14"><span class='ocrx_word' id='word_1_454' title='bbox 1584 3759 1746 3821; x_wconf 84' lang='lat' dir='ltr'><strong>ligere</strong></span> <span class='ocrx_word' id='word_1_455' title='bbox 1780 3763 1880 3814; x_wconf 86' lang='lat' dir='ltr'><strong>est,</strong></span> <span class='ocrx_word' id='word_1_456' title='bbox 1900 3770 1965 3805; x_wconf 86' lang='lat' dir='ltr'><strong>ex</strong></span> <span class='ocrx_word' id='word_1_457' title='bbox 1988 3754 2163 3803; x_wconf 85' lang='lat' dir='ltr'><strong>insulis</strong></span> <span class='ocrx_word' id='word_1_458' title='bbox 2200 3753 2298 3801; x_wconf 87' lang='lat' dir='ltr'><strong>illis</strong></span> <span class='ocrx_word' id='word_1_459' title='bbox 2337 3752 2546 3801; x_wconf 88' lang='lat' dir='ltr'><strong>demum</strong></span> <span class='ocrx_word' id='word_1_460' title='bbox 2587 3754 2640 3802; x_wconf 90' lang='lat' dir='ltr'><strong>iu</strong></span> 
     </span>
     <span class='ocr_line' id='line_1_69' title="bbox 1583 3827 2639 3892; baseline -0.006 -9"><span class='ocrx_word' id='word_1_461' title='bbox 1583 3835 1936 3883; x_wconf 89' lang='lat' dir='ltr'><strong>continentem</strong></span> <span class='ocrx_word' id='word_1_462' title='bbox 1981 3829 2268 3892; x_wconf 86' lang='lat' dir='ltr'><strong>trajecisse,</strong></span> <span class='ocrx_word' id='word_1_463' title='bbox 2305 3827 2397 3876; x_wconf 89' lang='lat' dir='ltr'><strong>sed</strong></span> <span class='ocrx_word' id='word_1_464' title='bbox 2433 3829 2487 3876; x_wconf 87' lang='lat' dir='ltr'><strong>in</strong></span> <span class='ocrx_word' id='word_1_465' title='bbox 2525 3828 2639 3878; x_wconf 84' lang='lat' dir='ltr'><strong>illa·</strong></span> 
     </span>
     <span class='ocr_line' id='line_1_70' title="bbox 1585 3903 2639 3973; baseline -0.006 -13"><span class='ocrx_word' id='word_1_466' title='bbox 1585 3925 1695 3960; x_wconf 85' lang='lat' dir='ltr'><strong>rum</strong></span> <span class='ocrx_word' id='word_1_467' title='bbox 1721 3910 1891 3973; x_wconf 86' lang='lat' dir='ltr'><strong>aliqua</strong></span> <span class='ocrx_word' id='word_1_468' title='bbox 1912 3908 2092 3955; x_wconf 88' lang='lat' dir='ltr'><strong>saltem</strong></span> <span class='ocrx_word' id='word_1_469' title='bbox 2117 3904 2279 3955; x_wconf 87' lang='lat' dir='ltr'><strong>fuisse</strong></span> <span class='ocrx_word' id='word_1_470' title='bbox 2313 3903 2383 3969; x_wconf 91' lang='lat' dir='ltr'><strong>(si</strong></span> <span class='ocrx_word' id='word_1_471' title='bbox 2420 3905 2639 3970; x_wconf 84' lang='lat' dir='ltr'><strong>Capreis</strong></span> 
     </span>
     <span class='ocr_line' id='line_1_71' title="bbox 1583 3979 2635 4049; baseline -0.004 -13"><span class='ocrx_word' id='word_1_472' title='bbox 1583 4002 1684 4037; x_wconf 92' lang='lat' dir='ltr'><strong>non</strong></span> <span class='ocrx_word' id='word_1_473' title='bbox 1699 3985 1859 4049; x_wconf 84' lang='lat' dir='ltr'><strong>esset)</strong></span> <span class='ocrx_word' id='word_1_474' title='bbox 1873 3979 2349 4044; x_wconf 73' lang='grc' dir='ltr'><strong>οιιωἈι-ραγόπολιν</strong></span> <span class='ocrx_word' id='word_1_475' title='bbox 2360 3980 2515 4042; x_wconf 85' lang='lat' dir='ltr'><strong>dixit,</strong></span> <span class='ocrx_word' id='word_1_476' title='bbox 2535 3982 2635 4032; x_wconf 82' lang='lat' dir='ltr'><strong>boc</strong></span> 
     </span>
     <span class='ocr_line' id='line_1_72' title="bbox 1585 4057 2634 4122; baseline -0.005 -10"><span class='ocrx_word' id='word_1_477' title='bbox 1585 4071 1682 4119; x_wconf 85' lang='lat' dir='ltr'><strong>est,</strong></span> <span class='ocrx_word' id='word_1_478' title='bbox 1694 4063 1782 4111; x_wconf 82' lang='lat' dir='ltr'><strong>otii</strong></span> <span class='ocrx_word' id='word_1_479' title='bbox 1804 4075 1897 4110; x_wconf 88' lang='lat' dir='ltr'><strong>seu</strong></span> <span class='ocrx_word' id='word_1_480' title='bbox 1909 4060 2105 4108; x_wconf 71' lang='lat' dir='ltr'><strong>desidie</strong></span> <span class='ocrx_word' id='word_1_481' title='bbox 2120 4059 2391 4107; x_wconf 75' lang='lat' dir='ltr'><strong>ciuitatem.-</strong></span> <span class='ocrx_word' id='word_1_482' title='bbox 2424 4057 2634 4122; x_wconf 74' lang='grc' dir='ltr'><strong>ἀπραγία</strong></span> 
     </span>
     <span class='ocr_line' id='line_1_73' title="bbox 1580 4133 2555 4199; baseline -0.007 -10"><span class='ocrx_word' id='word_1_483' title='bbox 1580 4141 1716 4189; x_wconf 87' lang='lat' dir='ltr'><strong>enim</strong></span> <span class='ocrx_word' id='word_1_484' title='bbox 1738 4137 1921 4187; x_wconf 80' lang='lat' dir='ltr'><strong>desidia</strong></span> <span class='ocrx_word' id='word_1_485' title='bbox 1942 4142 2041 4199; x_wconf 89' lang='lat' dir='ltr'><strong>est,</strong></span> <span class='ocrx_word' id='word_1_486' title='bbox 2061 4133 2201 4183; x_wconf 76' lang='grc' dir='ltr'><strong>πόλις</strong></span> <span class='ocrx_word' id='word_1_487' title='bbox 2223 4148 2346 4183; x_wconf 87' lang='lat' dir='ltr'><strong>vero</strong></span> <span class='ocrx_word' id='word_1_488' title='bbox 2367 4135 2555 4184; x_wconf 74' lang='lat' dir='ltr'><strong>civitas.</strong></span> 
     </span>
    </p>

    <p class='ocr_par' dir='ltr' id='par_1_13' title="bbox 1579 4211 2633 4355">
     <span class='ocr_line' id='line_1_74' title="bbox 1643 4211 2631 4276; baseline -0.004 -13"><span class='ocrx_word' id='word_1_489' title='bbox 1643 4215 1668 4250; x_wconf 82' lang='lat'><strong>‘¹</strong></span> <span class='ocrx_word' id='word_1_490' title='bbox 1703 4213 1936 4276; x_wconf 73' lang='grc' dir='ltr'><strong>Κτιστὴν]</strong></span> <span class='ocrx_word' id='word_1_491' title='bbox 1955 4213 2167 4270; x_wconf 59' lang='lat' dir='ltr'><strong>Kriou-hs</strong></span> <span class='ocrx_word' id='word_1_492' title='bbox 2186 4215 2374 4261; x_wconf 78' lang='lat' dir='ltr'><strong>creator</strong></span> <span class='ocrx_word' id='word_1_493' title='bbox 2394 4211 2503 4259; x_wconf 85' lang='lat' dir='ltr'><strong>sive</strong></span> <span class='ocrx_word' id='word_1_494' title='bbox 2524 4225 2631 4259; x_wconf 76' lang='lat' dir='ltr'><strong>con·</strong></span> 
     </span>
     <span class='ocr_line' id='line_1_75' title="bbox 1579 4287 2633 4355; baseline -0.007 -12"><span class='ocrx_word' id='word_1_495' title='bbox 1579 4292 1707 4344; x_wconf 80' lang='lat' dir='ltr'><strong>ditor</strong></span> <span class='ocrx_word' id='word_1_496' title='bbox 1726 4288 1996 4355; x_wconf 78' lang='lat' dir='ltr'><strong>significat.</strong></span> <span class='ocrx_word' id='word_1_497' title='bbox 2015 4288 2284 4342; x_wconf 80' lang='lat' dir='ltr'><strong>Suetonius</strong></span> <span class='ocrx_word' id='word_1_498' title='bbox 2308 4293 2483 4339; x_wconf 85' lang='lat' dir='ltr'><strong>autem</strong></span> <span class='ocrx_word' id='word_1_499' title='bbox 2503 4287 2633 4339; x_wconf 84' lang='lat' dir='ltr'><strong>dicit</strong></span> 
     </span>
    </p>
   </div>
  </div>
 </body>
</html>
