3019 4922
541 383 671 450 346

542 541 635 606 Et
660 540 951 605 maxime
981 539 1352 606 delectatus
1395 546 1499 605 est
1547 536 1859 620 Raetico‚f
1895 558 2107 623 neque
2155 546 2396 605 temere
2446 540 2731 607 interdiu

542 645 762 708 bibit.⁷
826 643 959 708 Pro
986 645 1260 726 potione
1290 645 1596 709 sumebat
1626 643 1970 727 perfusum
1990 662 2167 726 aqua
2192 643 2430 726 frigida
2461 665 2729 728 panem,

544 754 662 811 aut
690 746 1060 810 cucumeris
1106 746 1441 824 frustum‚⁸
1486 746 1593 810 vel
1632 745 1985 810 lactuculae
2026 743 2423 828 thyrsum‚⁸¹¹
2463 752 2584 811 aut
2630 767 2730 810 re-

544 868 700 914 cens
731 850 1085 923 acidumve
1105 858 1133 900 ⁹
1159 869 1432 933 pomum
1455 845 1470 884 ⁵
1498 847 2098 938 succi-vincamus}
2120 846 2286 933 [28]
2319 849 2494 913 Post
2507 849 2729 915 cibum

1386 397 1452 445 G.
1488 394 1860 445 rsun'roml

1441 1029 1804 1051 ‘OMCNO‘OO

543 1150 691 1212 mibi,
730 1155 954 1198 testante
992 1149 1243 1200 Grnt.—⁷
1278 1149 1419 1213 Lips.
1456 1149 1635 1198 mallet
1657 1148 1918 1199 inter-bibit.
1986 1148 2115 1197 Tum
2142 1162 2230 1210 pro
2263 1147 2496 1211 positione
2516 1149 2729 1198 Merum.

535 1217 752 1279 portione
776 1214 870 1264 Ed.
894 1216 1162 1264 Paris.—-8
1194 1216 1498 1265 Lactncutam
1518 1220 1603 1264 aut
1620 1221 1798 1278 tyrsum
1820 1214 2241 1277 Cop.lactucu1am
2259 1218 2307 1261 et
2328 1213 2480 1278 thyrs.
2505 1215 2658 1263 vind.
2681 1220 2729 1266 2.

540 1281 735 1329 Medic.
782 1285 829 1330 8.
867 1287 921 1330 et
958 1283 1006 1328 1.
1041 1280 1138 1329 nisi
1178 1280 1314 1344 qnod
1370 1280 1666 1329 lactuculam.
1735 1278 1816 1328 Ad
1869 1295 2009 1328 oram
2062 1279 2158 1328 Ed.
2203 1280 2383 1342 Steph.
2416 1293 2554 1329 man.
2589 1280 2727 1331 doct.

539 1347 792 1395 lactuculas
820 1351 867 1394 et
896 1345 1228 1409 thyrsum—9
1262 1344 1522 1394 Aridumve
1555 1344 1765 1394 Memm.
1800 1344 1991 1394 Medic.
2029 1351 2097 1393 tr.
2128 1350 2350 1408 uterque
2373 1343 2531 1394 Vind.
2567 1344 2727 1396 Polit.

541 1411 711 1458 Periz.
752 1425 844 1473 pro
885 1425 932 1457 v.
969 1413 1003 1460 l.
1026 1411 1176 1460 Voss.
1206 1411 1330 1460 Mss.
1369 1409 1587 1460 Casaub.
1622 1411 1797 1458 Burm.
1829 1411 1943 1459 Pal.
1980 1414 2030 1458 2.
2066 1413 2113 1458 3.
2145 1416 2200 1457 et
2239 1413 2286 1457 1.
2312 1424 2343 1458 a
2374 1423 2480 1457 sec.
2517 1425 2586 1458 m.
2613 1426 2726 1460 cum

542 1476 679 1525 Edd.
705 1477 834 1525 Ven.
871 1476 1013 1525 Med.
1043 1476 1188 1525 Cald.
1223 1475 1577 1540 pluribusque,
1601 1475 1892 1537 probantib.
1918 1474 2059 1523 Oud.
2078 1481 2132 1522 et
2154 1473 2310 1522 Wolf.
2356 1475 2505 1523 Torr.
2529 1476 2611 1523 vel
2628 1479 2727 1525 ori-

538 1545 651 1589 dum
684 1542 763 1589 vel
787 1541 969 1589 saltem
990 1542 1261 1605 acidumque
1295 1539 1528 1604 praefert,
1551 1540 1634 1590 cni
1667 1540 1718 1588 in
1749 1542 1844 1590 hoc
1879 1540 2187 1600 astipulatur
2221 1539 2359 1588 Oud.
2413 1538 2474 1587 In
2511 1540 2625 1603 Cuj.
2655 1557 2729 1590 re-

538 1621 665 1662 cens,
696 1607 820 1654 arid.
852 1611 900 1655 et
917 1621 956 1654 s.
986 1623 1031 1655 υ.
1060 1607 1215 1656 Viud.
1258 1610 1302 1654 1.
1339 1611 1512 1654 tirsum
1543 1620 1721 1667 recens,
1742 1606 1928 1654 aridam
1961 1606 2035 1653 vel
2051 1620 2101 1667 p.
2139 1604 2309 1667 Marg.
2343 1603 2544 1668 Gryph.
2583 1609 2728 1657 1539.

540 1670 753 1720 exhibet
784 1672 1045 1736 aridumve,
1087 1671 1371 1735 probatque
1410 1670 1683 1726 Christius,
1727 1670 1820 1720 sed
1870 1671 1998 1720 Ern.
2042 1669 2283 1717 mendose
2334 1683 2427 1731 pro
2478 1669 2728 1721 avidamus

539 1737 882 1798 perscriptum
939 1738 1140 1786 suadet.
1181 1737 1319 1796 Lips.
1362 1736 1496 1798 conj.
1525 1736 1827 1800 floridamve.
1896 1737 2077 1784 Nostr.
2130 1733 2350 1798 denique
2385 1733 2510 1784 lect.
2580 1744 2730 1783 tuen-

536 1811 626 1850 tur
667 1801 800 1851 Edd.
847 1804 992 1852 Rom.
1030 1802 1194 1867 Lugd.
1240 1802 1414 1852 Dolet.
1459 1800 1662 1865 Gryph.
1702 1802 1826 1852 Bas.
1864 1800 2029 1850 Cotin.
2067 1806 2123 1848 et
2155 1804 2377 1849 recentt.
2417 1801 2573 1849 etiam
2608 1801 2730 1849 Var.

1524 1958 1735 2010 No'rAE

537 2073 664 2122 duas
687 2074 862 2123 valens
883 2075 1078 2138 unciaS,
1102 2083 1160 2124 ut
1187 2082 1242 2124 et
1265 2087 1354 2122 vas
1374 2072 1592 2122 duorum

537 2167 702 2215 capax
727 2154 1044 2216 cyathorum,
1071 2151 1204 2216 quod
1228 2151 1422 2200 sexties
1445 2165 1592 2215 repe·

538 2231 692 2279 titum
734 2230 940 2279 sextarii
983 2244 1275 2278 mensuram
1317 2229 1593 2293 aequabat;

536 2321 654 2358 cum
699 2308 834 2356 enim
879 2314 1101 2371 cognata
1148 2308 1218 2355 sit
1256 2313 1313 2356 et
1356 2320 1594 2372 connexa

536 2384 822 2447 ponderum
864 2399 926 2433 ac
965 2397 1316 2432 mensurarum
1355 2383 1508 2444 ratio,
1549 2383 1593 2432 si

536 2464 736 2525 pondus
762 2477 1012 2512 mensurae
1036 2461 1409 2526 componimus,
1432 2476 1592 2526 quau-

532 2544 588 2587 ta
610 2540 753 2589 librae
773 2553 890 2602 pars
914 2549 995 2588 est
1014 2539 1185 2594 uncia,
1203 2546 1352 2587 tanta
1375 2539 1591 2602 cyathus

533 2625 615 2674 est
636 2618 885 2678 sextarii3
917 2617 999 2665 hic
1023 2616 1217 2680 quippe
1250 2615 1302 2664 in
1326 2615 1593 2666 duodenos

533 2693 749 2755 cyathos
773 2693 1053 2743 dividitur:
1086 2692 1337 2756 legendus
1360 2693 1591 2755 Budaeus

531 2768 621 2818 lib.
649 2783 705 2818 v.
729 2769 795 2818 de
816 2783 947 2818 asse.
993 2769 1267 2820 sextarius
1291 2777 1465 2821 autem
1490 2771 1593 2821 Ro-

528 2859 735 2910 manus,
759 2845 962 2897 Isidoro
986 2853 1143 2911 teste,
1162 2849 1288 2897 duas
1313 2848 1469 2898 libras
1487 2848 1592 2899 Ro-

529 2936 729 2984 manas,
765 2923 861 2973 boc
888 2930 970 2973 est
1004 2927 1086 2974 24.
1119 2925 1298 2974 uncias
1321 2925 1594 2997 appendit,

526 3006 782 3062 quantum
824 3014 971 3063 aquas
1012 3001 1214 3064 pondus
1247 3015 1360 3051 eam
1382 3005 1591 3054 omnino

530 3089 822 3124 mensuram
876 3077 1076 3140 implet,
1106 3080 1189 3142 (nt
1232 3079 1590 3141 experimento

532 3151 754 3215 probare
780 3160 1035 3214 promtum
1074 3152 1202 3218 est,)
1225 3169 1380 3218 quam
1415 3164 1591 3208 ternos

528 3226 968 3278 semisextariolos
999 3230 1175 3295 lingua
1199 3234 1478 3283 vernacula
1505 3249 1586 3284 ur.

527 3303 612 3362 bis
634 3304 941 3355 Parisiensis
962 3309 1213 3373 appellat,
1229 3325 1342 3373 quae
1361 3310 1590 3375 largissi-

528 3396 613 3431 ma
636 3381 737 3433 fuit
760 3383 984 3448 Augusti
1009 3385 1060 3435 in
1085 3386 1308 3439 bibendo
1330 3404 1589 3456 mensura,

524 3474 681 3524 quam
696 3466 752 3510 et
768 3461 986 3512 honeste
1005 3462 1304 3515 bibentibus
1321 3465 1589 3517 suffecisse

527 3537 786 3588 Horatius
824 3540 995 3590 innuit
1028 3542 1140 3593 Sat.
1160 3555 1199 3593 1.
1230 3543 1246 3571 ‘
1266 3543 1589 3595 Paniserna-

528 3621 618 3664 tur
644 3616 777 3676 olus,
810 3615 915 3665 vini
948 3617 1235 3681 sextarius-‚⁹
1268 3622 1368 3669 ὅτε.
1435 3619 1586 3671 Idem

527 3692 594 3740 de
619 3692 801 3741 Tacito
837 3693 1153 3756 imperatore
1176 3695 1435 3759 Vopiscus
1466 3711 1585 3745 nar-

529 3773 643 3814 rat:
690 3770 706 3796 ‘
735 3767 834 3817 fuit
877 3768 983 3818 vita
1022 3770 1366 3834 parcissimus,
1415 3772 1489 3821 ita
1529 3780 1588 3821 ut

532 3844 813 3893 sextarium
838 3845 941 3894 vini
968 3853 1081 3895 tota
1103 3846 1190 3895 die
1228 3861 1328 3897 non
1370 3855 1584 3911 potave-

528 3919 636 3972 rit,'
651 3923 749 3968 ὅτε.
780 3922 1017 3978 Trientes
1038 3923 1218 3984 igitur,
1235 3924 1585 3990 Quincunces,

528 3994 791 4056 Deunces,
828 4012 951 4046 vasa
988 4012 1191 4062 quoque
1227 4009 1349 4049 sunt
1384 4003 1588 4064 potoria

527 4068 747 4117 totidem
783 4072 1107 4136 cyathorum,
1147 4075 1284 4127 unde
1326 4076 1586 4127 Martialis

526 4145 685 4205 Epig.
720 4149 800 4194 28.
832 4146 922 4194 lib.
958 4161 1059 4197 ιιι.
1098 4151 1356 4213 quendam
1396 4156 1586 4218 carpit,

527 4220 544 4248 ‘
566 4219 704 4268 Poto
726 4236 822 4284 ego
839 4231 1125 4289 sextantes,
1144 4234 1199 4276 tu
1221 4236 1389 4292 potas,
1406 4231 1585 4294 Cinna,

530 4294 790 4345 deunces.’

1738 2072 1758 2105 f
1775 2074 1987 2139 Retico]
2014 2074 2202 2124 Strabo
2223 2073 2312 2124 lib.
2327 2087 2405 2122 tv.
2426 2079 2613 2123 auctor
2630 2079 2728 2136 est,

1672 2150 1840 2199 vinum
1859 2152 1984 2200 illud
2005 2167 2034 2201 e
2051 2152 2363 2201 Raeticorum
2382 2152 2631 2199 urentium
2652 2164 2730 2199 ra-

1670 2228 1870 2279 dicibus
1897 2229 2149 2279 Veronam
2179 2244 2335 2294 usque
2372 2228 2534 2291 nasci,
2571 2241 2727 2292 gene·

1672 2305 1902 2370 rosisque
1944 2306 2108 2356 Italiae
2152 2306 2280 2356 vinis
2319 2311 2588 2354 accenset.
2666 2304 2729 2352 In

1671 2383 1914 2447 Augusti,
1953 2393 2010 2434 ut
2053 2384 2342 2433 verosimile
2376 2389 2474 2447 est,
2510 2381 2728 2445 gratiam

1670 2461 1797 2512 illud
1850 2478 2052 2530 quoque
2097 2463 2342 2527 Virgilius
2393 2460 2626 2511 laudavit
2679 2461 2727 2510 in

1671 2539 1961 2606 Georgicis,
1973 2546 1988 2570 ‘
2004 2541 2108 2591 Sed
2125 2556 2227 2605 quo
2242 2550 2295 2591 te
2309 2540 2535 2591 carmine
2544 2539 2729 2601 dicam,

1670 2617 1872 2667 Raetica
1886 2619 1905 2668 ἒ
1921 2632 2021 2667 nec
2042 2618 2188 2668 cellis
2210 2617 2330 2668 ideo
2352 2616 2616 2667 contende
2633 2617 2727 2665 Fa·

1668 2694 1838 2746 lenis.'

1733 2776 1760 2814 Ι
1808 2770 2083 2820 Cacumen-is
2113 2769 2355 2835 ¹frustum]
2411 2770 2728 2821 cucumeres

1667 2847 1882 2905 Tiberio
1897 2863 2097 2913 quoque
2115 2848 2324 2898 fuerunt
2343 2849 2393 2897 in
2414 2847 2655 2909 deliciis3
2678 2855 2731 2897 et

1667 2926 1885 2991 lactucis
1905 2925 2195 2990 Augustum
2219 2923 2448 2975 servavit
2468 2923 2729 2977 Antonius

1665 3002 1844 3065 Musa,
1863 3002 1929 3051 de
1949 3017 2051 3067 quo
2072 3017 2230 3066 supra
2249 3016 2296 3052 c.
2313 3006 2396 3052 69.

1732 3077 1757 3111 ¹²
1795 3080 2050 3144 Thyrsam]
2081 3080 2308 3143 Thyrsus
2329 3080 2598 3142 dequavis
2615 3081 2731 3133 her·

1665 3154 1755 3219 ba,
1770 3155 1861 3205 sed
1887 3156 1954 3206 de
1978 3158 2177 3207 lactuca
2202 3158 2495 3221 presertim
2511 3157 2730 3222 dicitur,

1668 3241 1853 3298 estque
1873 3234 2033 3284 caulis
2058 3235 2166 3283 sive
2183 3248 2372 3298 scapus
2396 3234 2533 3284 illius
2550 3237 2600 3284 le
2613 3233 2731 3295 cote,

1663 3309 1779 3361 sive
1811 3311 1858 3361 ta
1892 3313 2013 3372 rige,
2035 3308 2101 3358 ad
2131 3309 2519 3360 similitudinem
2543 3311 2729 3375 Thyrsi

1662 3386 1924 3445 bacchici,
1958 3388 2043 3452 qni
2066 3388 2212 3438 hasta
2231 3388 2468 3451 quaedam
2492 3396 2578 3447 est
2599 3389 2728 3451 Bac·

1668 3465 1763 3514 cbo
1784 3479 1949 3514 sacra.
1987 3464 2189 3513 Plinius
2211 3465 2300 3513 lib.
2323 3477 2446 3515 xxx.
2464 3479 2512 3514 c.
2532 3470 2583 3515 8.
2604 3465 2728 3515 ‘Di-

1661 3556 1761 3591 vus
1780 3549 1926 3592 certe
1945 3541 2207 3605 Augustus
2232 3543 2437 3592 lactuca
2451 3557 2727 3593 conserva-

1661 3627 1751 3665 tus
1792 3617 1844 3666 in
1897 3616 2206 3680 aegritudine
2239 3615 2406 3675 fertur
2444 3618 2729 3681 prudentia

1665 3693 1836 3743 Musae
1873 3692 2098 3743 medici.'
2162 3694 2244 3743 De
2268 3708 2369 3758 quo
2392 3708 2555 3758 supra
2576 3710 2626 3747 c.
2648 3699 2727 3746 59.

1661 3777 1721 3821 *et
1743 3768 1879 3818 infra
1901 3786 1947 3819 c.
1968 3773 2048 3819 81.

1728 3846 1743 3880 ¹
1776 3847 2035 3896 Acidumve
2067 3846 2278 3910 pomum]
2330 3847 2642 3899 Torrentius
2676 3848 2724 3896 in

1667 3923 1835 3972 tribus
1858 3925 1990 3972 Mss.
2014 3925 2139 3986 legit
2161 3926 2363 3973 acidum.
2398 3924 2537 3976 Quia
2557 3934 2724 3981 tamen

1659 3999 1868 4049 ‚acidum
1903 4013 2131 4063 pomum,
2155 4008 2209 4049 et
2230 3999 2372 4049 succi
2396 4000 2568 4048 vinosi
2588 4000 2725 4049 idem

1653 4089 1778 4125 „esse
1801 4075 2062 4136 videntur,
2096 4089 2162 4124 ne
2201 4075 2435 4124 abundet
2472 4076 2580 4124 ulla
2608 4090 2724 4131 vox,

1664 4152 1857 4202 retinet
1884 4152 2087 4205 aridam,
2114 4152 2212 4200 boe
2236 4164 2422 4199 sensu:
2461 4150 2723 4199 Autumno

1663 4228 1953 4293 quibusque
1973 4229 2137 4290 pomis
2161 4228 2450 4291 promiscue
2478 4227 2721 4276 utebatur

1664 4305 1950 4370 Augustus,
1959 4305 2095 4371 quod
2114 4318 2299 4370 nempe
2316 4311 2442 4354 tunc
2460 4305 2719 4368 temporis,
