3019 4922
1235 423 1528 473 snmus.
2354 422 2481 485 159

253 553 264 566 ”
288 556 372 635 Q.
399 557 723 625 Maximo
745 569 767 597 0
798 562 1098 643 suffecto,
1131 567 1564 655 trimestriqne
1587 580 1639 610 ¹⁰
1657 569 1684 607 ‘¹
1714 572 2004 642 Consule
2026 579 2352 645 theatrum
2379 583 2479 647 in-

289 660 608 739 troduntQ
658 685 808 728 cum
851 667 1041 731 lictor
1086 671 1584 738 animadverti*
1611 696 1700 740 ex
1740 688 1958 744 rnore¹
2001 681 2346 764 jussisset,
2390 688 2476 750 ab

288 766 615 829 universis
668 769 1155 835 conclamatum
1203 781 1326 851 est,
1373 775 1483 839 ‘N
1487 796 1574 841 on
1614 798 1767 846 esse
1801 780 2198 849 Consulemf
2237 786 2428 849 eum.’
2452 796 2478 824 ²

289 866 456 931 Post
488 879 829 936 remotosg
876 872 1280 942 Caesetium³
1317 885 1386 944 et
1416 880 1779 946 Marullum
1809 885 2172 965 Tribunos,
2218 898 2477 972 reperta

286 981 439 1042 sunt
467 975 803 1057 proximis
834 979 1123 1044 comitiis
1146 978 1194 1064 ¹¹⁷
1218 985 1566 1067 complura
1609 988 1946 1072 suffragia,
1995 990 2322 1057 Consules
2353 1013 2475 1057 eos

1194 1162 1251 1181 θ’
1257 1162 1560 1185 ΙΜΝΝΟ

283 1274 342 1319 10
375 1271 527 1322 Τοι·1·.
553 1272 763 1337 legebat
787 1278 916 1327 crim.
942 1278 1051 1327 sine
1076 1283 1283 1343 copula.
1322 1286 1502 1336 Edidit
1528 1290 1667 1341 Oud.
1689 1293 2000 1356 trimenstriq.
2026 1292 2126 1342 fide
2152 1295 2303 1345 codd.
2340 1296 2474 1345 Pau·

282 1336 329 1383 lo
352 1345 473 1385 ante
501 1354 598 1401 pro
621 1340 820 1404 suffecto
835 1343 984 1394 Vind.
1006 1350 1056 1394 2.
1083 1354 1138 1396 et
1154 1349 1295 1401 Cort.
1319 1351 1649 1415 suffectio.--l
1676 1359 1889 1407 Memm.
1905 1375 1964 1407 ex
1979 1362 2320 1416 monet-emme
2340 1363 2476 1424 conj.

281 1401 455 1452 Burm.
478 1419 545 1459 ex
564 1421 768 1458 munere.
832 1410 960 1457 Tum
994 1413 1300 1464 acclamatum
1329 1417 1493 1468 Rhed.
1518 1424 1667 1471 2.-2
1705 1423 1940 1473 Malebat
1961 1426 2108 1473 Torr.
2131 1441 2224 1475 mm
2246 1442 2345 1475 esse
2366 1441 2472 1474 eum

285 1466 419 1516 cons.
444 1470 738 1520 accedente
775 1474 913 1535 Lips.
937 1484 988 1523 et
1012 1477 1084 1524 sic
1109 1480 1324 1530 Memm.
1352 1492 1457 1532 tres
1497 1486 1691 1536 Medic.
1728 1490 1871 1538 Cort.
1903 1491 2051 1539 Voss.
2086 1492 2204 1540 Pin.
2271 1491 2344 1540 At
2375 1492 2474 1539 Ed.

282 1539 496 1595 utraque
521 1535 671 1585 Rom.
692 1552 790 1586 non
815 1539 970 1589 habet
992 1552 1381 1602 pronomem—3
1408 1550 1622 1600 Variant
1648 1554 1798 1602 codd.
1821 1556 1871 1604 11.
1892 1556 1925 1603 l.
1945 1564 2004 1604 ut
2025 1571 2176 1619 supra
2199 1571 2246 1606 c.
2270 1561 2352 1605 79.
2378 1558 2476 1604 nisi

277 1598 409 1659 quod
438 1600 693 1652 Caecitinrm
716 1604 906 1667 Copes.
960 1608 1217 1659 Manilium
1238 1612 1397 1664 vind.
1422 1618 1472 1665 2.
1532 1617 1666 1667 Dein
1680 1634 1980 1682 ,praenomen
2003 1621 2062 1670 L.
2089 1622 2238 1672 deest
2259 1623 2475 1676 Con.—

195 2474 198 2477 .
276 2434 393 2486 titi!

277 1894 495 1944 nominis
523 1899 832 1951 vestimento
864 1902 939 1950 usi
980 1903 1104 1967 sint,
1134 1905 1338 1970 Scythae

278 1985 323 2018 v.
348 1986 397 2033 g.
422 1979 481 2022 ut
509 1976 996 2040 testatug,0vidins
1039 1980 1089 2029 in
1124 1982 1337 2032 Tristib.

277 2047 359 2095 lib.
381 2064 431 2096 v.
468 2051 619 2115 Eleg.
642 2056 691 2102 7.
723 2053 739 2081 ‘
763 2054 992 2105 Pellibus
1016 2066 1071 2108 et
1109 2061 1240 2109 laxis
1265 2077 1340 2110 ar·

275 2134 393 2174 cent
418 2128 555 2176 mala
578 2127 775 2191 frigora
797 2131 1003 2182 bracis!
1055 2135 1121 2184 Et
1142 2137 1340 2186 Sarma-

203 2243 210 2254 ,
277 2209 360 2263 tae,
398 2213 458 2252 nt
501 2204 819 2269 Pomponius
858 2209 1040 2260 Mela:
1093 2212 1109 2239 ‘
1136 2213 1337 2265 bracati

277 2280 432 2341 sunt,'
471 2282 661 2343 inquit,
696 2284 980 2337 ‘Sarmatae
1020 2294 1185 2338 totum
1226 2306 1339 2341 cor·

279 2374 408 2421 pns3
444 2361 545 2409 nisi
578 2377 680 2426 qna
716 2363 890 2416 vident
926 2367 1083 2416 etiam
1116 2384 1204 2419 ora
1231 2386 1337 2421 ves-

464 2438 615 2488 Unde
653 2441 864 2503 colligas
905 2444 1189 2496 tunicarum
1225 2448 1338 2499 loco

273 2512 421 2562 fuisse
444 2515 648 2574 bracas,
666 2518 798 2582 quod
820 2521 1065 2572 Suetonio
1082 2527 1339 2591 convenit,

274 2605 366 2653 pro
407 2592 468 2640 iis
507 2593 757 2657 siqnidem
794 2597 950 2646 latum
979 2601 1179 2650 clavum
1204 2618 1340 2652 sum-

277 2676 378 2717 tum
402 2679 603 2730 narrat,
637 2686 789 2736 quem
815 2673 976 2724 fuisse
1003 2678 1250 2741 tunicam,
1272 2696 1337 2729 ex

276 2762 391 2809 cap.
414 2752 499 2798 45.
538 2764 699 2812 snpra
737 2759 792 2801 et
829 2767 893 2800 ex
932 2769 1049 2819 cap.
1081 2761 1163 2806 38.
1203 2759 1336 2822 Aug.

276 2835 514 2875 constat:
555 2843 845 2893 quanquam
886 2830 1009 2890 sint,
1042 2834 1129 2898 qui
1156 2834 1335 2885 bracas

277 2915 365 2963 pro
411 2903 735 2965 periscelidis
774 2907 1056 2972 accipiant,
1097 2912 1194 2961 hoc
1235 2920 1333 2971 est,

276 2993 365 3040 pro
402 2978 758 3044 femoralibus,
790 2984 974 3048 quibus
1012 3002 1161 3038 crura
1196 2991 1335 3040 vela·

276 3053 480 3104 bantur.
546 3059 631 3106 De
656 3059 840 3122 quibus
878 3061 929 3111 in
958 3062 1087 3127 Aug.
1112 3081 1226 3130 cap.
1250 3073 1330 3120 82.

336 3138 357 3164 ⁶
392 3132 454 3188 Q.
493 3133 737 3197 Maximo]
771 3136 856 3185 De
892 3153 993 3203 quo
1027 3154 1184 3205 snpra
1217 3158 1331 3209 cap.

275 3210 354 3256 ⁷6.

215 3344 219 3349 μ
333 3286 357 3320 ‘¹
394 3286 674 3352 Trimestri]
731 3290 912 3341 Pridie
952 3294 1173 3345 Kalend.
1209 3298 1330 3349 Jan.

275 3362 482 3425 obiisse,
514 3379 670 3428 snpra
707 3381 824 3429 cap.
845 3372 927 3419 76.
962 3379 1197 3423 notatum
1229 3384 1331 3437 est,

274 3446 326 3487 et
369 3454 432 3488 ex
472 3441 745 3503 Cicerone,
789 3444 901 3493 loco
945 3462 1063 3496 mox
1099 3450 1328 3514 laudato,

274 3525 495 3567 constat.
560 3519 676 3568 Uno
719 3519 881 3583 igitur
922 3538 1097 3574 mense
1144 3524 1330 3577 suffec-

274 3601 377 3642 tum
404 3597 654 3659 oportuit,
681 3613 781 3661 quo
804 3601 960 3649 etiam
989 3611 1222 3667 ternpore
1262 3621 1328 3654 ex

273 3669 525 3734 Hispania
549 3674 807 3724 Caesarem
845 3678 1056 3729 rediisse
1100 3682 1202 3731 Dio
1241 3697 1329 3733 an-

274 3751 486 3797 notavit.

333 3832 354 3857 ²
374 3825 737 3891 Animadverti]
766 3829 988 3882 Solenne
1016 3835 1228 3886 verbum
1252 3843 1332 3888 est

272 3901 487 3964 lictoris,
523 3905 731 3955 turbam
779 3907 1087 3960 adveniente
1119 3915 1331 3965 consule

274 3980 659 4037 summoventis,
694 3987 749 4030 et
781 3983 857 4031 sui
898 4000 1152 4052 quemque
1177 3987 1332 4040 officii

274 4056 615 4107 admonentis.
682 4058 870 4111 Horat.
900 4062 1005 4112 Od.
1040 4067 1119 4114 16.
1157 4066 1245 4117 lib.
1269 4081 1331 4116 11.

273 4134 288 4158 ‘
314 4134 429 4184 Non
472 4135 610 4184 enim
649 4151 811 4201 gazae,
851 4153 1019 4204 neque
1056 4144 1330 4194 consularis

274 4208 567 4261 Summovet
621 4213 775 4263 lictor
826 4215 1040 4268 miseros
1082 4223 1329 4272 tumultus

276 4286 500 4340 Menti5.'
570 4289 829 4340 Lictorem
868 4295 1174 4361 quandoque
1208 4312 1329 4348 con·

181 4421 198 4429 ,
279 4366 352 4414 sul
398 4367 507 4432 ipse
542 4366 766 4431 jubebat
811 4370 1242 4442 animadvertere,
1288 4376 1331 4426 si

1422 1912 1547 1975 qnid
1586 1914 1722 1977 qnod
1758 1923 1940 1965 contra
1979 1917 2287 1979 dignitatem
2334 1926 2474 1969 esset

1420 1989 1711 2039 omitteret:
1736 1994 2025 2058 exemplum
2048 1995 2202 2044 habes
2234 1994 2361 2045 Livii
2386 1997 2473 2047 lib.

1423 2077 1584 2116 xxw.
1608 2068 1672 2116 de
1698 2069 1869 2118 Fabiis
1893 2079 2040 2133 patre
2065 2081 2119 2121 et
2141 2071 2269 2135 filio,
2288 2080 2343 2123 et
2368 2075 2474 2124 Va-

1418 2144 1515 2192 ler.
1537 2145 1628 2197 lib.
1648 2160 1711 2197 n.
1741 2162 1854 2211 cap.
1877 2152 1927 2199 2.

1483 2219 1503 2254 ¹
1520 2223 1634 2272 Non
1653 2239 1751 2274 esse
1775 2228 2043 2292 Consulem]
2071 2227 2296 2293 Propter
2317 2230 2475 2279 ratio·

1419 2312 1509 2347 nes
1531 2315 1686 2364 supra
1709 2317 1823 2367 cap.
1845 2307 1925 2354 76.
1961 2306 2157 2356 allatas.
2224 2306 2364 2357 Hinc
2389 2307 2474 2356 Ci-

1418 2389 1541 2424 cero
1565 2378 1744 2428 Famil.
1775 2380 1866 2430 lib.
1891 2395 1996 2432 vu.
2033 2382 2199 2445 Epist.
2222 2386 2302 2431 31.
2337 2385 2353 2410 ‘
2375 2384 2475 2433 Co·

1417 2453 1577 2504 mitiis
1602 2456 1907 2507 Quaestoriis
1947 2458 2214 2516 institutiS,
2252 2460 2376 2509 sella
2407 2463 2475 2512 Q.

1418 2531 1658 2594 Maximi,
1691 2547 1844 2597 quem
1880 2535 1953 2583 illi
1979 2537 2237 2585 consulem
2262 2552 2376 2586 esse
2397 2538 2476 2585 di-

1417 2606 1645 2665 cebant‚’
1666 2613 1761 2659 &c.
1787 2610 2088 2660 absentibus
2112 2614 2245 2661 enirn
2270 2615 2474 2663 lionoris

1416 2697 1588 2743 carisa,
1621 2700 1711 2733 sua
1735 2687 1860 2734 sella
1883 2688 2184 2750 ponebatur.
2260 2698 2261 2701 ’

1481 2768 1507 2803 s
1543 2761 1658 2808 Post
1688 2765 1914 2827 remotos]
1964 2765 2108 2813 Male
2141 2765 2348 2830 qnidam
2374 2781 2472 2816 non

1418 2835 1807 2900 distinguebant
1828 2840 1920 2888 has
1945 2855 2099 2890 voces
2123 2857 2152 2890 a
2177 2842 2475 2906 praeceden-

1418 2912 1588 2961 tibus:
1626 2921 1820 2977 puncto
1849 2917 1980 2964 enim
2014 2907 2314 2981 separandae
2352 2926 2474 2969 sunt

1416 2978 1656 3051 omnin03
1693 2992 1744 3040 in
1779 2991 1918 3041 illam
1953 2993 2204 3058 siquidem
2227 2995 2474 3046 offensam

1417 3065 1609 3116 tribuni
1633 3069 1858 3118 nondum
1878 3071 2222 3136 incurrerant,
2241 3067 2356 3123 curii
2376 3076 2472 3124 Fa-

1416 3145 1532 3194 bius
1558 3145 1703 3195 obiit.

1478 3221 1501 3254 *¹
1538 3224 1779 3274 Proximis
1801 3226 2046 3290 Comitiis]
2095 3228 2212 3279 Hoc
2245 3236 2328 3279 est
2357 3245 2471 3294 qnae

1416 3300 1649 3363 proxime
1687 3303 1921 3354 insecuta
1953 3315 2074 3355 sunt
2097 3310 2474 3357 exauctoratio-

1415 3391 1530 3425 nem
1572 3379 1781 3427 Caesetii
1821 3387 1876 3428 et
1920 3382 2166 3430 Marulli:
2220 3383 2473 3432 Kalendis

1413 3457 1599 3516 nempe
1629 3454 1892 3505 Januariis
1930 3459 2290 3509 indicebantur
2323 3459 2472 3509 feriae

1413 3530 1634 3585 Latinae,
1668 3540 1723 3580 et
1759 3533 1960 3582 recenti
1997 3535 2277 3584 etiamnum
2311 3544 2471 3585 tantae

1411 3607 1673 3670 superbiae
1705 3607 1824 3656 odio
1859 3610 2195 3672 procliviores
2230 3611 2296 3659 ad
2334 3612 2470 3674 ejus-

1410 3682 1550 3733 modi
1585 3681 1830 3748 snffragia
1865 3684 2074 3734 fuerunt
2112 3687 2283 3733 animi.
2352 3687 2469 3737 Quo

1411 3759 1748 3810 confirmatur
1768 3761 2056 3812 casauboni
2079 3763 2357 3825 sententia,
2381 3778 2471 3811 ex-

1411 3836 1691 3888 istimantis
1717 3839 1832 3887 haec
1856 3837 2064 3886 comitia
2086 3838 2318 3900 legitimo
2342 3849 2471 3889 tem-

1414 3914 1525 3977 pori
1547 3928 1648 3964 non
1673 3922 1953 3978 reservata,
1982 3916 2072 3965 sed
2098 3923 2219 3965 ante
2243 3930 2469 3968 mensem

1414 3992 1680 4048 Martium,
1715 4001 1804 4041 ant
1836 3994 1949 4056 ipso
1973 3993 2084 4056 ejus
2107 3993 2254 4044 initio
2274 3994 2468 4051 habita,

1412 4075 1466 4115 et
1508 4070 1800 4123 accelerata
1834 4077 2049 4133 propter
2082 4070 2466 4123 festination'em

1413 4145 1648 4194 Parthici
1687 4145 1828 4208 belli,
1860 4147 1926 4196 ad
1965 4148 2102 4213 qnod
2139 4149 2304 4212 primo
2344 4166 2468 4200 vere

1412 4219 1734 4285 profecturus
1774 4230 1903 4274 erat.
1968 4226 2023 4275 Si
2069 4228 2276 4291 quidem
2319 4229 2465 4277 illum

1413 4308 1636 4364 quatuor
1667 4315 1769 4350 non
1801 4304 2021 4368 amplius
2040 4305 2222 4355 diebus
2245 4319 2465 4370 occupa-

1413 4389 1534 4427 vere
1559 4380 1856 4444 conspirati.
