3019 4922
509 444 643 511 514

517 603 788 691 quenda
816 602 1147 668 curarent.
1235 589 1404 678 [64]
1455 590 1723 660 Nurum
1751 607 1834 654 ac
1862 587 2144 670 nepotes
2167 579 2196 644 ¹2
2219 598 2553 665 nunquam
2584 578 2705 643 ali·

514 714 616 774 ter
643 710 800 792 post
829 700 1346 775 damnationem,
1393 714 1600 781 quam
1643 694 2005 767 catenatos,
2050 688 2431 769 obsutaque
2450 688 2476 717 ²
2498 689 2541 717 ¹¹¹
2569 680 2706 745 lec-

516 811 682 889 tica,
723 808 878 873 loco
919 802 1168 883 movit;
1213 785 1567 886 prohibitis
1613 816 1730 881 per
1760 793 2038 860 militem
2070 788 2292 854 obviis
2324 805 2406 850 ac
2434 783 2710 848 viatori-.-

514 915 648 979 bus
676 909 1007 993 respicere
1039 924 1348 989 usquam,
1393 885 1501 966 ve⁸l
1539 897 1931 964 consistere.
2018 893 2185 974 [65.]
2232 882 2573 974 Sejanum,
2603 903 2711 947 res

517 1033 736 1081 novas
764 1011 1175 1083 molientem,
1222 1004 1530 1090 quamvis
1568 1000 1715 1087 jam
1760 1002 1859 1064 et³
1905 996 2194 1061 natalem
2227 992 2420 1077 ejus¹¹
2450 987 2715 1072 publice

521 1116 857 1191 celebrari,
886 1119 958 1207 et
988 1111 1317 1193 imagines
1349 1126 1587 1174 aureas
1607 1112 1633 1140 ⁰
1665 1102 1803 1169 coli
1830 1099 2093 1186 passim
2123 1095 2401 1171 videret,-
2429 1093 2551 1156 vix
2576 1097 2717 1153 tan-

518 1219 696 1298 dem,
745 1223 812 1283 et
854 1222 1006 1282 astu
1047 1213 1262 1296 magis
1300 1231 1382 1276 ac
1428 1208 1612 1285 dolo,
1658 1223 1856 1289 quam
1898 1197 2249 1286 principali
2289 1192 2718 1267 auctoritate,

522 1322 862 1387 subvertit.
950 1316 1132 1383 Nam
1165 1315 1408 1399 prime,
1433 1319 1508 1377 ut
1538 1331 1580 1375 a
1612 1329 1686 1375 se
1714 1327 1836 1391 per
1864 1303 2166 1389 speciem
2192 1298 2466 1366 honoris
2495 1293 2719 1360 dimit-

520 1429 709 1501 teret,
757 1422 1084 1502 collegam
1134 1417 1266 1482 sibi
1310 1412 1680 1481 assumsit*
1721 1410 1788 1475 in
1819 1406 2068 1492 quinto
2101 1402 2476 1476 consulatu,
2519 1415 2723 1479 quem

522 1535 727 1610 longo
757 1522 1104 1588 intervallo
1132 1522 1378 1590 absens
1422 1517 1509 1581 ob
1555 1514 1623 1578 id
1672 1513 1898 1595 ipsum
1944 1511 2342 1589 susceperat
2461 1496 2722 1563 Deinde

525 1643 649 1711 spe
683 1625 1064 1693 affinitatis?
1097 1642 1178 1690 ac
1221 1619 1593 1689 tribuniciae
1637 1612 1999 1700 potestatis
2017 1619 2043 1659 ‘¹
2086 1609 2458 1691 deceptum,
2499 1599 2727 1684 inopi-

1418 448 1483 496 0.
1533 442 1821 496 SUE'I'ON
1834 442 1894 491 11

1443 1780 1808 1810 ‘mm

420 1955 427 1962 -
524 1922 722 1987 legitur
739 1922 964 1986 plurima,
982 1922 1275 1987 assidueque.
1342 1922 1523 1972 Nostr.
1549 1919 1669 1968 lect.
1694 1913 1999 1981 protulerat
2030 1908 2177 1968 an„
2210 1906 2274 1957 ad
2308 1903 2425 1955 Liv.
2447 1917 2537 1953 ιιι.
2563 1906 2648 1952 38.
2679 1906 2733 1950 et

524 1988 605 2037 ita
627 1987 876 2037 exhibent
897 1987 1055 2037 Vind.
1088 1998 1327 2051 uterque,
1360 1985 1522 2036 Polit.
1558 1985 1690 2046 Cop.
1724 1978 1943 2042 Longol.
1980 1972 2337 2038 suffragantib.
2362 1968 2501 2019 Oud.
2524 1965 2733 2017 Ruhnk.

525 2050 692 2127 Wolf.
738 2053 885 2117 Conj.
909 2053 1090 2102 Burm.
1119 2053 1326 2116 plurima
1346 2050 1571 2107 assiduis,
1589 2062 1709 2111 quoe.
1765 2045 1886 2095 Stat
1903 2056 1999 2105 pro
2016 2042 2159 2102 vulg.
2178 2039 2305 2087 Ern.
2330 2034 2524 2085 addens
2543 2040 2736 2087 tamen,

528 2117 546 2145 ‘
565 2119 608 2165 si
644 2116 856 2167 dixisset
896 2115 1100 2181 (Suet.)
1137 2118 1413 2180 assidueque
1441 2115 1517 2164 ini
1554 2111 1727 2174 legatis
1763 2124 1848 2158 exs
2085 2104 2348 2164 mitterent,
2367 2099 2515 2162 nihil,
2535 2098 2736 2160 opinor,

531 2179 821 2231 offenderet
843 2181 1173 2246 quenquam!
1239 2182 1304 2231 In
1340 2182 1471 2230 Exc.
1492 2180 1645 2228 Voss.
1676 2174 2041 2239 prolegum—2
2079 2169 2341 2230 Obsitaque
2363 2172 2475 2228 opt.
2505 2163 2663 2211 Torr.
2685 2168 2740 2210 et

529 2261 653 2295 mox
675 2261 899 2322 anquam.
967 2248 1133 2297 Deest
1155 2248 1252 2295 loco
1278 2245 1375 2297 Ed.
1402 2246 1527 2293 Bas.
1555 2240 1791 2307 promovit
1811 2239 1963 2287 Voss.
1996 2249 2057 2284 ac
2083 2232 2426 2298 prohibitisqae
2446 2226 2606 2278 Vind.
2628 2230 2741 2276 2.—

532 2315 564 2360 3
603 2313 768 2360 Etiam
790 2316 838 2360 et
862 2312 992 2374 Cop.
1014 2312 1210 2361 Medic.
1235 2311 1356 2373 duo,
1379 2309 1541 2359 Vind.
1576 2313 1620 2356 1.
1643 2306 1803 2355 natale
1823 2301 1979 2352 Vind.
2003 2306 2050 2349 l.
2116 2297 2261 2348 Infra
2281 2296 2385 2345 tolli
2402 2293 2740 2344 Harlem.—4

532 2376 772 2425 Absumsit
790 2376 1036 2440 Dnn.qni
1055 2391 1173 2425 mox
1191 2390 1241 2425 se
1253 2390 1351 2425 sen.
1367 2388 1483 2425 cum
1509 2373 1724 2421 Memm.
1745 2366 1941 2418 Medic.
1960 2363 2117 2414 Vind.
2131 2368 2180 2414 2.
2203 2363 2437 2425 aliisque,
2460 2356 2745 2421 recipiente

537 2440 680 2494 Oud.
746 2442 810 2492 In
830 2442 1070 2507 vulgatis,
1101 2441 1260 2492 etiam
1283 2441 1460 2491 Burm.
1479 2453 1578 2490 sen.
1597 2451 1665 2488 se.
1710 2435 1881 2499 Supra
1900 2432 2028 2482 inter
2048 2429 2149 2480 alia
2169 2427 2383 2478 oratione
2402 2422 2601 2476 Medic.
2625 2426 2671 2472 1.
2690 2427 2744 2471 et

1525 2569 1573 2620 N
1583 2567 1741 2619 01*AE

605 2668 622 2704 ¹
650 2670 843 2740 Nurum
885 2635 961 2721 ae⁸
982 2669 1193 2736 nepotes]
1241 2667 1605 2735 Agrippinam,
1682 2666 1700 2694 ⁸
1721 2665 1802 2714 Ex
1835 2661 1972 2712 facie
2007 2664 2118 2710 toto
2151 2657 2276 2708 orbe
2311 2653 2559 2714 secunda,
2592 2651 2747 2722 Fiunt

535 2740 795 2808 Drusum,
831 2747 1115 2811 Neronem,
1138 2746 1206 2798 de
1227 2747 1414 2812 quibus
1446 2759 1605 2811 supra
1685 2740 1902 2802 urceoli,
1961 2739 2159 2801 pelves,
2221 2741 2452 2796 sartago,
2506 2726 2750 2816 pateilae’

536 2835 655 2920 ωε.
678 2827 978 2954 ῗὶῖειῗιιαῗιεο]
1007 2888 1122 2938 Hoc
1145 2895 1248 2954 est,
1263 2888 1447 2939 obsuto
1467 2887 1606 2948 velo,
1685 2820 2023 2953 {lgent-¹:315?
2024 2828 2146 2940 ⁸3:¹¹
2162 2810 2751 2949 ξξὲὣέῃξιξξΐῖίςαιῖἓεᾞῖ

536 2959 715 3024 (quale
759 2963 967 3015 videtur
1007 2965 1293 3028 ‘plagulas'
1337 2965 1606 3028 appellare

538 3035 679 3086 infra
722 3037 777 3089 in
820 3040 949 3090 Tito
1002 3055 1118 3106 cap.
1161 3042 1270 3107 to.)
1323 3044 1500 3092 clausa
1553 3046 1611 3092 et

540 3117 745 3178 operta,
767 3129 853 3178 ne,
878 3116 919 3165 si
945 3113 1267 3182 viderentur,
1303 3120 1465 3183 major
1488 3117 1611 3167 inde

543 3187 642 3241 sibi
665 3188 979 3241 conflaretur
1009 3193 1225 3245 invidia.

578 3344 583 3347 Π
607 3270 634 3300 ⁸
669 3257 898 3318 Natalem
909 3268 1036 3335 ejas]
1062 3269 1202 3320 Hinc
1218 3277 1365 3334 patet
1386 3273 1613 3336 aequales

519 3336 735 3404 ‚Sejano
774 3356 837 3392 ac
869 3343 1084 3394 Tiberio
1127 3346 1346 3395 honores
1389 3346 1614 3409 habitos,

542 3415 796 3478 siquidem
861 3420 1063 3469 natales
1127 3420 1436 3485 Principum
1501 3422 1615 3471 dies

544 3505 735 3556 magna
791 3510 980 3560 pompa
1023 3498 1280 3563 ludisque,
1323 3515 1450 3564 qiros
1495 3501 1617 3553 ideo

546 3570 812 3621 natalitios
837 3587 1110 3634 vocavere,
1134 3575 1487 3628 celebrabant.

613 3652 638 3678 ⁶
656 3647 896 3710 Imagines
916 3650 1108 3713 aureas]
1124 3651 1318 3715 Sejano
1341 3668 1441 3701 non
1467 3667 1618 3703 secus

549 3736 611 3772 ac
647 3722 761 3787 ipsi
788 3724 1003 3776 Tiberio
1042 3732 1097 3775 et
1123 3722 1358 3791 Augusto
1395 3728 1617 3791 dicatas,

546 3812 664 3883 quae
710 3804 828 3862 post
871 3801 984 3864 ejus
1026 3816 1207 3854 necem
1248 3803 1474 3868 undique
1512 3806 1613 3856 dis·

542 3878 709 3936 Jectae
726 3880 782 3923 et
796 3875 982 3937 partim
1001 3875 1241 3927 conflatae
1265 3889 1402 3928 stunt.
1460 3881 1614 3933 Quod

549 3948 821 4000 Juvenalis
845 3950 958 4002 Sat.
993 3965 1050 4002 ι.
1085 3953 1260 4017 lepide
1291 3959 1617 4021 prosequitur

552 4038 631 4075 vs.
652 4028 735 4077 68.
794 4030 817 4055 ‘¹‘
834 4026 1172 4079 Descendunt
1189 4035 1375 4080 statuae
1398 4040 1613 4083 restem-

555 4114 658 4164 que
714 4102 1029 4167 sequuntur?
1115 4106 1187 4155 Et
1251 4108 1406 4170 paulo
1460 4108 1617 4169 infra,

557 4179 576 4204 ⁶
598 4174 773 4228 Ardet
803 4178 1077 4230 adoratum
1109 4184 1303 4248 populo
1340 4192 1519 4249 eaput,
1562 4195 1620 4237 et

556 4259 744 4317 crepat
804 4253 986 4318 ingens
1047 4258 1304 4324 Sejanus.’
1389 4263 1620 4330 Deinde,

1690 2969 1939 3035 gravioris
1962 2966 2189 3016 criminis
2214 2969 2402 3024 essent,
2423 2976 2474 3009 v.
2497 2974 2548 3021 g.
2572 2959 2753 3022 majes-

1690 3046 1835 3106 tatis,
1853 3042 2243 3108 perduellionis,
2263 3036 2572 3103 tyrannidis,
2595 3035 2632 3084 ii
2654 3047 2755 3084 non

1693 3122 1931 3186 perirent
1969 3125 2189 3181 tantum,
2218 3116 2308 3166 sed
2345 3119 2401 3164 et
2434 3125 2620 3163 nomen
2655 3123 2759 3160 me·

1695 3197 1965 3260 morisque
2001 3208 2179 3246 eorum
2203 3194 2520 3254 delerentur,
2556 3187 2758 3252 aliaque

1695 3272 1750 3324 id
1775 3288 1957 3338 genus.
2149 3295 2152 3303 ·

1760 3357 1787 3392 Ρ
1821 3350 1920 3414 Spe
1955 3346 2230 3417 affinitatis]
2284 3343 2413 3394 Cum
2452 3341 2658 3398 Livilla,
2694 3337 2758 3388 de

1698 3441 1799 3491 qua
1841 3426 1998 3490 paulo
2035 3428 2197 3488 'snpra
2239 3436 2355 3484 cap.
2390 3423 2472 3470 62.
2539 3418 2623 3467 De
2661 3429 2759 3480 quo

1698 3510 1755 3552 et
1788 3501 2003 3551 Tacitus
2048 3500 2137 3549 lib.
2175 3511 2252 3547 ῐν.
2298 3495 2611 3547 Annalium:
2655 3491 2762 3540 ‘At

1694 3579 1912 3643 Sejanus
1933 3578 2094 3628 nimia
2115 3576 2328 3626 fortuna
2349 3586 2551 3632 vecors,
2575 3576 2631 3633 et
2652 3584 2756 3618 mn-

1696 3657 1850 3709 liebri
1871 3655 2086 3720 insuper
2105 3651 2349 3719 cupidine
2371 3651 2630 3706 incensus,
2646 3660 2761 3711 pro·

1695 3735 1909 3784 missum
1923 3730 2299 3782 matrimonium
2312 3726 2590 3791 flagitante
2600 3722 2761 3778 Livia,

1697 3810 1963 3875 componit
1988 3808 2053 3857 ad
2079 3807 2334 3857 Caesarem
2357 3800 2761 3859 codicillos,mo-

1699 3888 1769 3935 ris
1803 3885 1998 3950 qnippe
2036 3891 2141 3932 tum
2167 3888 2282 3930 erat
2303 3889 2595 3944 quanquam
2629 3888 2762 3938 prae-

1698 3970 1902 4012 sentem
1945 3959 2138 4022 scripto
2182 3952 2365 4015 adire,’
2396 3955 2496 4002 διο.
2579 3950 2766 4000 Refert

1698 4038 1870 4102 sejani
1897 4050 2055 4100 super
2077 4035 2174 4083 hac
2195 4045 2253 4081 re
2274 4031 2474 4092 literas,
2495 4033 2553 4077 et
2573 4025 2763 4082 Tiberii

1698 4114 2099 4177 responsionem.

1765 4197 1788 4232 ⁴¹
1826 4188 2117 4240 Tribunicioe
2160 4179 2434 4249 potestatis]
2467 4181 2586 4233 Qua
2622 4186 2762 4228 tanta

1703 4266 2017 4327 auctoritate
2043 4263 2250 4316 facilem
2282 4260 2381 4312 sibi
2415 4257 2591 4323 parari
2615 4262 2760 4321 puta·
