3019 4922
501 418 637 483 320*
1354 425 1418 472 c.
1467 418 1831 471 sumomt

505 600 631 647 nec
671 578 867 643 aliter
895 594 1011 640 eos
1032 582 1062 624 ⁹
1113 570 1476 656 appellare,
1519 585 1725 652 quam
1769 568 1904 629 tres
1946 556 2292 638 vomicas}
2337 561 2524 623 autu>
2575 556 2709 622 tria

507 674 998 750 carcinomata*
1041 696 1186 742 sua.
1273 671 1447 758 [66]
1488 669 1849 736 Amicitias
1890 685 2108 751 neque
2146 663 2354 730 facile
2405 660 2706 731 admisit,

509 793 578 852 et
600 793 619 823 ¹
652 779 1190 850 constantissime
1219 774 1492 842 retinuit
1523 794 1543 855 3
1583 792 1717 837 non
1746 774 2002 836 tantum
2043 768 2328 834 virtutes
2358 784 2440 830 ae
2470 764 2705 838 merita

509 891 835 977 cujusque
881 884 1075 967 digne
1120 883 1544 966 prosecutuS,
1576 875 1697 941 sed
1739 868 1952 940 vitia¹
2002 889 2277 957 quoque
2314 873 2383 933 et
2431 866 2707 944 delicta,

509 994 843 1058 duntaxat
889 985 1181 1064 modica,
1232 985 1650 1067 perpessus·²
1767 976 2013 1062 Neque
2069 974 2240 1039 enim
2301 976 2547 1036 temere
2620 987 2709 1032 ex

511 1094 692 1161 omni
736 1111 1008 1158 numero
1044 1091 1112 1155 iu
1157 1085 1454 1153 amicitia
1496 1083 1644 1167 ejus
1688 1081 1922 1150 afflicti
1964 1077 2420 1162 reperientur‚³
2466 1076 2713 1157 praeter

511 1196 972 1263 Salvidienum
995 1195 1083 1231 ⁴¹¹¹
1129 1190 1435 1266 Rufum,†
1486 1207 1686 1272 quem
1729 1184 1820 1250 ad
1871 1182 2295 1250 consulatum
2345 1196 2586 1261 usque,
2642 1183 2716 1239 et·

511 1301 897 1370 Cornelium
929 1298 1255 1375 Gallum,¹²
1297 1312 1490 1377 quem
1524 1289 1612 1356 ad
1638 1289 2113 1376 praefecturam
2143 1281 2447 1367 AEgypti,
2480 1300 2571 1376 ex
2615 1282 2716 1345 in.

1739 1474 1798 1495 ‘O

514 1619 549 1669 ’9
583 1615 738 1668 Hanc
758 1616 882 1667 lect.
906 1620 1164 1665 testantur
1181 1613 1395 1663 Memm.
1412 1609 1613 1662 Medic.
1636 1612 1686 1659 2.
1710 1612 1758 1659 3.
1779 1608 1939 1658 Fouc.
1954 1602 2175 1655 Virum.
2201 1600 2322 1653 Pin.
2335 1597 2596 1664 multique
2611 1599 2721 1661 alii,

516 1681 813 1747 probantib.
843 1681 996 1731 Torr.
1029 1681 1207 1729 Burm.
1243 1680 1367 1729 Ern.
1402 1676 1544 1728 Oua.
1598 1676 1699 1724 Eas
1732 1672 1971 1740 praebent
2002 1670 2199 1721 Medic.
2234 1672 2283 1717 1.
2317 1664 2475 1715 vind.
2517 1670 2565 1713 1.
2596 1665 2724 1730 Lys.2

517 1749 668 1800 Harl.
688 1747 862 1799 Periz.
881 1755 936 1796 et
956 1745 1090 1796 Edd.
1113 1746 1260 1795 Vett.
1285 1743 1352 1792 Ο.
1376 1750 1566 1806 praeter
1589 1741 1725 1791 Bon.
1771 1740 1890 1788 Illos
1912 1738 2042 1787 Exc.
2068 1736 2185 1799 Cuj.
2204 1746 2318 1782 cum
2337 1730 2471 1781 Edd.
2494 1730 2719 1780 casaub.

514 1815 657 1866 unde
677 1811 827 1865 fluxit
849 1815 900 1863 in
921 1812 1138 1875 Rapliel.
1158 1812 1286 1859 Var.
1309 1809 1494 1859 Pitisc.
1513 1806 1741 1871 aliasque
1757 1805 2114 1854 recentt.—10
2131 1802 2206 1851 Ac
2221 1803 2285 1848 tr.
2309 1794 2506 1846 Medic.
2521 1799 2571 1844 3.
2589 1796 2726 1858 Cep.

516 1880 677 1930 Fouc.
697 1880 848 1928 Voss.
870 1893 987 1927 cum
1006 1878 1136 1927 Mss.
1157 1878 1310 1925 Torr.
1331 1880 1386 1923 et
1408 1872 1546 1924 Edd.
1562 1873 1709 1922 Rom.
1732 1871 1906 1921 Etiam
1929 1867 2021 1918 tris
2038 1867 2092 1916 in
2114 1866 2422 1917 Merum—1
2458 1861 2555 1911 Sed
2575 1866 2725 1911 const.

520 1945 637 1996 Pal.
663 1950 707 1993 l.
750 1944 878 1993 Mox
901 1948 949 1993 et
972 1951 1092 1992 ante
1112 1956 1208 1991 mm
1229 1945 1353 1991 tant.
1377 1940 1504 1989 dant
1533 1937 1653 1987 Pin.
1683 1935 1914 1986 Harlem.
1934 1931 2087 1984 Hnls.
2111 1930 2311 1981 Medic.
2337 1931 2385 1976 1.
2410 1931 2459 1976 2.
2478 1926 2640 1976 vind.
2675 1927 2724 1976 1:

518 2010 667 2059 cort.
706 2024 768 2058 ac
806 2010 940 2066 Edd.
986 2022 1147 2071 usque
1191 2005 1416 2056 Casaub.
1458 2003 1547 2069 qui
1582 2002 1796 2053 delevit.
1875 1999 2017 2049 Dein
2061 1996 2287 2056 amntem
2322 1993 2558 2043 Harlem.
2602 2005 2721 2040 cum

517 2070 653 2124 Edd.
684 2072 830 2124 Vett.
864 2075 985 2123 Bas.
1022 2071 1297 2135 prioribus.
1371 2068 1582 2121 Virtutis
1610 2068 1891 2118 Dolet.—2
1924 2071 1940 2094 ‘
1964 2061 2029 2113 In
2066 2062 2284 2112 membr.
2319 2058 2569 2121 scriptum
2604 2063 2725 2106 erat

516 2140 600 2188 aed
620 2138 709 2188 vit.
747 2154 826 2203 qu.
845 2141 1101 2196 duntaxat,
1133 2143 1183 2187 et
1219 2136 1342 2185 mod.
1372 2135 1541 2194 delict.
1559 2147 1745 2197 perpes.
1812 2132 1892 2181 Ex
1911 2144 1973 2180 eo
2012 2127 2242 2178 adducor
2272 2130 2333 2175 ut
2370 2124 2445 2173 ita
2480 2136 2721 2172 censeam

520 2203 817 2267 legendum,
849 2218 934 2252 nec
955 2202 1043 2251 vit.
1066 2218 1144 2267 qa.
1166 2203 1422 2262 duntaxat,
1440 2201 1524 2249 sed
1543 2203 1591 2248 et
1610 2200 1707 2248 del.
1732 2198 1855 2246 moa.
1875 2193 2028 2261 perp)
2092 2191 2317 2244 Casanb.
2357 2202 2511 2254 quem
2554 2188 2726 2251 sequi-

520 2276 604 2318 tur
647 2268 812 2319 Scriv.
879 2268 941 2317 In
966 2268 1084 2317 Pal.
1105 2272 1153 2316 1.
1188 2268 1269 2315 sed
1290 2265 1377 2315 vit.
1397 2281 1475 2329 qu.
1497 2266 1637 2313 aunt.
1660 2268 1710 2313 et
1730 2263 1825 2312 del.
1847 2262 1974 2311 mod.
2006 2273 2140 2323 perp.
2170 2257 2263 2308 sed
2297 2255 2348 2304 in
2372 2258 2421 2302 3.
2454 2266 2595 2317 qaam
2634 2252 2725 2301 vit.

518 2334 1131 2461 ᾙὲἕωᾶθεῑιιῖιεὲἀάαῖηἶι-ιῧ
1155 2398 1273 2446 Bas.
1304 2395 1505 2460 Grypb.
1530 2392 1657 2458 Arg.
1690 2393 1867 2443 Plant.
1900 2390 2202 2455 reperiuntur
2219 2384 2377 2436 Vind.
2413 2387 2462 2433 1.
2497 2383 2645 2432 Cort.
2664 2382 2729 2429 V.

519 2465 586 2514 ad
618 2464 651 2516 J
659 2465 726 2514 ul.
747 2479 863 2529 cap.
895 2465 1084 2525 ultr-4
1121 2463 1451 2513 Salvidenium
1474 2460 1605 2510 Mss.
1632 2458 1704 2510 Ο.
1726 2457 1878 2508 Torr.
1903 2457 2083 2506 Burm.
2105 2452 2247 2504 Oud.
2271 2466 2387 2514 cum
2419 2446 2558 2499 Edd.
2578 2448 2729 2499 Vett.

521 2532 678 2579 etiam
718 2531 842 2580 Bas.
884 2539 941 2580 et
982 2529 1108 2579 Ant.
1146 2528 1352 2593 Grypb.
1386 2526 1708 2577 Salvidenum
1736 2524 1899 2573 Fouc.
1936 2522 2035 2572 Ed.
2070 2521 2223 2570 Rom.
2257 2515 2561 2567 Salvidenum
2599 2513 2732 2564 Seb.‘

521 2595 724 2662 Gryph.
765 2605 824 2648 et
863 2595 1014 2646 codd.
1059 2594 1273 2660 aliquot.
1339 2592 1475 2643 Item
1512 2589 1715 2656 Ruffam
1753 2591 1947 2639 habent
1993 2584 2124 2638 Edd.
2166 2586 2316 2636 Rom.
2358 2581 2491 2638 Ven.
2521 2580 2736 2630 Bam—*⁸

1512 2771 1729 2825 NOTIE

1168 2330 1514 2395 Reperti-entur
1547 2327 1783 2377 Harlem.
1816 2327 1967 2375 Huls.
1991 2325 2163 2375 Periz.
2199 2324 2356 2373 Fouc.
2379 2318 2515 2368 Edd.
2538 2318 2726 2380 Camp.
2808 2332 2813 2336 ·

586 2891 614 2926 ¹²
647 2891 744 2942 Aio*
775 2892 973 2956 ὄφελον,
1007 2889 1145 2955 Sym]
1173 2892 1369 2942 Versus
1394 2895 1476 2938 est
1499 2901 1588 2938 ιιι.
1664 2882 2034 2950 magnitudinis
2067 2895 2240 2943 omen,
2272 2885 2334 2930 ut
2365 2877 2501 2928 infra
2533 2877 2650 2927 Tib.
2683 2892 2732 2928 c.
2832 2897 2840 2909 ·

526 2967 741 3018 Iliados.

589 3044 604 3077 ¹
644 3044 886 3108 Vomicas]
930 3046 1022 3095 Eae
1042 3051 1163 3095 sunt
1181 3052 1406 3095 tumores
1430 3055 1587 3107 puru-

524 3121 654 3171 lenti
678 3118 732 3169 iu
754 3135 991 3183 corpore.

589 3194 616 3230 ¹⁵
652 3194 1008 3261 Carcinomata]
1046 3197 1127 3246 Ex
1162 3209 1352 3259 genere
1376 3207 1590 3244 cancro·

527 3289 641 3324 rum
683 3280 823 3337 sunt,
853 3288 1016 3339 eoque
1050 3273 1343 3324 'difficiliora
1379 3273 1587 3334 sanatu,

527 3351 665 3417 quod
688 3351 1040 3401 curationibus
1058 3350 1339 3400 irritantur.
1406 3349 1493 3399 De
1511 3347 1590 3399 his

528 3431 678 3495 plura
699 3429 839 3493 apud
864 3428 1090 3479 Plinium
1114 3428 1289 3477 multis
1308 3427 1456 3477 locis.

596 3518 619 3565 1·
654 3508 721 3559 Α.
744 3508 810 3558 U.
830 3508 889 3558 C.
913 3511 1028 3558 714.

591 3584 607 3619 ¹
639 3585 737 3636 Sed
789 3585 929 3647 vitia,
981 3582 1089 3648 ξω]
1155 3582 1491 3633 Casaubonns
1537 3581 1589 3630 in

529 3661 846 3712 membranis
870 3654 1112 3724 legebat:
1163 3662 1245 3710 sed
1271 3659 1393 3710 vitia
1413 3673 1592 3723 quoque

529 3740 770 3788 duntaxat
808 3744 857 3788 et
898 3738 1080 3788 modica
1116 3737 1288 3787 delicta
1325 3750 1591 3800 perpessae.

532 3815 689 3864 Unde
735 3815 846 3878 ipse
901 3814 978 3864 sic
1021 3814 1300 3878 legendum
1354 3813 1589 3862 censuit:

529 3907 615 3941 nec
633 3892 757 3942 vitia
778 3907 954 3956 qaoque
974 3893 1231 3956 duntaxat,
1249 3892 1334 3941 sed
1353 3894 1400 3940 et
1419 3889 1595 3940 delicta

528 3970 711 4018 modica
724 3984 986 4034 perpessus.
1381 3959 1391 3968 ⁴
1521 3983 1526 3988 ·
1577 3980 1582 3985 “

596 4051 633 4077 ¹²¹
688 4042 1055 4110 SalvidienamJ'
1102 4045 1261 4095 Hunc
1306 4042 1593 4109 conjuratis

536 4130 842 4172 annumerat
875 4125 1020 4173 Livia
1049 4123 1189 4189 apud
1229 4126 1475 4172 Senecam
1499 4121 1594 4171 lib.

534 4196 600 4246 de
624 4198 913 4247 Clementia
941 4215 988 4248 c.
1018 4204 1068 4250 9.
1126 4200 1233 4249 Dio
1263 4199 1355 4248 lib.
1389 4212 1591 4250 vanr.

535 4273 703 4324 refert
747 4275 880 4331 huic,
926 4290 1042 4324 cum
1079 4292 1284 4339 gregem
1331 4283 1593 4341 pasceret,

534 4350 790 4402 flammam
820 4366 850 4402 e
872 4352 1071 4402 vertice
1095 4353 1591 4419 emicuisse,''futurae

1669 2967 1748 3014 14.
1771 2960 2075 3022 notabitur;
2123 2967 2283 3023 atque
2320 2971 2384 3006 eo
2421 2955 2733 3017 dignationis

1667 3040 1807 3105 apud
1830 3038 2124 3104 Augustum
2166 3035 2483 3102 pervenisse,
2517 3041 2575 3083 ut
2613 3048 2730 3083 enm

1669 3118 1937 3181 Augustus
1979 3116 2197 3166 necdum
2243 3114 2567 3173 senatorem,
2613 3125 2731 3159 con·

1668 3196 1831 3245 sulem
1856 3203 2029 3244 tamen
2052 3192 2366 3255 designavit,
2383 3196 2439 3238 et
2460 3186 2732 3252 Appianas

1669 3288 1724 3324 v.
1746 3273 1941 3323 Bellor.
1966 3270 2118 3321 Civil.
2142 3270 2239 3319 hoc
2260 3268 2372 3332 ejus
2390 3267 2585 3316 crimen
2611 3256 2734 3314 fuis-¹

1668 3365 1724 3399 se
1747 3347 1934 3410 refert,
1956 3347 2093 3412 quod
2125 3346 2390 3410 Augustus
2417 3343 2481 3392 ab
2506 3342 2735 3392 Antonio

1670 3434 1968 3491 acceperat,
2000 3422 2372 3482 Salvidienum,
2393 3434 2508 3469 cum
2543 3419 2733 3470 Galliae

1672 3503 2026 3555 Narbonensis
2064 3498 2320 3551 exercitui
2359 3503 2632 3563 praeesset,
2671 3495 2760 3543 ad·

1670 3597 1727 3634 se
1761 3581 1989 3632 deficere
2023 3579 2265 3640 voluisse,
2301 3576 2436 3626 unde
2467 3574 2735 3637 Augustus

1672 3665 1935 3723 praetextu
1976 3650 2172 3719 negotii
2207 3652 2476 3718 cujusdam
2513 3651 2738 3701 accersi·

1674 3746 1803 3800 tum,
1841 3735 2007 3789 occidi
2040 3734 2215 3801 jussit,
2248 3733 2420 3798 paulo,
2466 3740 2524 3781 ut
2571 3736 2736 3795 patet,

1672 3815 1823 3865 aliter
1847 3828 1909 3863 ac
1926 3804 2223 3863 Suetonius.

1739 3900 1764 3925 ⁸
1823 3891 2092 3942 Cornelium
2138 3887 2356 3951 Gallum]
2423 3885 2656 3936 Servius
2685 3885 2734 3934 in

1601 3964 1629 3983 “
1674 3960 1853 4033 Eclog.
1887 3972 1967 4018 10.
2010 3965 2238 4035 Virgilii,
2275 3961 2527 4029 ‘Caium'
2560 3962 2737 4026 appel·

1672 4048 1769 4109 lat,
1791 4046 2077 4109 Eutropius
2101 4045 2117 4073 ‘
2137 4041 2388 4095 cineum!
2452 4039 2468 4066 ‘
2490 4038 2596 4089 Hic
2630 4036 2740 4100 est,’

1675 4124 1843 4190 inquit
1883 4121 2119 4185 Servius,
2156 4120 2346 4170 ‘Caius
2377 4117 2591 4168 Asinius
2613 4116 2735 4166 Gal*-

1672 4203 1755 4253 lus
1776 4207 1966 4257 orator,
1990 4198 2156 4249 Asinii
2178 4196 2431 4246 Pollionis
2462 4192 2621 4255 tilius,
2640 4195 2735 4241 διο.

1673 4278 1776 4329 fuit
1809 4285 1982 4329 autem
2014 4275 2208 4326 amicus
2228 4272 2473 4337 Virgilio,
2512 4270 2659 4333 adeo,
2682 4276 2736 4318 ut

1672 4363 1889 4422 quartus
1913 4353 2289 4418 Georgicorum
2320 4362 2354 4402 a
2384 4349 2557 4401 medio
2591 4350 2654 4399 ad
2680 4347 2736 4397 δέ
