3019 4922
505 396 633 462 146
1345 384 1425 454 c.
1474 405 1564 455 su
1580 405 1835 454 ιιτοιιιι

506 557 817 623 Caesare²
836 556 1091 642 juvene
1116 573 1135 634 3
1166 573 1244 618 ac
1274 572 1357 617 ne
1386 552 1556 617 hos⁶
1586 553 1856 637 quidem
1880 551 2223 616 voluntate
2254 552 2468 637 ipsius
2497 553 2700 618 inter·-

506 668 720 728 emtos
752 665 1023 744 putant:
1070 676 1348 741 quorum
1380 664 1600 721 tamen
1647 663 1753 720 et⁷
1799 655 2055 740 priores
2085 663 2245 741 post
2274 658 2695 740 impetratam

503 766 769 830 veniam
819 759 1346 836 rebellaverant,⁸
1396 766 1468 823 et
1518 758 1805 836 Caesar,⁹
1853 759 2111 823 libertis
2161 760 2506 844 servisque
2549 760 2698 842 ejus

501 867 674 931 ferro
708 871 772 930 et
796 865 929 947 igni
960 843 1290 929 crudelem
1317 863 1383 926 in
1413 862 1990 938 modum'enectiS,
2022 864 2277 927 bestias
2305 882 2575 947 quoque
2609 863 2698 927 ad

501 976 797 1033 munus⁸
841 966 1150 1052 populi¹0
1194 975 1622 1049 comparatas
1670 966 2294 1031 contrucidaverat.¹
2388 966 2696 1049 Denique

502 1081 803 1157 tempore
836 1076 1130 1136 extremo
1153 1078 1178 1106 ²
1204 1070 1426 1146 etiam,
1456 1072 1703 1155 quibus
1733 1071 2015 1135 nondum
2045 1072 2406 1154 ignoverat,
2435 1069 2696 1133 cunctis

503 1176 571 1240 in
601 1176 868 1241 Italiam
918 1173 1131 1238 redire
1174 1173 1501 1257 permisit,
1535 1174 2099 1257 magistratusque
2145 1180 2214 1237 et
2265 1173 2539 1256 imperia
2584 1191 2694 1235 ca-

503 1293 685 1363 pere.
773 1279 909 1343 Sed
940 1284 1045 1343 et³
1100 1283 1356 1342 statuas
1381 1277 1463 1366 fL.
1498 1278 1705 1361 Syllae
1748 1283 1952 1362 ‚atque
2004 1275 2364 1360 Pompeii,b
2413 1296 2454 1340 a
2497 1276 2698 1360 plebe

504 1382 849 1466 disjectaS,
877 1383 1209 1465 reposuit.
1299 1379 1429 1459 Ae,
1471 1382 1532 1445 si
1562 1402 1697 1466 qua
1743 1382 2028 1465 posthac
2084 1388 2199 1446 aut
2241 1381 2698 1462 cogitarentur

502 1487 766 1569 'gravius
798 1486 1119 1550 adversus
1150 1504 1244 1562 se,
1277 1490 1397 1548 aut
1426 1484 1821 1562 dicerentur,
1865 1484 2165 1549 inhibere
2216 1484 2454 1547 maluit
2491 1501 2697 1567 quam

501 1589 864 1653 vindicare.
955 1588 1190 1672 Itaque
1220 1596 1288 1653 et
1319 1588 1619 1652 detectas
1651 1589 2145 1673 conjurationes
2189 1594 2700 1669 conventusque

502 1697 859 1756 nocturnos
879 1712 1016 1756 -non
1047 1692 1217 1756 ultra
1247 1693 1477 1775 arguit,
1511 1712 1711 1777 quam
1742 1699 1819 1783 ut
1844 1691 2100 1757 edictoc
2129 1690 2523 1767 ostenderet,
2548 1709 2699 1753 esse

506 1793 636 1859 sibi
670 1803 867 1860 notas
891 1804 955 1859 :4
997 1802 1067 1859 et
1097 1797 1335 1860 acerbe
1362 1794 1797 1880 loquentibus
1844 1796 2008 1860 satis
2048 1791 2329 1860 habuitcl
2388 1813 2507 1878 pro
2540 1812 2698 1859 con-

1419 1976 1779 1997 OOOOOOOOOOO

502 2093 645 2150 6Εοιι
660 2109 708 2157 q.
733 2094 917 2156 Copes.
936 2093 1085 2142 Huls.
1108 2092 1449 2143 Medic.1.-⁷
1471 2093 1559 2143 Sic
1578 2097 1931 2156 praemonente
1952 2094 2103 2143 Torr.
2127 2099 2181 2142 et
2204 2092 2553 2154 praeeuntibus
2577 2092 2698 2142 Bas.

501 2172 608 2208 sec.
646 2174 706 2208 ac
747 2159 813 2208 R.
849 2159 1029 2221 Steph.
1070 2159 1235 2208 edidit
1275 2160 1493 2209 Casaub.
1535 2159 1715 2222 ejectis
1752 2159 2040 2208 nominibus
2079 2158 2312 2218 Afranius
2333 2165 2378 2207 et
2402 2159 2612 2207 Faustus
2634 2173 2700 2206 ex

501 2224 671 2286 glossa
705 2224 910 2273 insertis
946 2232 1066 2273 ante
1097 2225 1297 2286 priores.
1367 2224 1499 2273 Haec
1521 2225 1760 2287 ignorant
1784 2225 1927 2274 Fert.
1952 2225 2068 2274 Pal.
2089 2231 2215 2282 ιιεε,
2235 2225 2427 2274 Medic.
2454 2228 2501 2273 3.
2538 2223 2698 2274 Viud.

503 2289 648 2339 Cort.
670 2299 722 2339 et
745 2289 842 2339 Ed.
865 2291 1013 2339 Rom.
1017 2293 1114 2338 -8
1150 2290 1509 2339 Rebellaverunt
1534 2291 1747 2339 Merum.
1768 2298 1821 2338 et
1846 2289 2007 2340 ceteri
2032 2305 2146 2340 cum
2184 2290 2319 2338 Edd.
2349 2297 2471 2339 ante
2508 2289 2630 2338 Bas.
2671 2303 2700 2337 e

501 2369 605 2418 qua
638 2363 693 2404 et
726 2355 839 2405 cod.
880 2356 1020 2403 Ferr.
1058 2355 1463 2418 plusquamperf.
1499 2356 1731 2418 reposuit
1770 2355 1918 2404 Torr.
1921 2360 2016 2405 -9
2051 2356 2136 2404 Ita
2168 2355 2366 2404 Medic.
2401 2360 2448 2403 3.
2486 2355 2700 2404 Merum.

498 2418 617 2471 Pin.
649 2421 767 2470 Pal.
793 2425 835 2469 l.
850 2424 901 2470 2.
939 2420 1093 2470 Vind.
1119 2429 1176 2471 ut
1202 2421 1342 2484 Lips.
1368 2422 1560 2485 aliique
1586 2419 1946 2473 emendarunt.
2020 2418 2312 2471 Praeferunt
2334 2422 2482 2470 Torr.
2507 2429 2561 2469 et
2586 2420 2701 2469 Ma·

499 2495 612 2533 nut.
638 2485 703 2535 ad
728 2487 837 2535 Cic.
862 2484 927 2535 ad
953 2488 1096 2535 Fam.
1118 2500 1198 2536 1x.
1215 2491 1265 2536 7.
1303 2487 1360 2535 L.
1392 2488 1574 2536 Caesm.
1646 2488 1708 2537 In
1739 2486 1964 2537 Harlem.
1983 2488 2147 2537 Periz.
2172 2489 2358 2549 copes,
2382 2486 2515 2536 Edd.
2553 2487 2700 2535 Rom.

498 2551 633 2600 Ven.
655 2563 720 2600 tr.
748 2552 867 2600 Bas.
894 2551 1014 2601 ΑΜ.
1036 2551 1240 2614 Gryph.
1263 2553 1429 2601 Coliu.
1454 2553 1640 2602 Plaut
1666 2559 1713 2602 et
1740 2553 1959 2604 Coesarie.
2005 2553 2120 2603 Pal.
2144 2558 2192 2602 3.
2218 2568 2282 2601 ex
2310 2568 2388 2615 pr.
2413 2568 2480 2600 ιιι.
2505 2552 2564 2600 L.
2592 2554 2699 2601 Coe-

497 2617 638 2667 saris.
641 2622 769 2666 -10
805 2618 951 2666 Voss.
975 2620 1025 2666 iu
1046 2632 1137 2666 ora
1155 2618 1251 2666 Ed.
1275 2619 1449 2668 Plaut.
1473 2618 1683 2682 legebat
1702 2618 1955 2682 publicum,
1975 2610 2277 2667 faventibus’
2296 2619 2449 2666 Torr.
2477 2626 2530 2666 et
2559 2617 2702 2679 Lips.

501 2682 748 2730 Deletum
774 2683 949 2732 manet
973 2684 1097 2732 Ern.
1115 2691 1168 2732 et
1191 2683 1331 2732 Oud.
1368 2684 1507 2747 conj.
1540 2686 1725 2747 populo,
1751 2684 1840 2732 sed
1862 2685 1986 2733 nihil
2010 2694 2209 2734 mutant
2233 2683 2392 2734 Wolf.
2420 2685 2637 2743 Baumg.
2640 2709 2702 2719 —

500 2750 527 2795 1
568 2749 1022 2797 Contrucidaverant
1046 2748 1200 2798 codd.
1220 2758 1277 2798 et
1302 2749 1435 2799 Edd.
1460 2764 1578 2814 quae
1603 2750 2073 2800 Coesarishebent.
2121 2755 2268 2799 ‚runt
2293 2749 2446 2798 vind.
2471 2753 2521 2797 2.
2558 2748 2701 2797 Cort.

500 2815 859 2862 trucidateraut
885 2814 1114 2863 Heriem.
1136 2815 1299 2863 Periz.
1368 2815 1447 2864 ‘A
1476 2829 1633 2864 manu
1656 2815 1887 2864 Suetonii
1913 2815 2187 2878 utrobique
2210 2814 2491 2864 rebellarant
2516 2821 2570 2862 et
2592 2829 2700 2862 con·

498 2879 764 2927 trucidarat
798 2877 959 2927 fuisse
994 2882 1199 2943 opinor,
1232 2886 1288 2928 et
1322 2880 1440 2930 hine
1475 2887 1623 2929 natas
1659 2895 1746 2928 eas
1784 2880 2130 2931 variationes!
2168 2882 2295 2928 Oud.
2374 2880 2538 2929 Paulo
2578 2887 2699 2927 ante

499 2943 687 3004 Copes.
722 2949 1032 3005 proepmmatas
1035 2948 1130 2992 -2
1168 2945 1412 2994 Postremo
1446 2946 1599 2993 Voss.
1667 2947 1794 2994 Tum
1817 2947 2098 3008 permiserat
2121 2947 2335 2996 Memm.
2359 2944 2555 2994 Medic.
2575 2948 2626 2993 2.
2650 2948 2698 2992 3.

500 3007 619 3059 Pin.
623 3007 782 3056 vind.
799 3018 1036 3070 uter-‚que
1056 3010 1202 3058 Cort·
1223 3024 1338 3058 cum
1359 3010 1489 3059 Edd.
1518 3012 1664 3058 Rom.
1685 3020 1738 3059 et
1763 3012 1963 3061 Graevii
1988 3027 2094 3060 sec.
2118 3025 2179 3061 ac
2202 3018 2323 3061 tert.
2336 3015 2422 3060 -3
2459 3011 2621 3060 Deest
2653 3015 2700 3058 et

500 3071 681 3135 Cujac.
750 3073 877 3121 Mox
900 3078 948 3122 et
973 3074 1144 3150 Pomp.
1167 3074 1325 3123 vind.
1350 3079 1399 3124 1.
1446 3076 1585 3124 Dein
1609 3076 1929 3137 cogitaverint
1953 3077 2101 3127 Huls.
2124 3083 2169 3125 et
2191 3080 2435 3126 advenum
2455 3091 2505 3125 ee
2543 3074 2698 3124 Viud.

501 3139 547 3184 1.
571 3138 855 3202 copes,·-4
891 3138 975 3188 Ita
1000 3138 1257 3203 recipiunt
1272 3140 1451 3188 Burm.
1478 3140 1619 3192 Oud.
1638 3141 1796 3190 Wolf.
1821 3142 2034 3207 Baumg.
2103 3142 2166 3191 In
2190 3141 2386 3192 Medic.
2403 3146 2452 3192 2.
2475 3142 2628 3191 Voss.
2647 3148 2702 3189 et

1491 3305 1709 3355 NOTAE

561 3403 582 3429 ²
612 3396 673 3445 L.
702 3398 914 3462 Coesare]
946 3399 1070 3453 Julii
1114 3400 1197 3450 hic
1232 3409 1347 3451 erat
1370 3380 1559 3466 cogua-
1640 3402 1888 3455 Quamvis
1910 3404 1994 3453 ille
2015 3404 2294 3467 Caesarem,
2317 3404 2400 3453 vix
2427 3404 2703 3467 pueritiam

495 3481 597 3540 tus,
616 3476 828 3528 Catonis
848 3479 1022 3529 Utinm
1036 3479 1300 3542 Quaestor,
1319 3481 1405 3545 qui
1424 3494 1559 3529 mor·
1641 3494 1924 3543 egressum,
1956 3481 2019 3530 ed
2045 3496 2225 3530 necem
2246 3489 2393 3529 tanta
2416 3494 2539 3530 cura
2564 3496 2700 3544 quae-

497 3560 588 3603 tuo
628 3555 849 3618 Catone,
886 3557 1106 3606 Caesaria
1145 3558 1210 3607 ad
1250 3572 1416 3619 genua
1441 3572 1557 3621 pro·
1640 3556 1865 3620 sivisset,
1903 3573 1949 3608 c.
1975 3563 2020 3608 1.
2053 3557 2119 3606 de
2160 3558 2395 3622 repositis
2436 3572 2466 3605 a
2490 3557 2701 3606 Caesnre

483 3629 679 3694 jectum,
705 3632 862 3682 vitam
898 3633 992 3683 sibi
1032 3647 1128 3685 nee
1163 3636 1381 3698 amplius
1415 3635 1555 3699 quic·
1638 3632 1874 3696 Pompen
1893 3634 2099 3696 statuis
2120 3633 2294 3682 dicere
2321 3633 2527 3682 solitum
2555 3633 2702 3683 Cice-

494 3723 646 3772 quam
688 3710 1016 3774 deprecatus.
1050 3710 1204 3762 facile
1241 3711 1559 3774 obtinuerat,
1639 3711 2167 3771 ronemsPlutarchus
2187 3709 2387 3760 refert.
2434 3709 2703 3770 Πομπηΐου,
2770 3756 2775 3757 ι

496 3790 631 3834 teste
672 3786 847 3836 Hirtio
883 3788 933 3837 in
978 3787 1082 3837 fine
1122 3787 1245 3837 belli
1287 3785 1554 3837 Africani.
1639 3787 1841 3849 Καῖσαρ,
1874 3785 2146 3852 ἀνδριάντας
2181 3787 2336 3847 ἱστὰς,
2371 3785 2486 3839 τους
2527 3786 2703 3836 ἑαυτοῦ

495 3859 587 3907 sed
615 3861 718 3909 Dio
743 3876 838 3925 per
873 3863 1084 3920 insidias
1105 3879 1136 3913 a
1161 3865 1372 3914 Caesare
1395 3863 1556 3914 iuter·
1636 3863 1879 3926 ηγνύεις.
1963 3867 2179 3930 Pompeii
2218 3871 2402 3915 statuas
2436 3864 2643 3926 erigens,
2674 3881 2701 3913 ο

496 3942 690 3983 emtum
730 3938 824 3997 ait,
868 3953 985 3989 cum
1021 3939 1163 4004 prius
1209 3940 1556 3990 condemnare
1642 3941 1823 4001 Cesar,
1862 3947 1968 3992 tuae
2001 3943 2152 4006 ipsius
2182 3941 2469 4005 constabuis,
2504 3956 2588 3991 eeu
2621 3944 2700 3993 de-

487 4008 690 4073 judicio
710 4013 975 4064 voluisset.
1621 4018 1765 4083 figis.

560 4091 584 4118 ⁸
619 4086 811 4136 Bestias
848 4104 894 4151 q.
932 4093 995 4138 ad
1028 4090 1223 4154 munus]
1270 4092 1555 4158 Spectacu·
1702 4101 1724 4128 c
1755 4092 1952 4155 Edicto]
1991 4094 2109 4143 Hoc
2150 4099 2229 4142 est
2267 4093 2466 4157 scripto
2491 4092 2701 4156 publice

493 4160 599 4286 ἒιὲιιι
625 4163 815 4226 populo
838 4165 1202 4232 exhibendum,
1221 4169 1288 4220 de
1311 4186 1413 4236 quo
1435 4187 1555 4235 cap.
1638 4169 2021 4313 ἔιιῇιὶοὲωιζίᾶθ
2042 4186 2198 4235 supra
2232 4185 2349 4234 cap.
2372 4173 2424 4219 9.
2449 4176 2505 4219 et
2530 4174 2609 4219 11.
2642 4175 2699 4219 et

559 4315 583 4350 b
614 4315 812 4369 Statuas
832 4319 895 4372 L.
933 4320 1086 4386 Syltae
1127 4328 1267 4387 atque
1308 4326 1554 4391 Pompeii]
1699 4326 1724 4361 ‘¹
1757 4326 1889 4378 Satis
1905 4326 2093 4390 habuit]
2127 4326 2420 4377 Auctorest
2441 4325 2698 4390 Velleius,
