3019 4922
2372 395 2500 459 301

308 554 596 629 -dentes,⁰
624 569 722 615 ac
770 548 1162 615 nominatim
1207 552 1529 633 singuloS,
1557 551 1742 617 nullo
1772 557 2260 618 summonente:
2289 562 2381 602 ¹0⁹
2435 561 2504 619 et

310 655 670 740 ‚discedens
712 653 947 718 eodem
986 656 1189 719 modo
1242 655 1632 720 sedentibus
1680 655 1906 719 valere
1957 655 2278 721 dicebat-¹
2384 655 2505 721 of-

315 758 514 824 ficiaq
547 775 702 820 cum
750 757 975 820 multis
1013 765 1241 821 mutuo
1265 763 1290 793 ²
1343 756 1678 821 exercuit:
1723 776 1848 821 nec
1888 757 2075 841 prius
2103 757 2248 823 dies
2279 760 2506 844 cujus-

321 878 445 942 que
495 859 806 923 solennes
834 859 1251 943 frequentare
1282 860 1504 937 desiit,
1535 879 1737 943 quam
1781 847 2093 942 grandior
2113 860 2257 943 jam
2287 869 2498 940 natu,³

318 962 482 1025 etin
523 962 718 1026 turba
746 962 1114 1044 quondam*
1156 962 1653 1046 sponsaliorum
1697 962 1804 1026 die
1837 968 2140 1026 vexatuS.
2231 962 2505 1028 Gallum

319 1062 683 1129 Tetrinium
707 1069 731 1110 ⁵
777 1064 1185 1143 Senatorem‚
1217 1067 1436 1130 minus
1466 1065 1597 1130 sibi
1625 1064 2042 1141 familiarem,
2082 1063 2200 1128 sed
2233 1071 2505 1148 captum

1100 463 1107 468 θ
1209 403 1609 460 oc'rAva.

1222 1246 1252 1267 e
1261 1235 1593 1267 ee'eeteeeeoe

321 1364 446 1416 —lo
481 1361 632 1410 Nullo
652 1375 703 1410 se
723 1367 930 1411 movente
951 1361 1090 1411 Pith.
1113 1360 1226 1410 Pal.
1262 1364 1311 1409 3.
1343 1359 1638 1410 subruat-ente
1670 1362 1783 1411 Pal.
1817 1365 1868 1410 2.
1906 1358 2075 1410 Periz.
2106 1359 2263 1410 Vind.
2287 1365 2333 1411 l.
2361 1360 2507 1412 Cort.

323 1427 577 1476 Fouc.—l
613 1427 795 1475 Totum
821 1441 1020 1475 comma
1058 1426 1211 1475 variis
1250 1425 1559 1487 impeditum
1593 1433 1675 1475 est
1707 1424 2116 1475 difficultatibus.
2155 1427 2298 1475 etium
2331 1427 2510 1477 disced.

322 1489 440 1539 dant
467 1491 585 1540 Pal.
611 1497 732 1545 tres,
748 1491 905 1540 vind.
929 1499 1166 1554 uterque,
1191 1489 1327 1539 Eud.
1350 1488 1512 1538 Gron.
1537 1491 1677 1541 Oud.
1695 1490 1849 1541 Wolf.
1902 1491 2042 1541 Dein
2068 1491 2226 1540 eodem
2253 1507 2318 1540 m.
2344 1505 2435 1555 pro
2458 1506 2511 1540 eo

319 1555 470 1605 iidem
494 1568 759 1619 recepere,
772 1556 979 1620 optimis
1001 1555 1155 1604 codd.
1173 1553 1481 1604 faventibus.
1518 1557 1700 1605 Statim
1718 1556 1875 1619 ejecit
1892 1556 2108 1618 Baumg.
2127 1555 2351 1619 singulis,
2371 1556 2511 1620 quod

322 1620 468 1680 vulgo
483 1622 793 1681 sequebatur
816 1635 930 1670 voc.
953 1623 1132 1670 sedent.
1156 1633 1254 1669 nec
1276 1628 1544 1682 comparet
1566 1620 1618 1668 in
1641 1620 1911 1676 Mediceis,
1933 1620 2092 1670 vind.
2118 1628 2354 1685 utroque,
2380 1621 2510 1684 Cop.

322 1684 457 1734 Edd.
473 1686 606 1734 Ven.
630 1690 678 1734 1.
700 1685 865 1747 Lugd.
889 1685 925 1737 J
931 1691 1038 1734 unt.
1066 1685 1181 1733 Ald.
1213 1683 1341 1747 Arg.
1375 1684 1712 1746 probantibus
1735 1684 1900 1746 Gron.
1938 1686 2116 1735 Burm.
2139 1684 2277 1735 Oud.
2302 1691 2355 1734 et
2377 1685 2513 1735 aliis.

323 1748 497 1799 Graev.
521 1756 577 1798 et
601 1750 726 1800 Ern.
747 1752 904 1799 etiam
929 1749 1200 1800 delendum
1224 1754 1461 1798 statuunt
1480 1748 1540 1797 τὸ
1560 1747 1844 1814 sedentibus,
1879 1756 1935 1799 et
1963 1763 2087 1799 sane
2123 1749 2273 1800 abest
2296 1764 2328 1799 a
2352 1749 2512 1799 Fouc.

320 1812 448 1862 Mox
472 1815 630 1863 valere
653 1815 747 1864 dic.
782 1821 957 1864 tuetur
981 1815 1193 1864 Memm.
1229 1828 1345 1862 cum
1368 1813 1574 1863 Viterb.
1599 1815 1730 1876 Cop.
1752 1813 1947 1863 Medic.
1981 1815 2100 1863 Pin.
2124 1814 2241 1876 Cuj.
2269 1815 2420 1864 Voss.
2457 1821 2514 1863 et

321 1877 418 1928 Ed.
440 1878 625 1941 Steph.
672 1880 839 1941 Vulgo
859 1878 1081 1929 babetur
1099 1878 1398 1931 valedicebat,
1422 1877 1562 1943 quod
1585 1878 1820 1928 defendit
1853 1879 2037 1929 Pitisc.
2062 1892 2158 1942 pro
2181 1892 2283 1942 quo
2299 1878 2515 1928 Salmas.

323 1944 461 2007 conj.
482 1945 586 1992 vale
606 1944 957 1994 recinebat—2
997 1944 1168 1994 Vellet
1190 1942 1353 1993 Gron.
1375 1948 1556 2004 mutua,
1594 1950 1649 1992 et
1672 1944 1883 1993 edidere
1915 1944 2093 1994 Graev.
2120 1943 2170 1992 in
2195 1943 2292 1993 Ed.
2312 1943 2437 2006 maj.
2458 1949 2514 1992 et

322 2008 501 2058 Burin.
557 2007 643 2056 Ita
676 2023 876 2073 quoque
911 2024 1070 2073 marg.
1105 2009 1302 2072 Grypb.
1337 2008 1543 2073 Reliqui
1582 2009 1649 2057 Ο.
1675 2008 1792 2057 libri
1821 2014 2096 2059 mutum—8
2132 2008 2219 2058 Sic
2259 2008 2517 2059 dederunt

323 2079 440 2121 aute
473 2073 693 2135 Banmg.
741 2074 880 2123 Oud.
919 2081 972 2124 et
1006 2072 1163 2124 Wolf.
1197 2073 1508 2123 anctoritate
1544 2072 1758 2123 Memm.
1781 2074 1935 2123 Vind.
1959 2078 2007 2123 2.
2033 2074 2178 2123 Cort.
2206 2073 2340 2123 Edd.
2365 2073 2515 2123 Rom.

322 2137 487 2199 Lugd.
516 2137 664 2189 Junt.
686 2136 806 2187 Ald.
830 2139 950 2187 Bas.
983 2146 1038 2189 et
1073 2139 1141 2187 al.
1196 2138 1429 2202 Reliqua
1469 2137 1578 2187 fere
1612 2138 1681 2188 Ο.
1711 2138 2002 2200 grundijum
2031 2144 2167 2201 nutu,
2200 2138 2337 2203 quod
2360 2151 2391 2186 e
2413 2138 2515 2188 Ms.

317 2200 473 2251 Torr.
495 2201 725 2251 exhiberi
764 2210 1010 2253 curarunt
1042 2203 1217 2252 Graev.
1257 2203 1423 2254 Gron.
1466 2203 1642 2253 Burm.
1685 2212 1742 2253 ut
1778 2212 1860 2253 est
1899 2204 1950 2251 in
1982 2203 2180 2252 Medic.
2210 2208 2255 2253 1.
2279 2207 2330 2253 2.
2353 2217 2517 2265 marg.

325 2265 527 2332 Gryph.
561 2267 739 2329 mundi
765 2269 872 2330 jam
910 2274 1078 2317 ornatu
1115 2269 1259 2318 Dun.
1293 2270 1421 2331 Cop.
1445 2268 1599 2317 Huls.
1636 2268 1830 2318 Medic.
1853 2273 1904 2319 3.
1926 2268 2080 2318 Vind.
2111 2271 2157 2318 1.
2179 2269 2331 2318 Voss.
2355 2273 2513 2331 atque

323 2345 454 2380 nnus
484 2329 633 2381 Torr.
684 2332 745 2381 ln
780 2333 1017 2383 Harlem.
1051 2333 1308 2394 grandiore
1332 2332 1456 2392 jum,
1500 2332 1753 2396 probante
1794 2333 2072 2383 (Μαι-4
2108 2333 2322 2389 Quodam
2359 2332 2518 2382 habet

323 2394 481 2445 vind.
510 2399 555 2444 l.
582 2403 640 2446 ut
662 2398 797 2460 conj.
821 2398 1060 2447 Goesins.
1099 2399 1270 2446 Deest
1293 2397 1379 2445 illa
1402 2411 1501 2445 vox
1525 2398 1664 2447 Dun.
1705 2398 1902 2447 Medic.
1942 2401 1991 2446 2.
2030 2412 2060 2446 a
2082 2412 2149 2445 m.
2176 2412 2257 2460 pr.
2310 2396 2373 2445 In
2415 2410 2517 2444 uno

323 2460 468 2509 Torr.
485 2468 567 2510 est
587 2463 981 2524 sponsalitiorum.
1016 2464 1183 2512 Porro
1204 2468 1252 2513 et
1279 2463 1430 2524 paulo
1451 2470 1573 2512 ante
1606 2464 1782 2512 exulat
1808 2478 1838 2511 a
1861 2464 2003 2512 Cort.
2023 2469 2077 2512 et
2112 2461 2245 2511 Edd.
2270 2463 2514 2511 Rom.-5

332 2525 580 2575 Ter-riuum
597 2527 791 2577 Medic.
818 2532 863 2578 1.
890 2533 938 2577 3.
955 2528 1197 2576 Ρετίι.οῐ
1224 2527 1357 2576 Edd.
1379 2528 1528 2576 Vett.
1548 2528 1821 2590 pleraeque.
1865 2529 2108 2576 Ter-inirem
2136 2525 2291 2574 vind.
2322 2531 2369 2574 1.
2405 2525 2520 2574 Ter·

325 2589 499 2639 rinium
522 2591 687 2653 Lugd.
713 2592 837 2641 Bas.
858 2598 914 2641 et
936 2592 1001 2641 al.
1028 2592 1292 2641 Tetrinium
1314 2591 1442 2640 Bon.
1468 2592 1635 2641 Paris.
1649 2601 1702 2639 et
1726 2593 1798 2641 ita
1818 2590 2105 2654 Glandorp.
2124 2591 2178 2638 in
2197 2591 2518 2640 Onomastic.

331 2656 543 2703 Tertium
565 2655 719 2704 Huls.
745 2656 879 2708 Edd.
902 2659 1033 2706 Ven.
1057 2660 1105 2705 2.
1129 2660 1176 2705 3.
1200 2655 1345 2705 Med.
1372 2655 1519 2704 Cald.
1543 2657 1731 2705 Manus
1770 2655 1911 2704 doct.
1937 2657 1988 2703 in
2011 2669 2102 2703 ora
2124 2654 2298 2705 Plant.
2322 2654 2517 2717 ascrip-

327 2719 396 2769 sit
415 2719 667 2785 Temnum,
690 2729 743 2772 et
765 2721 916 2773 Torr.
935 2720 1322 2773 rescribendum
1343 2721 1551 2770 censuit
1578 2720 1862 2771 Tetinnium.
1888 2720 2033 2770 Cort.
2051 2725 2105 2769 et
2124 2718 2306 2785 Camp.
2329 2719 2519 2769 reteni-

1314 2859 1530 2920 Nom-3

386 2984 410 3015 θ
427 2983 500 3032 Et
522 2983 709 3046 quidem
723 2985 957 3050 sedentes]
971 2985 1090 3037 Hoc
1102 2986 1218 3036 loco
1236 2989 1390 3049 patet
1463 2998 1534 3034 ex
1555 2985 1797 3044 Juvenal.
1832 2982 2212 3035 Reddebantnr
2233 2980 2518 3046 praesertim

326 3060 656 3110 novissimum
672 3062 848 3111 venire
859 3063 1079 3125 solitum,
1096 3073 1149 3112 et
1164 3063 1383 3127 primum
1464 3061 1761 3111 solennibus
1800 3061 1902 3110 illis
1924 3060 2125 3124 diebus,
2147 3060 2211 3109 de
2234 3059 2414 3124 quibus
2435 3059 2521 3107 bic

327 3152 585 3202 egressum
607 3155 622 3188 ε
647 3140 784 3203 quod
802 3155 926 3191 vero
949 3141 1279 3191 Casaubonus
1297 3143 1383 3191 ad·
1462 3138 1709 3203 loquitur,
1745 3137 1790 3185 si
1823 3137 1938 3202 quis
1960 3152 2009 3185 v.
2050 3152 2101 3200 g.
2138 3144 2308 3199 togam
2342 3148 2521 3199 puram

328 3212 554 3278 dubitat,
569 3228 633 3264 an
652 3214 835 3265 sedens
860 3217 969 3281 ipse
992 3219 1232 3268 sedentes
1250 3218 1384 3268 salu·
1465 3222 1716 3276 sumeret,
1755 3214 1798 3263 si
1821 3213 2076 3277 sponsalia
2101 3212 2272 3273 iniret,
2295 3212 2336 3260 si
2362 3211 2524 3260 dedu·

304 3334 309 3337 Α
329 3296 480 3346 taret,
496 3304 563 3339 an
585 3304 752 3353 secus,
776 3292 981 3342 videtur
1001 3295 1251 3357 explicari
1271 3309 1387 3343 ver·
1470 3290 1624 3339 cendi
1648 3289 1996 3351 magistratus,
2030 3287 2311 3350 candidati,
2323 3285 2524 3345 funera,

327 3365 394 3414 bo
415 3365 753 3429 ‘discedens,'
779 3375 833 3416 ut
855 3382 1034 3418 sensus
1059 3371 1128 3419 sit
1143 3370 1391 3420 salutatos
1472 3366 1517 3415 si
1551 3365 1671 3429 quid
1687 3372 1877 3414 ¹>essent
1915 3365 2205 3426 recitaturi,
2245 3363 2446 3427 aliaque
2471 3362 2525 3409 id

327 3441 389 3491 ab
409 3455 473 3492 eo
495 3442 740 3505 singulos,
769 3443 887 3493 dnm
925 3445 1240 3508 singulorum
1274 3444 1391 3494 sub-

327 3516 478 3566 sellia
514 3518 827 3583 proeteriret,
865 3527 920 3570 et
958 3520 1291 3583 valediceret,
1326 3535 1390 3569 an

330 3607 454 3643 vero
515 3607 782 3658 assurgere
834 3595 1108 3657 vetuisset,
1161 3597 1390 3660 quamvis

328 3683 429 3719 non
462 3670 626 3733 dicat,
667 3676 812 3721 certe
850 3671 1277 3720 verisimillimum·
1293 3679 1392 3722 est.

328 3745 436 3796 Hic
454 3751 613 3796 notat
634 3746 967 3796 casaubonus
995 3748 1046 3796 in
1070 3747 1390 3797 Viterbiensi

330 3827 386 3871 et
423 3822 743 3871 Memmiano
778 3822 1045 3872 codicibus
1080 3824 1273 3887 legere,
1312 3839 1391 3873 vu-

329 3898 425 3946 lere
446 3896 653 3958 dicebat,
690 3897 801 3947 sine
836 3912 963 3948 voce
1001 3899 1222 3962 danais,
1254 3899 1391 3964 quod

330 3979 387 4023 et
411 3973 655 4024 Latinum
679 3980 780 4037 est,
799 3990 829 4024 a
853 3974 1027 4024 multis
1045 3989 1250 4040 quoque
1269 3990 1393 4026 auc·

332 4048 537 4100 toribus
562 4056 887 4114 usurpatum.
1316 4064 1321 4069 ·

378 4132 427 4167 ›1’
449 4127 599 4176 Nullo
610 4129 945 4193 amnonis]
970 4127 1393 4192 Nomenclatore,

334 4199 401 4252 de
423 4216 526 4267 quo
551 4216 713 4267 supra
734 4218 782 4254 c.
804 4208 885 4254 19.

401 4285 427 4320 ι
466 4278 665 4343 Officia]
698 4280 776 4331 Ea
795 4285 936 4347 sunt,
952 4279 1018 4332 de
1038 4279 1225 4348 quibus
1247 4280 1397 4332 modo

1469 3452 1656 3504 genus,
1677 3456 1887 3505 quorum
1920 3441 2091 3503 aliqua
2124 3453 2318 3488 summo
2356 3451 2524 3494 mane,

1472 3525 1532 3568 ut
1556 3519 1599 3566 si
1623 3517 1868 3567 sumenda
1887 3517 2045 3565 virilis
2070 3522 2207 3579 toga,
2229 3515 2397 3579 aliqua
2420 3515 2525 3578 pri-

1470 3608 1555 3644 ma
1579 3593 1661 3643 vel
1681 3593 1908 3643 secunda
1927 3591 2031 3642 diei
2052 3592 2197 3653 bora,
2233 3597 2293 3640 ut
2311 3604 2523 3654 sponsa-

1468 3671 1557 3727 lia,
1595 3669 1768 3732 aliqua
1791 3669 2013 3731 deniqne
2047 3676 2226 3730 noctu,
2248 3673 2309 3717 ut
2328 3665 2527 3726 funera,

1469 3762 1585 3812 quae
1610 3744 1776 3797 officia
1800 3745 2105 3794 antelucana
2127 3741 2326 3791 Plinius
2347 3742 2525 3804 appel·-

1470 3825 1548 3873 lat
1573 3824 1729 3886 epist.
1763 3821 1950 3872 12.·lib.
1976 3833 2061 3870 ιιι.
2086 3831 2200 3884 quae
2235 3820 2402 3868 omnia
2436 3818 2527 3868 Se·

1473 3913 1578 3948 nex
1597 3898 1768 3949 factus
1790 3898 1931 3948 obire
1951 3896 2293 3968 gravabatur,
2304 3898 2361 3944 ut
2375 3892 2527 3957 infra,

1473 3976 1561 4024 ubi
1585 3981 1708 4024 nota
1729 3975 1795 4039 ,in
1828 3988 1928 4023 uno
1968 3987 1998 4022 e
2033 3972 2137 4021 suis
2172 3971 2316 4021 libris
2338 3970 2526 4034 *legere

1470 4052 1792 4101 Torrentium
1845 4050 2024 4112 grandi
2066 4049 2172 4110 jum
2209 4054 2341 4098 nutu.
2421 4047 2526 4096 Re-

1476 4127 1646 4192 perias
1678 4127 1815 4177 enim
1838 4141 1938 4177 non
1974 4126 2133 4176 semel
2168 4125 2381 4190 ‘magno
2403 4130 2528 4174 natu

1475 4204 1719 4272 quidam,’
1742 4207 1843 4256 &m
1864 4204 2003 4270 apud
2025 4210 2280 4256 auctores.
