3019 4922
522 394 651 462 492

524 553 621 619 At
649 554 767 620 illa
784 554 1141 626 commota,
1162 555 1418 615 veteres
1442 548 1768 632 quosdam
1788 546 1871 612 ad
1899 564 1972 610 se
1993 543 2287 628 Augusti
2311 542 2689 610 codicillos¹

526 656 609 721 de
639 654 998 722 acerbitate
1028 658 1092 716 et
1115 651 1536 717 intolerantia
1562 670 1821 717 morum
1850 649 2043 734 eius,³
2089 668 2127 713 e
2164 649 2458 715 sacrario
2474 655 2517 683 ¹¹¹
2546 666 2693 731 pro·

528 760 686 826 tulit
711 765 910 842 atque
950 755 1278 821 recitavit.
1368 754 1525 821 Hos
1567 764 1638 819 et
1678 753 2104 821 custoditos*
2144 751 2420 830 tamdiu,
2464 757 2537 815 et
2579 770 2693 816 ex·

528 863 873 948 probratos
901 864 1036 923 tam
1062 857 1322 936 infeste,
1343 856 1516 923 adeo
1543 857 1831 940 graviter
1859 856 2029 933 tulit,
2067 862 2143 921 ut
2164 854 2436 939 quidam
2463 857 2696 937 putent

528 965 697 1028 inter
726 980 970 1028 causas
999 979 1302 1026 secessus
1326 960 1497 1026 hanc
1530 960 1595 1026 ei
1624 961 1730 1027 vel
1757 959 2165 1045 praecipuam
2201 958 2433 1025 fuisse.
2519 956 2696 1028 Toto

531 1065 796 1149 quidem
822 1063 1156 1141 triennio,⁵
1173 1070 1203 1118 ’Ξ
1230 1082 1362 1147 quo
1392 1063 1659 1129 vivente
1689 1070 1899 1130 matre
1929 1059 2154 1141 afuit,⁶
2194 1059 2399 1126 semel
2428 1057 2696 1123 omnino

531 1186 703 1244 eam,
722 1187 844 1232 nec
871 1166 1159 1251 amplius
1180 1185 1383 1248 quam
1410 1184 1548 1230 uno
1580 1165 1711 1244 die,
1731 1185 1812 1231 ac
1838 1140 2270 1248 paucissimis
2294 1162 2464 1227 vidit
2485 1159 2699 1224 horis:

531 1289 612 1337 ac
654 1290 816 1335 mox
858 1289 1070 1354 neque
1111 1286 1308 1352 aegrae
1354 1268 1593 1334 adesse
1614 1277 1640 1318 ⁷
1687 1267 1966 1346 curavit,
2028 1266 2565 1349 defunctamque,
2613 1268 2700 1339 et,

1365 404 1427 451 C.
1473 399 1832 453 SUETONH

1420 1446 1784 1470 ”mum

532 1569 765 1632 pinse—3
799 1566 966 1617 Abest
1000 1565 1101 1630 <ias
1141 1579 1173 1616 a
1206 1567 1418 1617 Memm.
1479 1566 1668 1616 Statim
1695 1580 1726 1613 a
1746 1578 1868 1613 sacr.
1888 1568 1999 1627 opt.
2023 1562 2111 1622 lib.
2131 1564 2275 1613 Torr.
2307 1560 2557 1614 secretario
2579 1558 2705 1611 Cod.

531 1633 655 1683 Urs.
679 1633 827 1681 etita
847 1647 901 1681 se
925 1632 1106 1694 legisse
1138 1638 1360 1682 testatur
1394 1630 1635 1680 Beroald.
1671 1646 1697 1679 e
1729 1643 1902 1679 secrar.
1922 1627 2021 1678 Ed.
2045 1629 2179 1678 Bon.
2199 1628 2251 1677 ia
2266 1642 2387 1677 sacr.
2405 1628 2552 1677 Rom.
2571 1633 2707 1674 utra·

536 1713 653 1760 que,
685 1700 703 1728 ⁸
723 1697 876 1759 bene,
907 1697 948 1746 si
972 1697 1315 1761 jungerentur
1338 1704 1455 1760 post
1474 1696 1653 1746 custod.
1677 1708 1809 1744 nune
1846 1693 2043 1745 minus.³
2084 1694 2304 1744 oud—4
2340 1693 2406 1742 Ut
2427 1696 2548 1741 eust.
2571 1690 2709 1740 Har·

531 1762 654 1812 lem.
678 1763 845 1811 Periz.
868 1762 1013 1816 Cort.
1038 1761 1169 1812 Edd.
1193 1761 1373 1825 Camp.
1395 1762 1530 1810 Ven.
1547 1758 1753 1820 1.,Med.
1808 1759 2004 1808 Postea
2024 1773 2121 1823 pro
2141 1758 2331 1821 exprob.
2353 1757 2503 1806 Miill.
2529 1755 2709 1805 suadet

532 1831 795 1890 expromtos
814 1827 865 1875 h.
885 1840 933 1876 e.
955 1827 1006 1875 in
1028 1827 1197 1876 lucem
1227 1827 1470 1889 prolatos.
1503 1825 1737 1875 Harlem.
1768 1823 2123 1883 manifesta—6
2161 1822 2304 1884 Lips.
2336 1821 2708 1870 emendandum

534 1891 737 1941 censuit
769 1890 972 1954 biennio,
1017 1889 1351 1955 refragantib.
1389 1890 1613 1940 Casaub.
1652 1888 1828 1939 GraeV.
1863 1890 2083 1947 Ern.—6
2133 1887 2305 1948 Adfuit
2339 1885 2476 1936 Edd.
2511 1885 2708 1949 Grypb.

533 1954 710 2006 Plant.
733 1956 844 2005 aliae
882 1969 961 2003 ue.
1025 1956 1154 2005 Mox
1172 1971 1228 2005 ac
1251 1955 1398 2006 deest
1422 1956 1549 2004 Mss.
1572 1955 1743 2006 Pulm.
1764 1952 1961 2004 Medic.
1984 1953 2115 2017 Cop.
2140 1951 2311 2000 Periz.
2333 1952 2481 2001 Cort.
2503 1959 2557 1998 et
2580 1948 2710 1998 Edd.

532 2021 680 2071 vett.
701 2021 822 2070 item
898 2020 966 2068 ld.
984 2019 1165 2083 steph.
1213 2021 1368 2070 Malit
1399 2020 1540 2071 Oud.
1564 2019 1737 2069 delere
1758 2035 1814 2069 ac
1843 2026 1963 2069 ante
1994 2032 2123 2082 mox,
2158 2017 2243 2067 ubi
2278 2016 2457 2065 exulat
2487 2030 2518 2065 a
2554 2015 2712 2065 Polit.

532 2086 731 2135 Medic.
754 2090 800 2134 1.
819 2089 866 2134 3.
932 2085 1066 2134 Item
1099 2086 1202 2134 hor.
1233 2087 1333 2135 vid.
1367 2086 1419 2135 in
1450 2085 1605 2134 Vind.
1639 2087 1969 2150 utroque.—7
2004 2082 2090 2132 Ita
2122 2080 2347 2133 correxit
2381 2082 2521 2142 Lips.
2555 2087 2607 2128 et
2640 2079 2714 2127 ita

533 2150 680 2202 Torr.
698 2151 800 2200 Ms.
823 2163 940 2200 cum
962 2149 1097 2201 Edd.
1120 2149 1273 2200 Rom.
1288 2165 1391 2203 sec.
1407 2151 1545 2201 Ven.
1566 2154 1613 2200 1.
1631 2157 1685 2200 et
1703 2151 1769 2199 al.
1792 2149 1949 2199 abesse
1963 2147 2160 2213 Gryph.
2179 2148 2301 2197 Bas.
2322 2147 2495 2197 Plant.
2517 2152 2574 2196 et
2590 2157 2713 2207 «τετε

1517 2280 1732 2332 ΝΟΤΙΕ

572 2411 615 2447 ‘¹
650 2412 921 2480 ecdicium]
974 2412 1136 2465 Aldus
1190 2413 1459 2464 Manutius
1519 2411 1588 2463 de

537 2488 787 2540 codicillis
820 2490 920 2540 hoc
961 2490 1155 2540 babet:
1212 2490 1358 2540 Dieti
1399 2494 1520 2539 sunt
1558 2503 1589 2538 a

533 2566 818 2632 codicibus,
875 2567 929 2617 id
974 2575 1075 2631 est,
1111 2567 1351 2617 arborum
1397 2566 1587 2616 libr-ist

538 2642 710 2706 plures
748 2644 885 2694 enim
929 2644 1116 2708 ligneoe
1161 2643 1363 2696 tabella
1393 2644 1590 2708 glutino

528 2716 898 2784 jungebantur,
918 2718 1043 2769 item
1063 2727 1122 2770 ut
1135 2719 1427 2784 junguntur
1438 2719 1591 2770 hodie

537 2795 701 2843 nostri
723 2793 860 2847 libri.
923 2794 1026 2844 Sed
1057 2803 1328 2860 antequam
1365 2796 1418 2844 in
1443 2794 1593 2845 arbo·

539 2884 651 2919 rum
680 2869 846 2934 libris,
882 2872 1166 2934 palmarum
1203 2873 1253 2920 in
1294 2870 1433 2922 foliis
1478 2886 1593 2921 esse

538 2947 786 3009 scriptum
810 2947 1009 2997 Plinius
1032 2955 1212 2998 auctor
1232 2955 1333 3010 est,
1353 2947 1443 2997 lib.
1464 2961 1593 2998 xm.

539 3036 654 3083 cap.
677 3026 757 3071 ll.
792 3023 881 3072 ubi
913 3023 1186 3086 pugillaria
1215 3022 1473 3085 significat
1505 3038 1593 3074 co-

541 3096 740 3146 dicillos
762 3111 894 3159 esse,
922 3098 975 3147 id
998 3105 1095 3163 est,
1111 3098 1332 3148 tabellas
1354 3113 1476 3148 cera
1496 3099 1596 3148 illi-

543 3178 641 3233 tas,
680 3172 733 3220 in
767 3172 949 3236 quibus
984 3171 1282 3237 pungendo,
1325 3173 1458 3237 stylo
1499 3173 1595 3223 im-

542 3260 719 3310 presso
760 3246 1096 3304 scriberetur,
1136 3247 1276 3297 unde
1327 3248 1595 3313 pugillaris

538 3338 743 3373 nomen.
821 3324 1017 3374 Verum
1058 3325 1159 3374 etsi
1198 3332 1321 3375 ante
1362 3326 1595 3378 chartam

538 3399 703 3458 fuere,
739 3407 859 3464 post
891 3401 1108 3452 eandem
1139 3409 1311 3452 tamen
1333 3402 1594 3453 inventam

540 3491 775 3527 mansere
816 3477 1061 3538 codicilli,
1097 3478 1351 3529 commodi
1394 3480 1597 3529 seilicet

539 3570 714 3620 causa,
756 3557 997 3623 quoniam
1031 3556 1119 3606 ubi
1153 3557 1337 3607 charta
1369 3565 1426 3608 et
1459 3565 1595 3608 atra·

539 3639 768 3683 mentum
812 3648 914 3683 non
947 3633 1175 3697 adesset,
1206 3642 1267 3684 ut
1301 3635 1355 3684 in
1390 3635 1595 3699 itinere,

539 3709 592 3759 in
635 3723 797 3772 coena,
839 3709 892 3759 in
933 3709 1147 3769 Senatu,
1189 3709 1416 3762 codicilli
1457 3714 1608 3776 stylo.

541 3788 724 3851 scripti
767 3786 1124 3838 mittebantur.
1191 3790 1406 3840 Notasis
1448 3790 1597 3841 Guil-

540 3864 750 3914 landum
786 3878 880 3929 pro
909 3866 1174 3929 palmarum
1205 3865 1258 3916 in
1289 3865 1405 3916 loeo
1436 3866 1598 3917 Plinii

543 3958 664 3996 mox
700 3945 909 3995 laudato
943 3944 1120 4008 legere
1156 3945 1432 4009 malvarum,
1463 3946 1600 4010 quod

543 4027 599 4069 et
622 4021 674 4069 in
696 4021 975 4070 malvarum
991 4018 1128 4069 foliis
1146 4020 1421 4086 aliquando
1437 4021 1599 4087 scrip·

545 4101 656 4143 tum
693 4095 790 4144 sit:
824 4095 960 4158 quod
995 4095 1228 4146 indicant
1262 4111 1437 4147 versus
1471 4111 1600 4161 quos

545 4169 660 4232 ipse
682 4183 746 4218 ex
769 4171 973 4222 Isidoro
1002 4172 1248 4223 adducit:
1300 4175 1317 4204 ‘
1335 4174 1468 4226 Hoec
1504 4175 1599 4226 tibi

548 4245 772 4299 Arataeis
815 4246 1030 4298 multum
1070 4248 1333 4315 invigilata
1371 4251 1597 4304 lucernis

1665 2411 1925 2475 Carmina,
1948 2409 2060 2475 quis
2084 2409 2231 2474 ignes
2252 2406 2487 2457 novimus
2522 2404 2714 2456 aiii-ios:

1667 2491 1845 2541 Laevis
1866 2491 1918 2539 in
1943 2488 2142 2539 aridulo
2166 2486 2349 2538 malvae
2373 2484 2636 2550 descripta
2659 2482 2717 2532 li-

1664 2567 1822 2631 bello,
1857 2564 2109 2617 Prusiaca
2129 2564 2247 2614 vexi
2276 2576 2486 2612 munera
2513 2561 2721 2611 navicu·

1665 2644 1751 2696 la.'
1817 2647 1903 2697 De
1938 2643 2123 2711 quibus
2160 2642 2310 2706 plura
2350 2639 2489 2690 idem
2524 2637 2720 2689 Plinius

1669 2721 1844 2786 capite
1866 2719 2126 2787 sequenti.

1730 2806 1767 2832 ¹¹³
1799 2797 2044 2862 Sacrario]
2085 2797 2165 2847 De
2185 2793 2399 2845 larario
2419 2791 2721 2844 Torrentius

1667 2875 1914 2940 explicat,
1935 2875 2001 2924 de
2036 2887 2136 2939 quo
2172 2873 2222 2921 in
2260 2872 2499 2935 Augusto
2534 2884 2651 2934 cap.
2671 2871 2721 2917 7.

1668 2952 1775 3002 Alii
1796 2951 1863 3000 de
1889 2949 2136 3014 peculiari
2154 2946 2375 3012 quadam
2397 2944 2584 2995 redium
2610 2958 2723 3010 par·

1670 3033 1745 3092 te,
1783 3024 2019 3089 Augusto
2057 3030 2377 3084 consecrata,
2413 3021 2467 3070 in
2489 3034 2593 3085 qua
2614 3019 2723 3084 ejus

1668 3102 1943 3165 imaginem
1964 3101 2197 3163 haberet,
2219 3106 2276 3148 et
2305 3097 2475 3162 ipsum
2509 3097 2724 3158 coleret,

1668 3179 1951 3231 reconditis
1973 3178 2166 3229 ibidem
2206 3175 2591 3241 pretiosissimis
2615 3173 2723 3239 qui·

1669 3257 1867 3323 busque
1891 3257 1991 3307 sibi
2015 3256 2081 3307 ab
2103 3255 2338 3319 Augusto
2362 3252 2581 3304 relictis.

1732 3340 1758 3366 ¹⁸
1793 3333 1909 3382 Toto
1929 3332 2117 3397 quidem
2149 3328 2378 3392 triennio]
2411 3327 2636 3382 Quidam
2658 3327 2726 3376 le·

1671 3409 1865 3473 gebaut
1903 3408 2120 3458 biennio.-
2164 3404 2302 3471 quod
2337 3405 2537 3454 nonnisi
2576 3404 2726 3468 paulo

1671 3487 1787 3552 plus
1828 3499 1983 3550 quam
2028 3483 2289 3533 biennium
2334 3481 2725 3541 intercesserit3

1671 3561 1811 3613 unde
1862 3560 2160 3611 Torrentius
2203 3560 2221 3586 ‘
2247 3556 2394 3608 toto’
2449 3557 2728 3608 liberaliter

1671 3638 1868 3688 dictum
1914 3636 2005 3697 ait,
2048 3650 2148 3685 non
2194 3641 2380 3685 exacte
2424 3634 2489 3684 ad
2536 3648 2728 3685 verum.

1671 3716 1826 3766 Certe
1868 3715 1919 3764 in
1958 3710 2277 3763 Memmiano
2313 3717 2370 3761 et
2411 3709 2731 3761 viterbiensi

1673 3793 1941 3845 codicibus
1965 3789 2296 3841 casaubonus
2323 3789 2458 3852 legit
2488 3787 2694 3839 triennio
2710 3803 2730 3846 ,⁰

1672 3886 1774 3936 quo
1809 3867 2063 3919 credibile
2091 3865 2171 3924 fit,
2206 3873 2297 3916 aut
2338 3865 2389 3914 in
2430 3865 2622 3928 Fastis,
2642 3870 2729 3914 aut

1673 3947 1725 3997 in
1756 3945 2004 3997 Suetonio
2043 3957 2269 3994 errorem
2300 3941 2549 3993 subesse:
2582 3941 2728 4005 hujus

1673 4024 1810 4073 euim
1834 4022 2054 4072 auctoris
2078 4020 2421 4071 exactissimae
2451 4018 2727 4081 diligentia

1679 4113 1973 4164 repugnare
1997 4098 2218 4162 videtur,
2241 4095 2376 4160 quod
2402 4100 2571 4144 totum
2590 4092 2725 4142 dixe·

1679 4178 1749 4227 rit
1786 4175 2083 4239 triennium,
2100 4175 2144 4225 si
2187 4174 2284 4224 hoc
2321 4170 2523 4223 nonnisi
2558 4167 2726 4233 paucis

1667 4244 1942 4306 ⁴mensibus
1964 4253 2226 4318 inceptum
2251 4246 2582 4302 credidisset.
