3019 4922
462 379 551 446 58
1317 392 1381 439 c.
1428 386 1791 439 sunromr

463 538 743 621 pinam‚⁷
766 543 794 572 ⁸
828 534 1107 620 Illyrico
1123 531 1145 570 s
1171 533 1463 618 adjecto,
1495 534 1641 617 lege
1671 528 1995 597 Vatin'iass
2026 527 2370 611 accepite*
2393 524 2422 562 ¹¹
2448 546 2623 592 mox
2640 528 2666 568 ⁸

463 659 585 724 per
613 638 961 716 Senatum,
1009 638 1357 703 Comatam
1390 655 1664 721 quoque
1688 631 1744 716 3⁵
1785 634 2018 700 veritis
2055 632 2401 709 Patribus,
2451 649 2565 708 ae,
2607 630 2671 694 si

460 742 601 825 ipsi
629 747 1007 824 negassent,
1038 740 1332 826 populus
1354 748 1423 806 et
1448 741 1623 805 hanc
1652 739 1865 804 daret.
1952 735 2111 816 Quo
2139 734 2388 819 gaudio
2416 730 2670 810 elatus,

461 863 599 911 non
626 845 1056 928 temperavit,
1086 844 1248 927 quin
1280 862 1541 928 pancos
1571 847 1727 926 post
1753 840 1897 905 dies
1925 837 2260 924 frequenti
2286 837 2476 903 curia
2509 835 2667 920 jac-

462 951 658 1027 taret,
688 946 921 1013 invitis
964 952 1034 1012 et
1073 946 1489 1028 gementibus
1539 941 1945 1010 adversariis
1973 941 2290 1027 adeptum
2319 959 2418 1016 se,
2452 956 2617 1023 qnae
2640 946 2670 988 ⁹

463 1052 929 1134 concupisset3
972 1048 1252 1134 proinde
1274 1057 1329 1088 ¹0
1369 1068 1456 1114 ex
1488 1068 1572 1114 eo
1597 1046 2069 1113 insultaturum
2087 1041 2116 1080 ¹⁸
2146 1043 2441 1110 omnium
2472 1040 2671 1126 capi-

462 1152 675 1219 tibus:
719 1172 799 1218 ac
845 1157 1126 1235 negante
1155 1151 1446 1237 quodam
1487 1170 1607 1236 per
1655 1147 2157 1227 contumeliam,
2203 1153 2225 1183 ‘
2252 1146 2488 1212 Facile
2534 1144 2668 1208 hoc

462 1254 627 1320 ulli¹
671 1251 1004 1321 foeminoe¹
1035 1253 1225 1335 fore,'
1254 1255 1660 1340 respondit,·²
1703 1253 1901 1339 quasi
1925 1250 2330 1329 ·allndens‚¹¹¹
2374 1253 2396 1284 ‘
2420 1248 2508 1314 In
2540 1247 2672 1332 Sy-

1389 1432 1759 1456 ”HOMO

466 1535 678 1589 Gauium
692 1542 794 1602 pot.
818 1539 877 1588 el.
890 1539 945 1586 in
964 1538 1056 1601 cni.
1075 1541 1209 1590 emol.
1228 1545 1277 1593 et
1295 1553 1403 1604 opp.
1427 1539 1561 1589 idon.
1579 1538 1646 1588 sit
1673 1542 1790 1588 mat.
1809 1541 1878 1587 tr.
1912 1536 1995 1585 vel
2028 1533 2293 1597 audacius,
2322 1533 2459 1596 cuias
2495 1533 2674 1584 emolu·

461 1607 670 1651 natum
702 1609 750 1652 et
782 1605 1109 1666 opportunitas
1138 1606 1304 1654 idonea
1335 1606 1402 1653 sit
1433 1608 1551 1653 mat.
1572 1607 1638 1651 tr.
1657 1609 1704 1654 et
1730 1604 1800 1652 in.
1831 1618 1876 1665 q.
1904 1602 2007 1651 Cis.
2071 1601 2270 1651 Tuetur
2295 1599 2510 1647 Gauium
2545 1613 2670 1663 qno-

462 1679 563 1729 que
584 1668 717 1719 Era.
749 1670 837 1731 qni
861 1683 978 1719 cum
1002 1670 1186 1719 Burm.
1205 1677 1390 1723 contra
1419 1668 1710 1720 sententias
1731 1667 1929 1718 Sanctii
1953 1674 2010 1718 et
2043 1665 2320 1724 Perimuli,
2341 1663 2544 1715 servari
2580 1679 2672 1712 ex-

460 1731 680 1797 istimat,
703 1733 824 1799 quia
857 1733 988 1794 cnjus
1017 1736 1272 1800 sequitur.
1339 1734 1536 1784 Contra
1556 1731 1716 1783 Wolf.
1749 1733 2021 1783 lectionem
2058 1732 2179 1784 Jac.
2213 1730 2446 1781 Gronov.
2484 1728 2676 1781 Gallias

456 1801 559 1859 pot.
603 1798 665 1848 el.
699 1798 852 1848 cnivis
887 1800 1191 1849 emolumento
1224 1803 1274 1849 et
1303 1799 1653 1863 opportunitate
1679 1799 1891 1861 idomas,
1920 1803 1969 1847 et
1998 1797 2198 1847 mater-ia
2230 1801 2296 1846 tr.
2331 1794 2569 1859 proxime
2605 1795 2670 1842 ad

466 1876 644 1911 verum
678 1864 931 1915 accedere
952 1865 1222 1924 censebat,
1245 1879 1462 1929 eamque
1485 1864 1688 1928 recepit
1711 1863 1852 1915 Ond.
1874 1863 1959 1928 qui
1982 1863 2171 1912 idonm
2192 1869 2365 1912 tamen
2391 1869 2513 1925 post
2534 1860 2673 1911 cml.

462 1927 687 1989 positum
720 1929 969 1982 malebat.
1001 1929 1287 1995 ‘Acquievi
1321 1929 1531 1981 tandem
1567 1929 1620 1979 in
1656 1929 1795 1992 vulg.
1827 1929 1949 1979 lect.
1982 1936 2253 1992 postquam
2278 1940 2508 1976 summos
2533 1924 2671 1974 viros

462 1991 517 2041 iu
541 1991 842 2057 refingendo
862 1995 982 2045 loco
1009 1994 1203 2046 frustra
1242 1995 1501 2045 laborasse
1526 1994 1653 2044 vidi.
1721 1996 1968 2045 Ceterum
1998 1990 2128 2044 facit
2157 1990 2269 2041 fere
2300 2006 2510 2041 mecum
2532 1990 2674 2040 Wal-

462 2057 640 2106 tberns
662 2058 713 2107 in
740 2059 894 2109 Obss.
917 2061 1014 2110 nisi
1039 2062 1176 2126 quod
1200 2060 1379 2111 durius
1403 2060 1564 2111 verba
1598 2060 1671 2109 ita
1679 2059 1856 2125 jungit
1876 2077 1891 2110 z
1926 2057 2060 2119 cnjus
2075 2058 2141 2106 sit
2162 2056 2364 2106 materia
2384 2055 2671 2119 triumphor.

461 2121 629 2173 idonea
647 2125 970 2191 emolumento,
1003 2131 1051 2175 et
1083 2141 1192 2190 opp.
1261 2126 1482 2176 Facilius
1514 2132 1661 2175 certe
1696 2135 1878 2175 auctor
1912 2123 2234 2186 scripsisset:
2266 2121 2354 2183 ctn’.
2381 2121 2587 2171 materia
2607 2119 2672 2169 sit

461 2192 529 2234 tr.
550 2193 599 2236 et
619 2189 752 2237 emol.
774 2195 819 2238 et
854 2205 959 2254 opp.
996 2191 1183 2241 idonea.
1245 2191 1367 2241 Stat
1401 2189 1525 2241 mihi
1564 2192 1847 2252 sententia,
1869 2187 2138 2253 jungenda
2161 2189 2254 2250 ⁰¹¹5·
2277 2189 2415 2237 emol.
2438 2201 2585 2250 seqq.
2619 2193 2673 2233 et

462 2250 629 2314 pudet
646 2250 758 2302 fere
779 2253 972 2304 addere
993 2256 1357 2319 suspicionem,
1378 2254 1654 2318 legendnm
1676 2272 1688 2304 ε
1720 2255 1814 2305 sibi
1833 2259 1955 2303 esset
1978 2267 2072 2316 pro
2091 2250 2192 2304 sit!
2228 2253 2447 2315 Baumg.

462 2321 547 2366 est
566 2316 786 2368 varietas
810 2318 863 2368 in
887 2321 1017 2373 Mss.
1040 2321 1140 2371 nisi
1163 2322 1235 2387 fit
1271 2336 1366 2384 pro
1386 2323 1525 2373 sitin
1549 2319 1707 2372 duob·
1728 2318 1883 2372 codd.
1902 2318 2060 2369 Grnt.
2085 2315 2230 2369 Med.
2264 2321 2309 2367 l.
2330 2321 2381 2366 3.
2413 2318 2671 2379 copes.—

461 2384 494 2433 7
521 2380 883 2447 Transalpinam
902 2385 1061 2438 Vind.
1086 2390 1232 2438 1.-8
1263 2387 1476 2451 Moxque
1498 2385 1634 2436 Edd.
1654 2385 1804 2436 Rom.
1833 2384 2002 2435 Panlo
2020 2390 2140 2448 post
2155 2397 2268 2446 pop.
2285 2382 2335 2433 ei
2352 2381 2481 2432 Itane
2503 2380 2670 2431 Rhed.

463 2448 613 2499 l.—·-9
649 2447 788 2506 Quod
823 2449 989 2502 Rbed.
1018 2454 1069 2501 2.
1103 2452 1444 2516 concupivisset
1466 2450 1627 2503 vind.
1661 2454 1838 2502 1.-·-1o
1872 2448 2007 2501 Edd.
2044 2448 2259 2500 Mediol.
2297 2447 2452 2500 eald.
2487 2447 2671 2498 deinde.

460 2510 590 2565 Mox
612 2514 753 2579 conj.
769 2514 895 2579 an.
921 2517 1204 2569 inlusarum.
1237 2517 1401 2570 Vind.
1419 2522 1463 2567 1.
1497 2532 1550 2570 ss
1570 2517 1837 2568 inulte-1
1869 2516 1972 2566 Uni
1993 2514 2134 2575 foem.
2165 2513 2323 2565 Vind.
2344 2518 2396 2564 l.
2416 2513 2672 2578 probante

1454 2664 1671 2715 NOTAE

527 2766 549 2792 ⁸
585 2758 799 2823 Gauium
841 2762 1164 2827 Cisalpinam]
1210 2761 1345 2813 Haec
1388 2761 1527 2812 inter
1607 2761 1782 2823 batur,
1815 2759 2125 2814 sabaudiam
2157 2759 2468 2824 detraxeris,
2496 2761 2670 2826 Belgi-

2517 2251 2561 2301 N
2572 2251 2674 2299 ulla
2760 2256 2775 2270 ⁶

459 2833 623 2900 Alpes
645 2844 703 2888 et
721 2837 1053 2902 Apenninum
1075 2838 1341 2892 Anconam
1360 2854 1525 2905 usquc

459 2913 845 2976 porrigebatur.
910 2915 1084 2965 Hodie
1107 2923 1229 2966 sunt
1260 2931 1336 2966 em
1359 2915 1524 2967 ferme

458 2988 698 3053 regiones
719 3005 838 3055 qum
866 2991 1241 3055 Langobardiae
1268 3000 1325 3044 et
1356 2993 1525 3044 Pede-

458 3066 643 3115 montii
667 3069 875 3122 nomine
897 3076 1196 3122 censentur.

523 3139 545 3174 f
571 3141 795 3209 Illyrico]
838 3146 1008 3211 Regio
1031 3161 1147 3211 qnae
1170 3147 1290 3196 olim
1314 3147 1367 3196 in
1391 3147 1522 3199 duas

459 3226 654 3284 parteS,
671 3222 970 3272 Liburniam
995 3239 1055 3274 ac
1081 3224 1421 3290 Dalmatiam,
1442 3226 1521 3279 di-

457 3295 590 3357 visa,
612 3312 750 3348 nnnc
781 3313 885 3348 uno
917 3301 1121 3350 nomine
1151 3302 1402 3351 Dalmatia
1431 3317 1521 3368 ap-

457 3374 702 3438 pellatur.
724 3375 900 3428 Tiber.
922 3391 1039 3441 cap.
1063 3381 1147 3431 16.

522 3460 549 3496 Β
582 3453 715 3516 Lege
744 3454 963 3519 Vatinia]
996 3455 1378 3520 Vatinii,quem
1403 3456 1520 3508 Cae-

455 3543 540 3578 sar
555 3529 834 3582 Tribunum
854 3531 1020 3596 plebis
1036 3529 1238 3583 fecerat
1253 3533 1520 3599 rogatione

456 3606 582 3660 lata.

525 3694 547 3739 †
584 3682 653 3736 A.
670 3686 738 3737 U.
765 3686 829 3736 C.
850 3688 966 3736 696.

518 3758 545 3792 ¹²
575 3761 794 3826 Accepit]
831 3761 878 3812 A
901 3761 1095 3826 populo
1115 3760 1334 3828 scilicet,
1359 3761 1518 3831 idque

455 3836 886 3901 quemadmodum
931 3846 987 3887 et
1033 3838 1134 3886 alia
1189 3840 1357 3888 multa
1398 3855 1519 3906 quae

455 3913 635 3967 Caesar
668 3913 926 3965 obtinuitz
960 3914 1427 3970 extraordinarium
1460 3925 1518 3969 et

454 3996 639 4039 contra
661 3990 802 4053 leges
823 3986 941 4052 fuit,
955 3989 1248 4040 omnimodo
1265 3993 1404 4044 enim
1426 3993 1517 4044 de-

453 4064 728 4120 cernendae
750 4071 899 4116 erant
920 4080 953 4117 a
974 4066 1172 4118 Senatu
1194 4069 1494 4134 provinciae.

517 4140 533 4174 ¹
577 4142 821 4193 Comatam
861 4142 1063 4208 qnoque]
1119 4142 1339 4204 Scilicet
1389 4144 1520 4198 Gal-

451 4216 605 4270 liam:
660 4218 775 4269 baec
811 4232 954 4281 vero,
992 4218 1039 4269 si
1075 4232 1144 4270 ex
1185 4219 1519 4282 Narbonensi

439 4292 745 4359 provincia,
767 4308 883 4360 qnae
905 4292 1153 4345 braccata
1174 4293 1347 4348 Gallia
1377 4298 1519 4356 dice.

1605 2854 1790 2904 coeqne
1812 2837 2001 2888 Gallie
2023 2852 2218 2902 pancas
2240 2845 2438 2902 partes,
2458 2838 2671 2889 Franci-

1604 2928 1721 2965 cnm
1745 2916 1799 2965 in
1822 2914 1988 2965 Gallis
2007 2914 2279 2979 imperium
2300 2915 2458 2966 hodie
2480 2916 2670 2967 consti-

1604 2991 1709 3043 tuit
1726 3008 1745 3041 τ
1792 2992 1957 3042 tribus
2002 2992 2151 3042 enim*
2179 2992 2415 3057 partibus
2452 2994 2667 3044 Comata

1604 3069 1781 3122 Gallia
1814 3068 2107 3128 constabat,
2140 3067 2425 3135 Aquitania
2463 3083 2669 3135 nempe,

1604 3146 1806 3197 Celtica
1838 3146 1949 3195 sive
1972 3145 2327 3210 Lugdunensi,
2350 3153 2408 3197 et
2430 3147 2667 3210 Belgica,

1601 3238 1719 3289 quae
1737 3236 1915 3273 omnes
1932 3223 2163 3273 Comatae
2177 3235 2364 3271 nomen
2383 3238 2414 3273 a
2430 3222 2667 3285 capillitii

1591 3301 1705 3366 jam
1730 3300 1852 3349 inde
1874 3300 2019 3350 cultu
2043 3299 2245 3349 sortitae
2269 3297 2501 3350 fuerant.

1666 3374 1691 3410 ¹¹
1725 3374 2098 3440 Insultatmam]
2131 3374 2251 3428 Hoc
2285 3375 2542 3426 vocabulo
2578 3373 2665 3424 ob·

1601 3470 1831 3505 scoenum
1865 3455 2031 3504 latere
2063 3452 2329 3520 quidpiam
2361 3452 2665 3503 Torrentius

1600 3534 1753 3598 bene,
1795 3539 1854 3582 nt
1898 3533 2100 3597 opinor,
2142 3531 2456 3597 suspicatur.
2538 3530 2664 3584 Tale

1600 3611 1735 3661 enim
1773 3609 1898 3678 quid
1936 3609 2141 3676 jactare
2181 3606 2419 3658 solebant
2460 3606 2515 3656 in
2557 3619 2664 3668 eos,

1599 3705 1728 3758 quos
1752 3688 2036 3740 infensiore
2070 3695 2338 3740 contemtu
2376 3685 2662 3747 afficerent,

1601 3774 1751 3831 patet
1772 3782 1838 3817 ex
1859 3765 1974 3816 aliis
1990 3766 2141 3830 liujus
2164 3765 2395 3817 auctoris
2418 3764 2565 3827 locis,
2586 3763 2664 3812 iu-

1597 3842 1681 3892 fra
1695 3842 1871 3895 Tiber.
1894 3857 2012 3906 cap.
2034 3846 2117 3895 4⁵.
2138 3856 2244 3908 quo
2267 3848 2445 3893 tamen
2464 3840 2661 3891 obs'coe-

1596 3935 1666 3974 no
1701 3935 1857 3972 sensu
1894 3925 2166 3984 acceptum
2199 3918 2443 3974 concludi
2475 3918 2661 3970 solum·

1594 3995 1750 4051 modo
1771 4003 1948 4065 potest
1966 4011 2035 4048 ex
2054 4011 2123 4050 eo
2145 3995 2282 4061 qnod
2310 3995 2530 4059 negavit
2547 3992 2660 4057 qni-

1596 4072 1715 4126 dam
1732 4075 1840 4131 ille,
1852 4073 1871 4104 ‘
1889 4071 2047 4127 facile
2062 4074 2159 4127 boc
2173 4073 2264 4126 ulli
2276 4071 2501 4123 foeminae
2514 4068 2659 4131 fore:

1594 4166 1699 4206 non
1709 4166 1834 4204 vero
1847 4150 2044 4203 dictum
2060 4165 2092 4201 a
2107 4151 2335 4210 cassare,
2346 4157 2405 4199 nt
2419 4154 2658 4200 constare

1598 4228 1803 4281 videtur
1824 4243 1891 4281 ex
1912 4242 1980 4280 eo
1996 4228 2135 4293 qnod
2158 4226 2411 4291 reposuit.

1664 4304 1679 4340 ¹
1716 4302 2065 4369 Ullisoeniaoe]
2085 4303 2339 4359 Refertur
2356 4301 2424 4358 ad
2446 4300 2500 4355 id
2520 4297 2654 4367 quod
