3019 4922
506 459 675 527 3238·
1357 478 1418 524 c.
1464 474 1555 523 su
1571 471 1827 521 nroNn

508 623 823 690 cubuisse
854 622 1061 698 aiunt,
1091 620 1223 686 nisi
1243 618 1477 685 humili
1508 624 1573 683 et
1598 619 1861 683 modice
1888 618 2224 682 instrato.⁹
2309 613 2525 681 Veste
2556 633 2686 680 non

508 734 784 791 temere³
832 725 966 789 alia
995 745 1196 810 quam
1229 723 1600 788 domestica
1626 742 1786 786 usus
1817 727 1945 798 est,
1996 722 2081 784 ab
2125 738 2352 784 sorore
2379 729 2449 784 et
2478 738 2686 783 uxore

511 836 582 893 et
610 828 753 893 filia
781 828 1229 912 neptibusque
1260 825 1610 892 confecta:
1644 824 1839 907 togi3‚
1866 843 2080 906 neque
2108 824 2451 898 restrictiS,
2476 840 2693 903 neque

507 931 720 996 fusis:
768 931 1010 1010 clavo}
1035 950 1154 995 nec
1193 929 1353 1004 lato,
1381 948 1502 993 nec
1532 932 1851 1009 angusto:
1897 926 2352 990 calciamentis
2372 932 2427 963 ¹0
2457 924 2695 989 altius-

510 1034 743 1113 culiS,¹¹
771 1042 848 1097 ut
873 1034 1225 1117 procerior,
1253 1050 1456 1117 quam
1486 1038 1649 1107 erat,
1679 1029 2030 1093 videretur.
2098 1029 2184 1094 Et
2211 1027 2505 1093 forensia
2525 1035 2553 1060 ν
2583 1047 2702 1092 au-

1442 1227 1502 1250 Ν

1716 1227 1808 1248 m

511 1368 670 1419 vind.
692 1366 944 1431 probante
965 1366 1280 1428 Baumg.-9
1315 1364 1555 1413 Instructo
1575 1361 1730 1411 Vind.
1750 1365 1797 1410 1.
1862 1362 1991 1410 Tum
2015 1360 2192 1423 placet
2216 1359 2435 1421 Baumg.
2464 1364 2522 1407 ut
2545 1358 2710 1408 etiam

515 1434 742 1497 Graevio,
778 1432 986 1481 Ruhnk.
1029 1439 1085 1480 et
1118 1432 1242 1479 Ern.
1281 1428 1610 1491 transpositio
1645 1427 1931 1487 verborum,
1956 1440 2108 1490 quam
2144 1425 2340 1487 primus
2363 1424 2523 1472 suasit
2548 1424 2704 1472 Torr.

524 1501 665 1550 Veste
683 1514 775 1547 non
798 1503 904 1546 tem.
934 1498 998 1545 ul.
1021 1498 1150 1545 dom.
1176 1511 1246 1544 us.
1281 1500 1370 1552 est,
1392 1509 1529 1557 quam
1548 1493 1607 1541 ab
1627 1507 1713 1542 ux.
1738 1507 1882 1556 seqq.
1916 1492 2095 1539 Burm.
2120 1492 2274 1553 paulo
2298 1489 2450 1537 aliter
2470 1488 2708 1537 ordinem

515 1566 699 1613 statuit
721 1579 735 1612 ι
766 1569 892 1612 veste
911 1564 1036 1610 dom.
1060 1576 1152 1610 nou
1173 1565 1284 1609 tem.
1315 1561 1379 1607 al.
1401 1574 1473 1607 us.
1495 1563 1584 1618 est,
1603 1572 1683 1621 qu.
1703 1558 1779 1605 ab.
1803 1572 1887 1605 ux.
1942 1556 2223 1618 Vulgarem
2245 1554 2387 1603 verb.
2423 1554 2532 1602 ord.
2556 1561 2712 1602 tuen·

516 1636 604 1679 tur
624 1628 781 1678 Wolf.
805 1637 860 1677 et
882 1627 1138 1676 Walther.
1163 1625 1295 1676 obs.
1318 1639 1372 1688 p.
1397 1627 1479 1673 19.
1534 1622 1670 1672 Item
1692 1621 1752 1671 ab
1784 1636 1943 1670 sorore
1970 1626 2017 1669 et
2046 1636 2130 1669 ux.
2190 1621 2317 1670 Mas.
2339 1619 2484 1667 Torr.
2508 1618 2713 1667 Medic.

517 1701 586 1745 tr.
611 1694 768 1742 Vind.
792 1698 843 1742 2.
865 1694 1017 1741 Voss.
1041 1690 1177 1755 quod
1199 1689 1401 1752 recepit
1425 1687 1567 1737 Oud.
1595 1688 1846 1751 probante
1871 1687 1994 1735 Ern.
2014 1693 2069 1734 et
2091 1685 2312 1747 Baumg.
2349 1685 2519 1746 Vulgo
2541 1684 2602 1731 ab
2620 1699 2715 1732 ux.

515 1766 563 1809 et
586 1774 680 1807 sor.
713 1759 868 1808 vind.
893 1763 937 1807 l.
952 1756 1012 1806 ab
1033 1770 1206 1810 sorore,
1229 1769 1375 1803 uxore
1394 1753 1500 1812 ets.
1532 1754 1693 1801 Fene.
1733 1752 1793 1801 ab
1812 1765 1988 1811 sorore,
2024 1765 2172 1800 uxore
2205 1756 2255 1799 et
2279 1749 2394 1815 filia
2418 1748 2715 1811 nepotibusq.

517 1824 648 1874 Exc.
674 1825 789 1887 Cuj.
811 1839 906 1872 uon
929 1821 1317 1872 temeralia.—10
1351 1819 1497 1869 Peri
1516 1817 1760 1868 exhibent
1783 1817 1914 1867 bane
1934 1831 2049 1867 voc.
2073 1827 2128 1865 et
2153 1815 2303 1866 simil.
2326 1816 2532 1879 passim.
2578 1814 2717 1863 Mss-

1509 2016 1731 2069 NOTAE

2477 2144 2582 2197 Qui
2604 2160 2721 2195 mos

1659 2234 1716 2274 et
1747 2239 1779 2273 a
1800 2222 2035 2283 Graeci33
2076 2221 2373 2271 Alexander
2410 2221 2543 2271 enim
2578 2222 2726 2285 apud

522 2155 715 2220 gantiae
738 2170 878 2211 eura,
901 2153 937 2203 ii
961 2158 1100 2204 toros
1124 2160 1229 2201 tam
1266 2151 1370 2200 alte
1402 2147 1578 2199 sufful-

524 2240 608 2283 tos
649 2233 940 2291 habebaut3
982 2237 1043 2279 ut
1087 2230 1137 2277 in
1174 2242 1348 2278 eorum
1386 2227 1578 2276 lectum

1658 2163 1860 2198 monem
1885 2160 1999 2197 esse
2021 2160 2118 2211 per
2139 2160 2194 2195 se
2216 2151 2414 2212 notum.

523 2311 834 2376 quandoque
858 2307 1103 2382 gradibus
1139 2310 1276 2354 esset
1298 2301 1580 2352 ascenden-

523 2387 665 2447 dum,
687 2385 994 2450 quaudoque
1017 2381 1276 2430 subselliis
1303 2378 1581 2440 duntaxat,

522 2468 700 2530 qtiales
720 2464 999 2513 etiamnum
1011 2461 1168 2512 bodie
1186 2458 1426 2510 videntur
1443 2458 1581 2523 apud

522 2545 810 2593 nonnullos.
878 2543 1040 2590 Toros
1075 2537 1367 2604 hujusmodi
1402 2552 1582 2599 grava·

522 2621 678 2671 batur
717 2621 1002 2684 Augustus,
1044 2632 1141 2667 nec
1178 2614 1436 2680 probabat
1481 2613 1583 2664 nisi

524 2699 760 2760 humiles,
803 2711 934 2762 quos
969 2708 1158 2760 nempe
1209 2691 1363 2742 facile
1404 2698 1584 2756 posset

525 2774 825 2824 ascendere.

591 2859 610 2884 ⁸
652 2852 793 2901 Veste
812 2865 905 2899 nou
924 2855 1115 2912 temere,
1135 2845 1240 2910 ξω]
1287 2844 1587 2895 Torrentius

527 2928 642 2977 baec
683 2927 840 2976 verba
873 2923 1298 2989 sictransponit,
1331 2927 1458 2972 veste
1493 2937 1589 2971 nou

526 3011 699 3054 temere
731 3004 829 3052 alia
867 3003 1120 3053 amnestica
1155 3015 1270 3049 usus
1303 3004 1394 3060 est,
1429 3013 1587 3062 quum,

528 3072 694 3141 &cluit
716 3078 784 3127 sit
807 3093 1005 3138 sensus,
1026 3076 1338 3126 domesticas
1365 3075 1587 3122 duntax-

529 3165 585 3205 at
613 3150 855 3218 'Augusti
891 3161 1066 3204 vestes
1110 3153 1343 3203 manibus
1388 3153 1589 3200 illarum

529 3231 689 3282 fuisse
716 3229 1004 3291 confectas,
1041 3244 1145 3279 non
1179 3243 1304 3278 vero
1333 3226 1488 3276 etiam
1513 3225 1591 3274 fo-

531 3322 727 3357 renses,
794 3306 1009 3356 Certum
1053 3305 1261 3371 quidem
1296 3310 1378 3354 est
1419 3303 1592 3353 multis

531 3390 813 3443 auctorum
837 3383 982 3440 locis,
1022 3390 1220 3432 vestem
1255 3381 1405 3431 aliam
1430 3379 1590 3430 fuisse

531 3462 885 3522 domesticam,
931 3460 1083 3509 aliam
1134 3458 1411 3514 forensem,
1454 3457 1591 3522 quod

532 3540 853 3591 sufficienter
891 3528 1096 3588 evincat
1137 3551 1268 3586 unus
1319 3533 1592 3586 Ciceronis

528 3619 675 3667 locus
713 3631 776 3666 ιι.
817 3615 883 3664 de
916 3613 1144 3681 Finibus,
1184 3613 1200 3640 ‘
1221 3618 1310 3662 aut
1345 3610 1502 3660 etiarn
1535 3615 1593 3658 ut

531 3694 802 3756 vestitum,
819 3692 894 3740 sic
916 3690 1227 3740 senteutiam
1250 3687 1475 3736 babeant
1498 3684 1592 3734 ali-

532 3777 613 3820 ani
638 3769 992 3829 domesticam,
1027 3767 1180 3816 aliam
1214 3761 1514 3822 forensem,'
1535 3767 1592 3810 et

533 3847 767 3898 Suetonii
784 3845 921 3895 infra
943 3845 994 3893 in
1018 3843 1235 3892 Vitellio
1257 3854 1302 3889 c.
1321 3845 1372 3888 9.
1407 3837 1511 3888 Sed
1536 3842 1594 3886 et:

530 3922 759 3974 forenses
793 3922 857 3971 ab
891 3919 1136 3970 uxoribus
1171 3922 1448 3966 contextas
1483 3921 1591 3962 tam

532 3999 832 4063 probaverit
867 4011 994 4046 unus
1029 3995 1112 4044 bic
1138 3992 1294 4044 Statii
1316 3993 1456 4041 locus
1479 3990 1593 4055 Syl·

535 4088 711 4122 varum
737 4087 813 4123 w.
837 4073 924 4122 nbi
956 4073 1125 4122 Roma
1145 4069 1496 4120 Domitianum
1521 4068 1591 4116 al·

533 4149 780 4213 loquitur,
802 4149 817 4175 ‘
834 4150 920 4197 Da
942 4148 1128 4212 gaudia
1148 4145 1296 4195 fastis
1315 4145 1593 4208 continua,

533 4226 624 4274 hos
633 4224 873 4273 humeros
889 4226 1050 4272 multo
1065 4223 1202 4272 sinus
1222 4221 1415 4271 ambiat
1431 4227 1595 4284 ostro,

535 4301 604 4350 Et
627 4306 1037 4364 properata·tuae
1068 4298 1302 4348 manibus
1335 4304 1594 4362 praetexta

534 4375 824 4429 Minervae!
844 4376 924 4427 De
941 4374 1192 4426 consulari
1209 4381 1470 4440 praetexta
1485 4387 1594 4426 ser·

1660 2300 1896 2350 Curtium
1932 2300 2019 2348 lib.
2051 2312 2103 2348 v.
2139 2306 2333 2347 vestem
2367 2314 2468 2361 qua
2505 2296 2726 2347 indutus

1662 2384 1794 2434 erat.
1820 2391 2047 2426 sororum
2073 2390 2172 2425 non
2203 2375 2391 2424 donum
2428 2373 2603 2434 modo,
2627 2373 2728 2422 sed

1662 2454 1817 2504 etiam
1853 2468 1981 2517 opus
2018 2467 2129 2502 esse
2162 2448 2454 2515 Sisigambi,
2488 2464 2727 2498 errorem

1660 2545 1804 2593 suum
1821 2543 2093 2590 excusans,
2106 2525 2349 2576 affirmat.
2373 2524 2574 2578 Quibus
2590 2525 2732 2575 forte

1660 2607 1913 2656 adductus
1966 2604 2271 2654 Torrentius
2315 2602 2731 2652 ‘domesticam'

1662 2683 1878 2746 intelligi
1918 2696 2070 2746 posse
2113 2695 2215 2730 non
2253 2678 2509 2730 diffitetur
2549 2695 2733 2744 qnam·

1664 2775 1881 2824 cumque
1906 2767 2104 2808 vestem
2125 2758 2264 2807 domi
2287 2756 2500 2821 factam.

1725 2838 1745 2870 ¹
1779 2835 1946 2899 Cluso]
1977 2832 2094 2885 Hoc
2129 2843 2229 2896 est,
2262 2834 2439 2884 tunica
2474 2834 2566 2883 illa
2608 2849 2731 2898 quae

1666 2913 1991 2964 Senatorium
2025 2911 2256 2961 ordinem
2281 2910 2346 2959 ab
2377 2910 2608 2974 equestri
2633 2911 2738 2960 dis·
2775 2952 2778 2955 .

1670 2989 1966 3051 tinguebat:
1992 2987 2058 3036 de
2077 3003 2178 3051 qua
2197 3001 2353 3050 supra
2376 2986 2428 3034 in
2447 2986 2482 3037 J
2488 2986 2557 3034 ul.
2584 3000 2634 3035 e.
2647 2990 2735 3035 45.

1669 3071 1726 3114 et
1770 3065 1903 3128 Aug.
1945 3078 1991 3113 c.
2017 3066 2107 3111 ¹38.
2160 3062 2350 3110 Sensus
2387 3066 2485 3120 est,
2527 3073 2595 3108 ea
2638 3075 2736 3109 nee

1672 3140 1843 3203 ampla
1878 3138 2024 3188 nimis
2054 3140 2189 3202 er'at,
2214 3145 2270 3186 ut
2294 3137 2621 3201 quorundam
2647 3137 2737 3201 qui

1670 3216 1808 3280 apud
1855 3217 2035 3279 vulgus
2092 3214 2433 3279 amplitudine
2481 3222 2736 3277 purpurae

1672 3294 2041 3357 gloriabantur,
2074 3306 2173 3341 nec
2205 3291 2362 3340 etiam
2398 3297 2616 3352 angusta
2658 3291 2738 3339 ni·

1670 3373 1785 3429 mis,
1806 3386 1872 3420 ue
1894 3370 1957 3420 ad
1984 3370 2154 3418 nimiae
2187 3367 2456 3431 turpisque
2481 3367 2739 3429 parcimo-

1673 3450 1775 3498 niae
1799 3446 2088 3496 declinaret
2113 3444 2384 3504 invidiam3
2416 3443 2491 3491 illi
2512 3457 2737 3506 namque

1675 3524 1866 3576 tunicae
1889 3537 1989 3572 non
2031 3523 2195 3570 minus
2226 3520 2390 3569 assuti
2427 3519 2509 3567 vel
2542 3519 2738 3568 intexti

1657 3608 1823 3650 'erant
1866 3599 2002 3648 clavi
2044 3597 2117 3646 illi
2165 3596 2274 3652 lati,
2311 3595 2397 3660 qui
2442 3595 2736 3645 laticlavios

1676 3678 1742 3727 ab
1766 3672 2583 3739 angustielaviisdistinguebant.
2632 3688 2636 3692 ·
2731 3686 2736 3691 ·

1735 3762 1762 3789 ¹²
1797 3750 2134 3803 Calciamentis
2168 3747 2456 3810 altiuscult’s]
2494 3749 2615 3797 Mos
2649 3749 2739 3799 ille

1673 3839 1778 3881 tam
1825 3831 2128 3880 Graecorum
2168 3841 2319 3891 quam
2372 3825 2740 3888 Romanorum,

1671 3909 1764 3958 sed
1805 3907 2027 3957 maxime
2064 3902 2409 3962 foeminarnm,
2443 3907 2503 3950 nt
2547 3901 2738 3951 subere

1672 3986 1770 4036 illis
1792 3983 1984 4033 infarto
2005 3985 2255 4030 staturam
2276 3977 2605 4042 adjuvarent.

1737 4069 1763 4094 v
1796 4056 2048 4119 Forensia]
2082 4057 2275 4118 'rogam
2321 4055 2616 4116 praeserfim
2661 4055 2743 4103 in-

1675 4138 1883 4201 telligit,
1927 4141 2086 4197 atque
2124 4129 2263 4181 aliud
2306 4127 2446 4179 forte
2485 4130 2739 4186 nonnihil,

1671 4216 1806 4282 quod
1832 4214 1897 4263 ad
1935 4217 2193 4265 ornatum,
2223 4209 2346 4258 dum
2382 4207 2525 4259 foras
2559 4210 2737 4274 prodi-

1672 4293 1816 4357 bant,
1836 4290 2142 4340 induerent:
2180 4292 2235 4335 et
2254 4285 2473 4338 suaserit
2494 4301 2595 4338 vox
2619 4288 2735 4354 pln-·

1672 4368 1794 4422 ralis
1816 4367 2015 4421 numeri
2032 4360 2323 4418 ‘forensia’
2427 4368 2431 4375 ·
