3019 4922
496 341 626 409 238

501 502 694 578 ade0,
715 505 789 564 ut
808 497 959 581 jure
986 495 1076 559 sit
1106 492 1445 576 gloriatuS,
1472 505 1906 554 marmoream
1927 483 1946 520 ‘
1973 503 2048 550 se
2073 481 2471 569 relinquere,
2492 500 2698 565 quam

501 603 871 669 latericiam
906 598 1302 679 accepisset.
1380 592 1638 657 Tutam
1662 609 1844 668 vem,
1867 595 2186 673 quantum
2217 585 2550 670 provideri
2576 585 2703 649 hu-

504 726 707 770 mana
736 704 987 766 ratione
1034 699 1279 783 potuit,
1308 697 1507 761 etiam
1538 697 1965 778 imposterum
2000 691 2328 775 praestitit.
2415 689 2706 754 Publica

505 827 708 891 opera
736 805 1022 889 plurima
1048 799 1423 865 exstruxit:
1452 817 1543 861 ex
1565 796 1806 880 quibus
1839 795 1948 860 vel
1975 790 2375 877 praecipua,⁸
2409 791 2707 854 Forum‘*

511 931 666 975 cum
696 908 841 973 aede
871 905 1116 970 Martis
1151 903 1462 979 Ultoris?
1493 900 1817 983 templum
1847 896 2185 982 Apollinis
2206 905 2235 947 ⁹
2277 897 2351 960 in
2370 893 2709 968 Palati0,W

511 1013 725 1077 aedem
751 1009 1086 1076 Tonantis
1113 1005 1158 1071 J
1163 1006 1311 1071 ovis
1343 1005 1413 1069 in
1438 1002 1800 1087 Capitolia
1890 1002 2049 1065 Fori
2078 996 2460 1065 exstruendi
2490 1011 2709 1060 causa

510 1115 640 1180 fuit
665 1114 1001 1180 hominum
1035 1117 1107 1174 et
1143 1108 1552 1194 judiciorum
1587 1103 1964 1182 multitudo,
1992 1087 2145 1187 quae
2175 1100 2555 1177 videbatur,
2577 1116 2712 1161 non

1359 350 1423 396 Ο.
1468 337 1826 396 SUEToNn

1436 1306 1802 1330 ‘OOOOOOMO

519 1453 700 1513 Camp.
733 1451 865 1499 Ven.
904 1452 971 1496 tr.
999 1445 1145 1495 Med.
1181 1445 1315 1493 Bon.
1351 1440 1514 1505 Lugd.
1546 1441 1695 1493 Junt.
1716 1436 1839 1488 Ald.
1863 1441 1911 1486 et
1932 1437 2119 1500 inzpost.
2142 1432 2302 1483 Vind.
2323 1435 2372 1481 2.
2395 1444 2457 1480 ac
2474 1428 2721 1493 praescivit

487 1525 490 1530 ’
518 1517 776 1566 ΡοΙίῑ.--8
808 1512 1059 1561 Extra-rsit
1081 1525 1144 1560 ex
1163 1508 1289 1572 quib.
1307 1505 1741 1571 praecipue³Periz.
1756 1503 1926 1567 quibus
1940 1507 1996 1551 ut
2018 1499 2178 1550 Polit.
2200 1513 2226 1547 e
2245 1497 2373 1561 quib.
2396 1496 2551 1545 vind.
2576 1499 2625 1544 1.
2648 1494 2724 1542 vel

521 1581 668 1630 abest
695 1580 841 1629 Cort.
865 1578 1096 1627 Harlem.
1120 1574 1255 1624 Edd.
1281 1575 1430 1622 Rom.
1451 1574 1587 1621 Ven.
1611 1571 1746 1618 Bon.
1771 1568 1919 1618 Med.
1941 1566 2109 1630 Lugd.
2131 1564 2166 1615 J
2172 1570 2282 1613 unt.
2305 1561 2428 1611 Ald.
2452 1560 2638 1624 Steph.
2661 1572 2724 1607 ex

523 1646 679 1696 etiam
702 1644 851 1694 deest
869 1644 1100 1706 Corn—9
1131 1639 1409 1703 Appollonis
1430 1638 1644 1687 Memm.
1665 1641 1725 1683 ut
1744 1635 1919 1696 supra,
1939 1647 1985 1681 c.
2006 1636 2086 1680 18.
2109 1638 2164 1678 et
2187 1630 2372 1678 iterum
2392 1642 2441 1676 e.
2466 1630 2549 1676 31.
2580 1623 2725 1674 Dein

509 1711 794 1780 festinatius
817 1707 971 1758 Huls.
995 1705 1169 1756 Periz.
1190 1706 1352 1758 Fouc.
1373 1701 1569 1752 Medic.
1592 1707 1656 1749 tr.
1678 1700 1925 1750 Dunelm.
1990 1697 2126 1746 Tum
2148 1696 2320 1745 nedum
2341 1692 2441 1742 Ed.
2462 1692 2618 1741 Rom.
2642 1703 2725 1753 pr.
2790 1691 2818 1704 ⁸

1500 1895 1735 1958 <NOTAE

590 2043 612 2070 ¹·
644 2036 1060 2100 Inundutionibus]
1097 2032 1270 2083 Livius
1299 2030 1391 2080 lib.
1412 2044 1468 2081 v.
1498 2028 1589 2079 de·
1670 2035 1798 2085 tum,
1838 2026 2055 2077 alterum
2091 2022 2146 2072 in
2186 2017 2449 2085 Capitolio
2486 2019 2611 2079 post
2652 2028 2732 2063 re-

529 2113 647 2165 cad.
664 2128 740 2163 ιν.
765 2113 929 2163 refert
946 2110 1227 2162 duodecies
1249 2108 1432 2158 eodem
1456 2120 1592 2156 anno
1670 2111 1829 2169 cepta
1847 2119 1878 2153 a
1900 2099 2109 2153 Parthis
2128 2097 2294 2162 signa.
2356 2093 2627 2157 Templum
2647 2091 2734 2140 hic

530 2206 769 2254 campum
823 2189 1092 2251 Martium,
1148 2188 1406 2251 planaque
1449 2182 1593 2231 urbis
1673 2190 1731 2232 et
1775 2181 1939 2230 aedem
1984 2177 2195 2228 videtur
2237 2170 2511 2224 manifeste
2556 2168 2735 2218 distin·

530 2267 800 2317 inundata.
889 2263 1264 2316 Inundationes
1320 2259 1596 2325 ejusmodi,
1675 2273 1856 2323 gnere,
1910 2257 2048 2314 unde
2089 2255 2224 2304 hanc
2266 2247 2618 2301 differentiam
2670 2259 2738 2295 ex

531 2344 757 2407 prodigii
793 2358 998 2407 semper
1024 2342 1140 2391 loco
1173 2355 1204 2389 a
1242 2338 1488 2389 Romanis
1506 2337 1595 2386 ha-

531 2419 660 2470 bitae
685 2428 824 2483 sunt,
855 2431 912 2470 et
935 2419 986 2470 in
1011 2424 1127 2468 acta
1152 2414 1339 2467 referri
1362 2415 1549 2464 solitae.

597 2505 618 2531 ⁸
650 2497 976 2561 Incendiisque
1006 2494 1277 2557 obnoxium]
1330 2492 1475 2541 Idem
1509 2490 1596 2540 Li-

532 2573 647 2624 vius
671 2574 762 2624 lib.
780 2588 820 2627 1.
842 2573 1028 2623 decad.
1047 2586 1127 2621 ιν.
1147 2572 1163 2600 ⁸
1177 2569 1361 2620 Annus
1385 2567 1598 2631 insignis

534 2650 774 2700 incend10
799 2650 1016 2713 ingenti,
1050 2663 1150 2713 quo
1176 2645 1338 2698 clivus
1360 2644 1599 2709 publicus

536 2727 604 2776 ad
644 2727 808 2776 solum
843 2725 1096 2775 exustus!
1160 2725 1232 2774 Et
1261 2721 1405 2786 alibi,
1426 2721 1601 2770 Tacit.

536 2803 628 2854 lib.
643 2818 743 2854 xv.
765 2803 952 2854 Annal.
972 2803 1058 2852 ubi
1082 2800 1149 2850 de
1173 2799 1415 2850 incendio
1432 2799 1602 2848 Nero·

537 2880 691 2928 niano
715 2894 925 2946 causam
953 2877 1138 2928 affert:
1170 2877 1187 2905 ⁶
1208 2875 1452 2926 Obnoxia
1476 2874 1603 2924 urbe

540 2957 701 3004 arctis
760 2955 1053 3017 itineribus,
1103 2953 1311 3018 hucque
1366 2957 1423 3001 et
1478 2953 1604 3001 illuc

538 3029 690 3081 flexis
713 3037 873 3094 atque
896 3030 1187 3080 enormibus
1212 3028 1375 3084 vici8,’
1395 3031 1495 3078 ὅτε.

606 3106 625 3140 t
655 3106 1001 3168 Marmoreum]
1039 3105 1157 3154 Non
1184 3103 1248 3152 de
1272 3103 1604 3152 aed'rficiorum

543 3182 916 3247 pulcritudine,
948 3180 1042 3229 sed
1071 3179 1137 3228 de
1161 3177 1366 3244 imperii
1388 3178 1608 3229 firmitu-

544 3257 683 3317 dine,
717 3271 785 3306 ex
821 3257 994 3307 Dione
1028 3255 1234 3322 quidam
1267 3255 1487 3320 intelligi
1521 3270 1605 3305 vo..

544 3335 703 3385 luisse
728 3340 1081 3399 putaverunts
1252 3340 1255 3345 Α

609 3420 635 3445 ¹¹
667 3410 870 3472 Forum]
906 3409 1044 3462 Quid
1068 3409 1139 3460 sit
1161 3409 1213 3459 in
1237 3410 1273 3464 J
1280 3410 1382 3460 ulio
1407 3425 1455 3461 c.
1474 3414 1555 3460 26.

610 3495 636 3522 v
656 3489 782 3538 AEde
792 3488 974 3546 Martis
992 3486 1200 3551 Ultoris]
1223 3488 1381 3538 ovid.
1394 3503 1448 3537 v.
1465 3488 1609 3536 Fast-

545 3566 844 3629 loquentem
901 3564 1154 3615 inducens
1182 3564 1508 3628 ·Augustnm‚
1558 3571 1614 3613 et

547 3642 711 3691 Marti
744 3655 928 3705 preces
950 3640 1255 3690 fundentem
1278 3657 1293 3690 z
1324 3643 1343 3671 ‘
1364 3642 1516 3690 Dona
1538 3639 1615 3688 fe-

547 3732 653 3782 res,
687 3725 763 3781 et,
791 3733 874 3767 me
902 3717 1118 3781 victore,
1142 3718 1410 3767 vocaberis
1441 3716 1613 3766 Ultor.

551 3795 861 3858 Dixerat,et
873 3794 1012 3844 victo
1029 3794 1179 3843 laetus
1194 3793 1261 3842 ab
1278 3794 1423 3843 hoste
1443 3791 1618 3842 redit!
1654 3837 1657 3840 .

550 3873 754 3922 Formae
791 3871 893 3922 fuit
916 3871 1154 3922 rotundae
1180 3870 1233 3920 in
1255 3872 1366 3935 ipso
1389 3870 1617 3935 Augusti

550 3948 666 4010 foro
687 3955 952 4001 exstructa
965 3949 1106 3998 aedes
1121 3949 1229 4008 illa,
1246 3947 1347 3998 hac
1372 3948 1508 3998 urbis
1530 3948 1621 3996 ho-

555 4024 749 4074 diernae
790 4026 1019 4090 regione,
1057 4041 1172 4092 quae
1204 4027 1259 4077 S.
1282 4026 1531 4076 Martinoe
1552 4041 1622 4076 ae·

557 4102 675 4150 dem
701 4103 930 4166 attingit,
964 4119 1031 4153 ex
1054 4104 1407 4167 descriptione
1429 4104 1464 4154 J
1470 4103 1626 4154 acobi

558 4178 748 4241 Lauri3
781 4181 873 4229 sed
908 4180 1011 4230 duo
1034 4187 1182 4231 erant
1203 4188 1260 4230 et
1280 4181 1495 4231 diversae
1519 4179 1624 4228 for-

561 4269 681 4319 mae,
717 4263 988 4324 utrumqne
1024 4260 1089 4309 ab
1124 4258 1362 4324 Augusto
1399 4256 1629 4309 aedifica-

1676 2335 1836 2386 Gellii
1869 2334 1959 2384 lib.
1984 2346 2103 2383 xlv.
2142 2345 2190 2380 c.
2210 2333 2261 2379 7.
2292 2325 2557 2377 ascribere
2579 2335 2737 2386 expe-

1678 2412 1781 2476 dit;
1804 2410 1993 2461 ibidem
2013 2409 2149 2458 enim
2168 2422 2236 2457 ex
2251 2406 2486 2456 Varrone
2510 2402 2609 2452 ait:
2636 2401 2651 2427 ‘
2672 2400 2739 2450 In

1679 2492 1822 2542 curia
1844 2488 2070 2539 Hostilia
2091 2491 2148 2536 et
2178 2486 2232 2534 in
2268 2482 2521 2546 Pompeia
2543 2486 2599 2529 et
2624 2479 2745 2542 post

1678 2568 1733 2617 iu
1754 2567 1789 2617 J
1794 2567 1916 2627 ulia,
1948 2578 2065 2614 cum
2089 2561 2309 2626 profana
2330 2574 2392 2609 ea
2411 2559 2528 2608 loca
2548 2561 2745 2616 essent,

1679 2643 1875 2707 templa
1910 2655 2025 2690 esse
2065 2653 2159 2704 per
2193 2649 2413 2702 augures
2435 2632 2746 2687 constituta,

1681 2720 1815 2772 utin
1838 2719 1900 2769 iis
1916 2714 2379 2768 Senatusconsulta
2406 2724 2551 2761 more
2581 2708 2748 2771 majo·
2801 2738 2814 2745 s

1680 2813 1794 2848 rum
1808 2797 1954 2861 Justa
1981 2794 2098 2844 fieri
2136 2797 2367 2858 possent.
2396 2797 2400 2803 “
2444 2788 2595 2838 Inter
2628 2799 2747 2850 qum

1682 2877 1735 2926 id
1761 2886 1967 2940 quoque
1990 2871 2245 2936 scriptum
2274 2867 2488 2933 reliquit
2521 2860 2750 2930 (Varro)

1685 2966 1787 3001 non
1812 2964 1987 3000 omnes
2009 2948 2147 2998 aedes
2169 2959 2343 2996 sacras
2380 2942 2579 3005 templa
2616 2932 2769 2999 esse,'

1686 3044 1748 3079 ac
1770 3044 1833 3078 ne
1856 3028 2023 3078 aedem
2046 3023 2255 3091 quidem
2270 3023 2454 3071 Vestae
2492 3015 2750 3080 templum

1688 3104 1836 3156 esse.'
2179 3150 2184 3151 γ

1753 3190 1785 3216 W
1822 3181 1884 3230 In
1906 3176 2127 3240 Palatio]
2164 3172 2307 3228 Quid
2329 3173 2397 3222 sit
2416 3168 2682 3221 Palatium
2705 3182 2757 3220 c.

1690 3267 1740 3311 5.
1777 3257 1867 3308 ubi
1904 3256 1956 3305 in
1990 3253 2184 3304 Palatii
2214 3251 2420 3314 regione
2442 3253 2621 3296 natum
2646 3237 2760 3295 Anss

1691 3340 1895 3399 gustum
1920 3331 2117 3381 retulit.
2172 3330 2506 3390 Quapropter
2527 3330 2760 3372 montem

1690 3413 1835 3462 illum
1856 3406 2150 3459 verosimile
2171 3411 2253 3455 est
2275 3417 2372 3467 pro
2396 3401 2510 3451 aliis
2534 3400 2761 3463 elegisse

1693 3487 2080 3549 decorandum;
2113 3484 2185 3533 ibi
2228 3483 2361 3535 enim
2403 3478 2763 3544 splendidissi-

1694 3581 1830 3616 mam
1866 3566 2005 3614 illam
2030 3562 2237 3611 domum
2261 3556 2541 3618 exstruxit,
2565 3555 2635 3603 de
2660 3567 2765 3618 qua

1695 3644 1791 3692 hoc
1817 3642 1930 3706 ipso
1955 3640 2149 3704 capite,
2171 3643 2227 3686 et
2256 3651 2304 3686 c.
2335 3639 2383 3685 5.
2422 3632 2577 3696 hujus
2604 3631 2765 3680 etiam

1695 3719 1853 3769 hodie
1891 3718 2128 3766 visuntur
2160 3711 2380 3774 vestigia
2414 3707 2674 3773 quaedam,
2699 3707 2766 3755 ab

1700 3811 1761 3846 ea
1795 3802 1945 3860 parte
1969 3808 2071 3858 qua
2092 3796 2319 3841 montem
2343 3785 2662 3836 Aventinum
2688 3797 2771 3830 re-

1702 3872 1925 3936 spiciens
1949 3871 2101 3920 Circo
2123 3861 2345 3916 maitimo
2369 3859 2688 3920 imminebat,
2709 3862 2772 3905 ut

1702 3949 1909 3999 facilius
1931 3952 2102 4011 posset
2118 3943 2239 3994 inde
2257 3939 2576 4006 spectacula,
2598 3942 2655 3985 et
2679 3948 2771 3982 na-

1703 4027 1839 4076 v'alia
1862 4022 2149 4088 praesertim
2173 4018 2351 4069 videre
2375 4015 2573 4080 praelia,
2592 4026 2773 4078 quem-

1706 4102 1978 4152 admodum
1997 4100 2049 4148 in
2069 4098 2179 4162 ejus
2198 4092 2549 4158 descriptione
2567 4087 2775 4138 notavit

1705 4181 1739 4232 J
1745 4180 1934 4233 acubus
1959 4178 2173 4227 Laurus.
