3019 4922
2380 397 2509 462 359

342 556 760 622 vellodicula
789 556 1143 621 involutus.
1232 556 1457 622 Animi
1497 555 1778 621 laxandi
1804 573 2014 620 causa
2057 555 2260 620 modo
2288 555 2509 638 pisca-

261 688 267 693 ·
337 659 529 723 batur
557 659 775 736 hama,
816 659 1012 723 modo
1045 660 1244 723 talis¹‘
1275 663 1387 721 aut
1432 657 1824 722 ocellatis¹⁰
1866 657 2273 740 nucibusque
2321 657 2509 721 lude-

336 760 448 824 bat
476 782 627 826 cum
651 762 874 844 pueris
905 762 1230 838 minutia,p
1258 782 1432 845 quos
1472 762 1647 826 facie
1673 769 1698 798 ²
1745 766 1813 825 et
1843 761 2225 841 garrulitate
2257 760 2508 824 amabi-

1230 413 1625 462 OCTAVIUS.

1240 977 1593 997 “emme“

332 1126 422 1170 -l
461 1122 609 1171 Hanc
641 1124 763 1172 lect.
799 1138 827 1172 e
862 1125 1009 1174 codd.
1036 1123 1415 1187 comprobatam
1451 1123 1810 1186 complectitur
1841 1120 2060 1172 Turneb.
2085 1121 2221 1171 Adv,
2244 1133 2332 1170 nt.
2353 1135 2401 1169 c.
2426 1124 2506 1171 18.

333 1186 729 1247 astipulantibus
766 1190 913 1239 Τοιϊ.
937 1189 1155 1238 Casaub.
1181 1189 1335 1238 Grut.
1370 1190 1548 1240 Burm.
1573 1188 1712 1238 Oud.
1747 1196 1801 1238 et
1835 1190 1966 1237 aliis.
2007 1187 2252 1235 Brodaeus
2278 1187 2329 1234 in
2353 1186 2505 1236 Misc.

331 1251 365 1298 l.
385 1266 456 1299 tv.
500 1267 546 1301 c.
569 1256 616 1300 8.
658 1254 828 1302 ossillis
864 1256 945 1302 vel
989 1254 1198 1303 ossiculis
1232 1252 1503 1317 legendum
1552 1254 1795 1302 malebat.
1843 1254 1961 1301 Urs.
2019 1257 2101 1300 aut
2139 1251 2346 1299 ocellatis
2377 1248 2507 1298 nuci-

329 1314 409 1363 bus
431 1318 524 1364 lud.
559 1317 802 1366 Beroald.
824 1334 851 1364 e
874 1318 989 1367 cod.
1018 1326 1119 1367 vet.
1146 1319 1361 1381 protulit
1381 1319 1635 1366 castellatis
1659 1318 1852 1366 nucibus
1873 1316 2107 1366 ludebant.
2139 1316 2202 1363 Iu
2226 1313 2361 1363 Edd.
2383 1315 2503 1365 Bas.

330 1379 502 1429 Plant.
529 1380 726 1445 Gryph.
753 1384 918 1433 Colin.
951 1383 1192 1432 oscillatis.
1217 1383 1348 1433 Bon.
1371 1384 1503 1430 Veu.
1527 1388 1576 1432 2.
1608 1387 1655 1432 a:
1683 1383 1891 1431 Mediol.
1916 1387 1964 1430 1.
1999 1379 2145 1429 card.
2168 1379 2336 1442 Lugd.
2357 1377 2507 1428 Jnnt.

333 1443 453 1507 Arg.
479 1444 601 1494 Ald.
625 1448 830 1496 ocellatis
851 1448 1044 1497 nucibus
1065 1450 1161 1498 lud.
1183 1449 1311 1496 Mss.
1333 1447 1537 1512 quidam
1572 1450 1683 1496 ocel.
1722 1448 1801 1509 vel
1824 1446 1947 1495 ocill.
1971 1447 2051 1494 vel
2078 1446 2230 1493 occell.
2268 1458 2382 1491 cum
2406 1442 2506 1494 Ed.

327 1508 474 1575 Rom.
496 1516 697 1560 sem—2
732 1513 915 1561 Faciles
947 1514 1100 1563 Vind.
1133 1518 1176 1562 l.
1218 1513 1347 1577 Cop.
1399 1512 1550 1573 facile
1582 1512 1732 1562 Huls.
1754 1511 1873 1574 Cuj.
1923 1510 2172 1570 facilitate
2193 1522 2359 1571 marg.
2383 1507 2506 1559 Bas.

1312 1726 1528 1776 NOTAE

325 1834 554 1884 Fuerunt
586 1842 757 1885 autem
794 1844 1039 1901 segestre,
1076 1854 1167 1887 seu
1204 1852 1372 1902 seges·

325 1909 497 1972 trium,
519 1917 574 1959 et
611 1911 781 1974 lodex,
805 1914 912 1962 sive
949 1915 1187 1977 lodicula,
1209 1915 1371 1963 lecto-

324 2000 429 2035 rum
475 1990 847 2051 supellectilia=
897 1992 1140 2054 segestria
1183 2006 1368 2054 paupe·

323 2075 431 2109 rum
471 2069 527 2112 ut
568 2065 855 2128 plurimum,
896 2075 951 2114 et
1004 2068 1056 2114 in
1109 2067 1369 2126 exercitu3

321 2138 514 2188 lodices
554 2141 857 2203 beatiorum,
895 2152 949 2191 et
982 2145 1032 2193 in
1073 2143 1269 2193 balneis
1309 2158 1370 2193 ac

322 2216 629 2278 gymnasiis3
665 2232 780 2267 cum
813 2221 947 2268 enim
972 2221 1024 2269 in
1053 2220 1130 2270 liis
1156 2221 1277 2270 nudi
1299 2219 1374 2269 fo·

321 2299 455 2355 rent,-
476 2292 518 2340 si
542 2292 840 2344 infirmitate
861 2297 1157 2346 laborarent
1186 2299 1375 2362 aliqua,

319 2368 505 2429 pallam
549 2371 627 2417 vel
665 2370 957 2433 lodiculam,
1001 2388 1149 2433 quam
1191 2382 1374 2437 postea

319 2442 630 2494 ‘sabanum'
663 2446 858 2506 dixere,
900 2449 1185 2515 sumebant,
1227 2466 1374 2500 secus

318 2520 423 2570 tolo
440 2524 720 2585 campestri
745 2526 986 2587 pudenda
1010 2526 1155 2588 tecti,
1179 2532 1236 2574 ut
1258 2541 1371 2590 cap.

320 2599 590 2660 superiori.
623 2600 847 2649 Lucilius
871 2602 936 2649 de
959 2603 1202 2664 segestri:
1228 2601 1243 2627 ‘
1268 2602 1370 2650 Pe·

318 2674 456 2736 nula,
482 2676 525 2723 si
553 2678 758 2741 quaeris,
778 2677 1050 2741 canteriu’,
1079 2676 1265 2734 servu’,
1289 2691 1370 2725 se·

318 2757 494 2810 gestre
546 2753 734 2803 Utilius
779 2755 901 2803 mihi
942 2770 1089 2819 quam
1130 2754 1371 2816 sapiens!

315 2826 481 2875 Varro
504 2828 593 2877 lib.
621 2843 696 2878 lv.
712 2830 777 2879 de
802 2831 1002 2894 Lingua
1022 2830 1222 2879 Latina.

378 2911 402 2935 ¹¹
441 2904 592 2970 Talis]
640 2907 788 2955 Talos
825 2908 1048 2970 pueriles
1075 2906 1367 2955 verosimili-

318 2986 399 3028 ter
422 2980 701 3043 intelligit;
738 2983 837 3031 alio
862 2985 996 3032 enim
1021 2982 1173 3032 modo
1196 2997 1367 3042 senes,

315 3055 414 3103 alio
439 3057 586 3117 pueri
611 3057 723 3106 talis
747 3057 1044 3120 laudebant,
1068 3066 1125 3108 ut
1148 3059 1366 3107 arbitra-

321 3139 406 3180 tur
443 3132 685 3182 Erasmus
724 3133 775 3181 in
798 3134 1188 3199 Astragalismo,
1222 3144 1277 3185 et
1299 3150 1364 3185 ex

318 3221 366 3256 c.
385 3210 468 3257 71.
490 3223 644 3272 supra
667 3210 896 3273 colligas.

378 3294 402 3318 0
439 3286 691 3350 Ocellatis]
760 3286 912 3336 Hanc
956 3287 1249 3349 lectionem,
1286 3292 1368 3335 ut·

312 3370 437 3425 pote
461 3364 696 3412 codicum
724 3365 1053 3428 optimorum,
1075 3370 1247 3412 servat
1270 3364 1368 3412 Ca-

315 3439 588 3489 saubonus.
653 3441 783 3489 Sunt
808 3451 980 3489 autem
1015 3441 1235 3489 ocellata
1259 3438 1365 3501 glo·

313 3515 417 3565 buli
457 3516 666 3580 quidam
691 3518 770 3566 vel
795 3517 1026 3578 eburnei,
1050 3518 1132 3565 vel
1156 3515 1367 3578 lapidei,

314 3593 497 3655 quibus
532 3593 718 3654 puellae
760 3593 1019 3643 ludebant.
1070 3593 1287 3640 Ovidius
1311 3604 1366 3640 x.

311 3673 527 3722 Metam.
550 3677 600 3721 9.
659 3674 675 3700 ‘
692 3673 851 3721 Modo
875 3679 1019 3734 grata
1043 3671 1226 3735 puellis
1249 3670 1364 3718 Mu·

310 3762 435 3797 nera
466 3747 572 3796 fert
597 3748 669 3797 illi
702 3749 946 3811 conchas,
977 3755 1269 3810 teretesque
1292 3748 1364 3795 la-

314 3826 507 3888 pillos!
585 3827 664 3875 Ex
706 3841 882 3875 eorum
935 3840 1144 3890 genere,
1177 3825 1266 3889 qui
1311 3825 1363 3873 in

306 3904 571 3953 littoribus
625 3904 956 3967 utplurimum
1016 3903 1362 3962 inveniuntur,

308 3996 540 4044 quosque
578 3997 608 4029 a
647 3980 810 4030 forma
848 3989 863 4009 ‘
889 3980 1184 4030 umbilicos’
1210 3988 1363 4043 atque

307 4059 464 4106 etiam
504 4057 520 4084 ‘
547 4058 883 4119 nympharum
909 4056 1115 4105 oculos'
1153 4056 1357 4104 dixere:

303 4133 441 4180 unde
466 4132 549 4180 nic
569 4134 785 4182 ocellata
808 4134 915 4181 sive
937 4133 1164 4186 ocellati,
1181 4132 1363 4180 subau-

306 4208 494 4256 diendo
533 4208 717 4270 lapilli,
761 4224 850 4256 seu
887 4208 1087 4258 calculi.
1154 4208 1364 4269 Vulgati

306 4283 472 4335 eodd.
500 4284 741 4347 legebant
774 4285 1037 4349 oscillatis,
1077 4285 1141 4334 ab
1178 4281 1367 4333 oscillis

1453 1852 1656 1901 nempe.
1725 1837 1856 1886 Sunt
1881 1841 2049 1885 autem
2074 1832 2262 1883 oscilla.
2278 1831 2504 1894 imagun-

1451 1914 1581 1963 culae
1608 1913 1844 1977 quaedam
1865 1911 2069 1972 fictiles,
2086 1924 2210 1974 quas
2235 1922 2328 1972 pro
2349 1922 2426 1969 se,
2448 1915 2504 1957 et

1451 2005 1547 2053 pro
1572 1991 1691 2051 suis,
1708 1989 1949 2049 Saturno,
1964 1989 2046 2035 vel
2065 1987 2250 2035 Libero
2271 1985 2405 2048 patri
2423 1999 2504 2033 sa-

1451 2065 1778 2127 crificabant,
1812 2070 1870 2114 ut
1902 2065 1974 2112 ait
2011 2062 2308 2112 Macrobius
2347 2060 2434 2111 lib.
2463 2073 2502 2108 1.

1455 2157 1503 2193 c.
1529 2146 1607 2192 ll.
1649 2141 1785 2192 uude
1829 2139 2224 2190 Saturnaliorum
2270 2143 2505 2198 tempore

1452 2218 1858 2269 missitabantur.
1928 2218 2007 2266 De
2032 2215 2105 2263 his
2128 2215 2274 2277 plura
2295 2212 2504 2262 Servius

1453 2299 1517 2346 ad
1544 2299 1676 2345 bunc
1702 2310 1764 2345 11.
1792 2295 1982 2345 AEueid.
2006 2306 2228 2353 versum,
2265 2291 2281 2317 ‘
2307 2289 2507 2340 Oscilla

1454 2388 1520 2421 ex
1544 2373 1650 2421 alta
1670 2370 1988 2435 suspendunt
2010 2369 2180 2418 mollia
2198 2365 2355 2432 pinu.'
2424 2367 2506 2415 De

1455 2449 1643 2513 quibus
1667 2457 1720 2498 et
1744 2445 1878 2497 infra
1900 2445 2099 2496 Claudii
2123 2459 2169 2492 c.
2191 2448 2240 2492 5.
2261 2444 2360 2492 διο.
2410 2441 2508 2491 Ait

1455 2525 1738 2575 Beroaldus
1759 2525 1811 2572 in
1835 2522 2180 2571 vetustissimo
2203 2519 2382 2568 codice
2399 2519 2505 2567 lec-

1450 2608 1559 2651 tum
1582 2601 1680 2650 sibi
1714 2599 1971 2649 castellatis
2001 2597 2212 2659 nucibus,
2236 2594 2370 2659 quod
2394 2593 2505 2643 ludi

1449 2690 1608 2740 genus
1630 2684 1685 2726 et
1709 2675 2102 2725 vetustissimum
2134 2681 2248 2722 est:
2287 2671 2503 2721 Ovidius

1447 2752 1585 2802 enim
1621 2753 1694 2802 ait
1726 2752 1814 2800 ubi
1850 2751 1914 2799 de
1954 2764 2100 2810 nuce,
2142 2756 2157 2778 ‘
2181 2749 2418 2799 Quatuor
2450 2746 2503 2795 iu

1447 2830 1683 2892 nucibus,
1703 2843 1801 2878 non
1834 2827 2070 2890 amplius,
2106 2825 2224 2874 alea
2260 2831 2373 2873 tota
2405 2830 2502 2886 est,

1449 2909 1579 2957 Cum
1611 2907 1709 2957 sibi
1741 2904 2015 2970 suppositis
2050 2903 2256 2952 additur
2288 2916 2386 2949 una
2410 2900 2521 2948 tri--

1447 2983 1584 3034 bus?
1645 2983 1796 3036 Quod
1837 2988 1979 3031 certe
2014 2981 2229 3029 multum
2254 2977 2420 3033 abest,
2444 2984 2502 3024 ut

1448 3061 1778 3112 obsoleverit.
2172 3095 2175 3100 .

1453 3170 1461 3176 ·
1509 3146 1536 3179 P
1574 3135 1802 3199 Minutis]
1849 3135 1912 3185 Id
1938 3147 2141 3199 quoque
2173 3131 2326 3180 moris
2362 3129 2496 3194 apud

1447 3215 1684 3279 antiquos
1707 3213 1825 3275 fuit,
1842 3220 1899 3262 ut
1917 3212 2137 3260 minutos
2163 3223 2503 3273 procacesque

1446 3301 1637 3354 pueros
1661 3290 1890 3339 studiose
1909 3288 2288 3351 conquirerent,
2306 3299 2431 3349 quos
2448 3293 2504 3333 et

1449 3366 1660 3414 delicias
1678 3362 2010 3430 appellabant
2024 3379 2038 3421 ς
2053 3377 2152 3410 nou
2168 3362 2371 3426 quidem
2389 3362 2500 3409 illas

1447 3440 1712 3494 nefandas,
1731 3439 1794 3487 de
1819 3439 2002 3502 quibus
2021 3438 2224 3498 Graeci3
2247 3451 2342 3485 nec
2365 3438 2501 3484 enim
2540 3475 2543 3482 ,

1446 3517 1696 3565 delicatus
1720 3528 1849 3577 puer
1872 3521 1926 3562 et
1966 3513 2166 3561 deliciae
2204 3512 2337 3559 idem
2373 3526 2501 3559 sem-

1446 3608 1542 3656 per
1573 3597 1775 3640 souant.
1839 3589 2035 3637 Statius
2069 3587 2322 3649 Epicedio
2357 3586 2405 3634 in
2434 3586 2502 3635 fi-

1444 3670 1588 3724 lium,
1628 3676 1642 3698 ⁴
1667 3668 1785 3717 Nou
1810 3680 1907 3728 ego
1944 3674 2200 3712 mercatus
2224 3662 2414 3711 Pharia
2436 3663 2502 3711 de

1444 3760 1620 3811 puppe
1645 3746 1883 3808 loquaces
1909 3741 2160 3799 Delicias,
2188 3738 2501 3801 doctumque

1443 3822 1524 3870 sui
1543 3819 1780 3870 convivia
1799 3816 1927 3877 Nili,
1942 3812 2198 3864 Infantem
2224 3813 2499 3875 linguaque

1446 3899 1593 3949 simul
1627 3895 1919 3957 salibusque
1955 3898 2252 3955 protervum
2292 3889 2500 3954 Dilexi,'

1444 3979 1542 4024 dec.
1611 3970 1941 4021 Alexandrini
1981 3969 2174 4033 quippe
2208 3982 2310 4016 non
2334 3969 2499 4018 minus

1446 4066 1506 4100 ac
1544 4050 1732 4109 Mauri,
1768 4048 1904 4111 Syri,
1931 4050 2030 4096 διο.
2064 4046 2255 4094 idcirco
2275 4052 2423 4093 erant
2448 4045 2500 4094 in

1445 4129 1631 4193 pretio.
1699 4127 1878 4175 Senec.
1917 4125 2003 4174 lib·
2027 4139 2091 4173 11.
2124 4125 2188 4174 de
2212 4124 2501 4189 Tranquili-

1447 4215 1556 4253 tate
1584 4204 1702 4252 vitm
1727 4218 1772 4250 c.
1794 4205 1874 4250 11.
1940 4204 1954 4229 ‘
1978 4202 2172 4251 Eadem
2214 4217 2365 4252 causa
2399 4208 2500 4261 est,

1447 4295 1539 4331 cur
1569 4295 1658 4329 nos
1699 4277 2064 4343 mancipiorum
2104 4287 2392 4329 nostrorum
2419 4291 2498 4325 ur-
