3019 4922
2315 443 2476 510 ’337

290 606 592 692 quamvis
634 604 919 679 modica,
948 622 1081 668 non
1126 610 1264 669 tam
1303 607 1672 670 statuarum
1717 604 2229 688 tabularumque
2257 605 2480 688 picta-

290 732 428 775 rum
461 715 724 786 ornatu,
754 727 955 791 quam
1000 704 1264 791 xystis¹
1305 712 1373 771 et
1404 707 1789 771 nemoribus
1813 714 1855 742 ¹²²
1898 708 2221 786 excoluit,
2245 710 2476 773 rebus-

288 833 412 896 que
469 814 804 875 vetustate
853 827 935 873 ac
984 809 1259 873 raritate
1282 814 1306 856 5
1364 809 1808 875 notabilibus:
1854 810 2085 894 qualia
2143 819 2302 875 sunt
2346 811 2478 876 Ca-

289 911 513 997 preis⁶
556 911 941 975 immanium
972 909 1342 975 belluarum
1370 909 1792 996 ferarumque
1824 914 2117 977 membra
2146 932 2480 995 praegran-

289 1017 422 1093 dia,
481 1034 634 1098 quae
672 1014 986 1080 >dicuntur
1045 1013 1401 1097 Gigantum
1445 1021 1672 1093 ossa,⁰
1748 1020 1816 1080 et
1881 1034 2069 1080 arma
2145 1016 2473 1081 Heroum»

289 1116 452 1203 [73]
501 1116 937 1182 Instrumenti
962 1125 988 1167 ⁷
1020 1117 1172 1202 ejus
1199 1124 1268 1181 et
1297 1116 1736 1201 supellectilis
1760 1125 1788 1166 Ρ
1830 1118 2239 1200 parsimonia
2267 1136 2477 1202 appa-

287 1230 386 1285 ret
430 1222 632 1285 etiam
691 1239 884 1296 nunc,
929 1219 1212 1283 residuis
1250 1219 1488 1283 lectisq
1549 1227 1752 1304 atque
1807 1219 2083 1297 mensis,
2130 1239 2416 1304 quorum
2442 1219 2468 1260 ⁸

287 1322 609 1407 pleraque
665 1322 784 1386 vix
833 1321 1114 1405 privatae
1171 1320 1522 1403 elegantiae
1585 1322 1765 1409 sint-¹
1829 1322 1897 1387 N
1901 1341 1939 1385 e
1966 1328 2109 1392 toro
2132 1330 2154 1358 ¹
2203 1321 2472 1407 quidem

1179 457 1570 509 oc'rAleS.

1198 1486 1260 1507 u
1262 1486 1563 1509 OOOOOOOOO

288 1605 438 1656 Huls.
461 1604 550 1668 qui
572 1602 727 1652 etiam
750 1618 840 1653 non
863 1610 1133 1654 tamem—5
1175 1604 1356 1655 νείκει.
1391 1620 1446 1655 oc
1483 1609 1731 1655 venustate
1764 1620 1821 1655 ao
1848 1620 1948 1656 rar.
1986 1605 2079 1655 lib.
2113 1611 2227 1668 opt.
2261 1606 2407 1655 Torr.
2431 1610 2479 1655 et

286 1671 482 1722 maritat.
525 1669 680 1718 Fouc.
706 1670 814 1718 sed.
838 1683 975 1719 corr.
1033 1670 1159 1718 Mox
1180 1671 1410 1719 nobilibus
1433 1671 1578 1721 Cort.
1611 1670 1745 1720 Edd.
1778 1671 1926 1720 Rom.
1963 1670 2297 1720 nobilitatibus
2330 1670 2481 1721 Huls.

285 1740 382 1784 —6
418 1735 478 1783 ln
511 1733 687 1783 Ursini
719 1733 836 1784 cod.
876 1735 999 1784 item
1041 1734 1156 1784 Pal.
1190 1739 1239 1783 3.
1273 1735 1431 1784 Vind.
1475 1741 1523 1786 1.
1564 1736 1716 1784 Fouc.
1746 1743 1801 1784 et
1831 1735 2004 1785 Periz.
2037 1735 2264 1800 margine
2299 1734 2478 1797 cupita.

287 1800 421 1849 Mss.
446 1797 664 1850 Casaub.
687 1797 738 1847 in
765 1801 910 1861 Copr.
946 1801 1074 1847 Tum
1095 1799 1147 1848 in
1168 1814 1306 1847 manu
1331 1800 1445 1848 Pal.
1470 1804 1517 1848 1.
1541 1808 1597 1850 et
1614 1799 1892 1861 gigantium
1918 1799 2107 1849 Medic.
2128 1804 2175 1848 1.
2197 1814 2313 1848 cum
2344 1798 2471 1848 libro

287 1866 435 1914 Torr.
504 1864 636 1912 Item
659 1878 794 1912 orma
813 1879 970 1913 eorum
992 1864 1207 1927 cuj.—·1
1245 1864 1519 1913 Indumenei
1554 1879 1713 1927 marg.
1742 1864 1914 1913 Periz.
1937 1874 1990 1913 et
2004 1864 2205 1927 puro-im.
2229 1865 2279 1913 in
2306 1863 2478 1914 multis

286 1929 524 1978 Etim—8
560 1929 771 1984 Quarum
793 1929 987 1977 Medic.
1008 1933 1058 1978 2.
1081 1933 1129 1977 3.
1153 1929 1272 1977 Pin.
1297 1937 1519 1992 uterque
1544 1929 1703 1977 vind.
1725 1930 1874 1978 Voss.
1896 1931 2039 1979 Dun.
2064 1935 2119 1978 et
2142 1930 2271 1979 Mss.
2300 1929 2479 1978 Burm-

287 2008 403 2045 cum
443 1993 581 2044 Edd.
621 1992 881 2059 plerisque
917 2001 1037 2043 ante
1067 1993 1190 2045 Bas.
1244 1993 1414 2058 Supra
1448 1994 1581 2043 itlius
1606 1993 1758 2044 Vind.
1797 1998 1851 2043 2.
1885 2000 1939 2044 et
1977 2009 2107 2044 mox·
2126 1997 2237 2044 sunt
2270 1994 2321 2043 in
2342 1993 2478 2066 pinis

1272 2171 1490 2226 NOTAE

349 2281 374 2316 Β
408 2283 675 2349 Pretorio]
711 2284 867 2334 Viuae
902 2292 1022 2336 sunt
1055 2286 1121 2337 ad
1150 2287 1345 2349 magni·

286 2357 550 2409 licentiam
570 2375 671 2410 una
689 2368 746 2410 et
767 2362 1086 2426 voluptatem
1111 2371 1349 2414 exstruc-

289 2441 379 2496 tae,
415 2435 467 2485 in
513 2436 726 2484 amoeuis
773 2438 1033 2502 precipue
1077 2441 1306 2491 littorum
1331 2457 1346 2490 ε

288 2511 428 2561 unde
451 2511 648 2562 Statius
687 2514 775 2564 lib.
797 2528 835 2564 ι.
877 2515 1020 2578 Sylv.
1042 2521 1092 2564 3.
1125 2516 1191 2566 de
1213 2532 1345 2581 prae-

286 2589 426 2638 torio
447 2590 512 2638 ad
538 2597 805 2656 utramque
828 2591 971 2641 fluvii
1007 2593 1169 2656 ripam
1207 2607 1345 2642 exoe·

234 2712 237 2715 ,
286 2665 521 2722 dificato,
541 2674 556 2695 ‘
576 2668 745 2717 Littus
765 2677 1037 2733 utrumqne
1058 2669 1223 2719 domi:
1249 2684 1346 2719 nec

286 2753 342 2796 te
362 2746 657 2795 mitissimus
677 2747 839 2796 amnis
862 2749 1094 2807 Dividit3
1118 2749 1346 2797 alternas

286 2832 501 2872 servant
521 2824 764 2895 praetoria
780 2825 952 2888 ripas!
993 2823 1347 2877 Jureconsnlti

286 2913 386 2962 pro
409 2908 559 2962 parte
584 2899 715 2948 villae
749 2901 814 2949 ad
851 2915 993 2949 usum
1032 2898 1346 2964 patrisfami-

283 2976 386 3024 lias
409 2975 598 3025 lautius
622 2975 893 3033 aedificata,
926 2977 1064 3041 quod
1097 2983 1247 3027 notat
1269 2976 1346 3026 in-

286 3049 372 3100 fra
393 3051 695 3100 Torrentius
717 3067 763 3101 c.
785 3057 868 3102 39.
889 3053 1009 3102 Tib.

357 3126 370 3160 ¹
404 3125 605 3190 Xystis]
637 3129 726 3177 De
747 3129 820 3178 his
836 3143 994 3193 supra
1012 3145 1059 3179 c.
1077 3134 1158 3181 4⁵.

352 3212 394 3237 ¹¹¹
432 3204 740 3268 Nemoribus]
786 3205 883 3254 His
907 3206 1162 3256 Romanos
1185 3220 1345 3269 usque

288 3295 356 3333 eo
397 3279 683 3329 delectatos
723 3288 869 3331 notat
911 3281 1244 3331 Casaubonus
1278 3295 1346 3330 ex

285 3358 512 3418 Seneca,
528 3363 586 3405 ut
603 3357 652 3405 ni
675 3356 898 3420 spatium
918 3356 1057 3406 aliud
1079 3357 1130 3405 in
1150 3356 1347 3406 aedibus

288 3432 507 3485 urbanis
528 3440 851 3500 suppeteret,
883 3448 1093 3483 nemora
1121 3433 1350 3498 quando-

288 3523 395 3574 que
418 3510 499 3558 vel
523 3509 572 3561 in
595 3509 721 3571 ipsis
744 3509 899 3558 tectis
916 3508 1188 3560 haberent.

300 3628 305 3633 .
356 3593 383 3619 ¹¹
409 3585 632 3648 Capreis]
669 3585 951 3634 Notissima
967 3584 1163 3634 Tiberii
1183 3597 1349 3633 seces·

286 3678 351 3712 su
390 3663 573 3717 insula,
607 3662 761 3710 hodie
793 3662 968 3724 Capri.-
1001 3660 1224 3711 millibus
1247 3674 1348 3709 non

288 3739 411 3802 plus
432 3753 585 3802 quam
609 3741 657 3786 8.
678 3753 710 3786 a
728 3737 980 3786 Surrento
1002 3736 1201 3786 dissita.
1250 3736 1351 3785 Ur·

289 3815 391 3881 sini
412 3813 581 3866 codex
592 3812 760 3863 habet
773 3816 947 3875 capita.

358 3899 384 3924 ⁰
419 3890 688 3953 Gigantum
707 3893 837 3954 ossa]
889 3891 1051 3943 Quasi
1072 3889 1136 3939 ad
1160 3890 1247 3940 illa
1270 3904 1354 3940 us-

294 3982 398 4029 que
422 3973 658 4029 tempora
685 3966 924 4027 viguisset
955 3964 1099 4015 fami
1125 3965 1357 4015 debella-

290 4051 465 4093 torum
490 4042 555 4091 ab
575 4042 805 4091 Hercule
821 4041 1119 4106 Gigantum,
1141 4043 1193 4091 in
1217 4056 1354 4091 cam·

190 4166 193 4171 .
292 4121 380 4184 pis
417 4118 706 4180 Phlegraeis
748 4118 800 4166 in
847 4119 1147 4182 Campania,
1193 4131 1354 4182 prope

289 4197 568 4252 Puteolos,
607 4196 744 4260 quod
783 4203 958 4245 narrat
998 4198 1258 4246 Diodorus
1281 4196 1357 4245 Si·

293 4275 445 4325 culus
481 4274 570 4323 lib.
601 4288 654 4323 v.
694 4280 752 4323 et
791 4275 980 4324 Strabo
1015 4273 1106 4332 lib.
1129 4290 1181 4327 v,
1222 4275 1358 4325 unde

1419 2286 1670 2339 fuissent:
1696 2288 1833 2354 quod
1856 2303 1922 2339 ne
1944 2286 2165 2338 affirmet
2182 2286 2483 2343 Suetonius,

1422 2364 1588 2414 utitur
1653 2365 1907 2416 duntaxat
1968 2379 2096 2415 voce
2130 2354 2172 2393 ’⁸
2206 2360 2483 2412 dicuntur.’

1423 2442 1582 2492 Certe
1612 2441 1866 2507 Gigantes
1903 2442 1982 2492 vel
2018 2455 2083 2490 ex
2120 2440 2277 2490 sacris
2313 2438 2478 2489 literis

1419 2516 1577 2568 fuisse
1600 2524 1837 2568 constat=
1874 2525 1930 2566 et
1963 2530 2080 2566 ossa
2109 2528 2284 2564 eorum
2308 2513 2480 2576 aliqua

1421 2594 1724 2658 quibusdam
1746 2595 1796 2643 in
1821 2594 1945 2642 locis
1968 2591 2241 2647 asservari,
2274 2590 2483 2640 evincat

1423 2660 1699 2718 multorum
1736 2666 1956 2730 αὐτοψία,
1996 2673 2053 2716 ut
2089 2673 2145 2715 et
2185 2664 2346 2728 ipsius
2380 2665 2479 2714 Ca·

1423 2744 1637 2795 sanboni
1675 2745 1800 2793 illud
1839 2743 2095 2793 testantis.
2172 2741 2257 2790 De
2291 2740 2369 2789 his
2410 2741 2479 2790 D.

1425 2821 1746 2884 Augustinus
1776 2820 1868 2869 lib.
1894 2833 1988 2868 xv.
2019 2818 2086 2867 de
2116 2816 2481 2867 CivitateDei

1422 2914 1470 2950 c.
1493 2903 1575 2948 23.
1598 2905 1678 2948 est
1698 2905 1751 2947 et
1775 2899 2000 2962 Phlegra
2015 2895 2339 2946 Macedoniae
2356 2895 2483 2945 civi·
2530 2884 2536 2894 '

1425 2982 1524 3035 tas,
1565 2974 1714 3038 cujus
1758 2974 2038 3026 meminere
2087 2972 2381 3036 Stephanus
2427 2976 2485 3020 et

1423 3051 1623 3101 Plinius
1646 3051 1734 3101 lib.
1757 3065 1834 3102 tv.
1857 3067 1904 3101 c.
1929 3054 2009 3100 lo.
2392 3054 2404 3070 ¹

1385 3181 1388 3184 ,
1488 3136 1515 3171 1³
1559 3129 1875 3179 Instrumenti
1915 3128 2017 3190 ejus
2056 3133 2106 3179 et
2154 3126 2487 3192 supellectilis]

1428 3206 1540 3258 Has
1570 3220 1724 3257 voces
1757 3207 1878 3257 ideo
1914 3207 2203 3272 distinguit,
2237 3206 2375 3271 quod
2409 3208 2484 3257 in-

1428 3289 1718 3332 strumenta
1767 3282 1929 3344 magis
1980 3283 2043 3331 ad
2100 3284 2484 3339 necessitatem,

1428 3357 1808 3421 suppellectilia
1830 3358 1992 3420 magis
2023 3355 2086 3405 ad
2110 3363 2345 3406 ornatum
2370 3371 2485 3420 per-

1431 3433 1632 3481 tineant
1652 3447 1667 3481 =
1690 3431 1827 3481 unde
1848 3432 2048 3487 Cicero,
2061 3432 2169 3480 Pro
2188 3432 2354 3483 Domo
2370 3445 2484 3494 sua,

1429 3508 1563 3557 villae
1588 3513 1888 3557 ornamenta
1912 3513 2121 3570 separat
2153 3506 2219 3556 ab
2250 3507 2485 3570 ejusdem

1429 3583 1800 3634 instrumentis.
1865 3581 1998 3633 Haec
2026 3596 2227 3647 quoque
2245 3582 2488 3647 apudju·

1430 3661 1763 3712 risconsultos
1797 3674 1859 3709 ea
1893 3665 2013 3712 sunt
2045 3658 2214 3707 omnia
2249 3673 2362 3721 quae
2408 3659 2485 3708 in-

1430 3736 1602 3786 cendii
1624 3743 1714 3786 aut
1736 3735 2062 3799 tempestatis
2079 3748 2233 3784 causa
2248 3734 2485 3787 arcendas

1431 3820 1797 3876 comparantur
1816 3828 1832 3874 ;
1851 3813 2027 3876 quales
2044 3817 2164 3859 suut
2182 3810 2352 3866 scalae,
2372 3825 2490 3874 per-

1433 3890 1572 3946 ticae,
1612 3890 1950 3953 harpagones,
1980 3886 2203 3948 canales,
2227 3887 2490 3951 siphones,

1432 3967 1682 4032 spongiae,
1704 3969 1804 4016 διο.

1499 4054 1526 4088 ‘1
1559 4043 1742 4106 Lectis]
1775 4039 2144 4091 Triclinaribus
2178 4041 2398 4100 scilicet,
2430 4046 2492 4090 ut

1435 4126 1583 4185 patet
1599 4135 1663 4167 ex
1687 4119 1899 4182 eoquod
1925 4116 1989 4167 de
2008 4117 2197 4168 mensis
2213 4119 2352 4167 illico
2374 4117 2495 4167 sub·

1426 4196 1551 4260 jicit
1574 4202 1626 4243 et
1644 4195 1711 4244 de
1734 4201 1863 4244 toro.

1500 4278 1523 4306 r
1554 4271 1698 4335 Toro]
1754 4270 1884 4322 Qnae
1916 4269 2075 4321 etiam
2098 4284 2200 4319 non
2223 4269 2349 4319 levis
2375 4283 2490 4332 par-

295 4348 480 4400 eorum
503 4364 621 4400 ossa
646 4350 896 4405 translata
917 4351 968 4400 iu
991 4350 1206 4404 insulam
1226 4351 1361 4414 hanc
1439 4350 1689 4405 cimonia:
1716 4349 1900 4416 quibus
1913 4349 2049 4399 enim
2065 4348 2232 4411 major
2257 4354 2373 4395 erat
2393 4346 2495 4397 ele·

428 4431 611 4498 Delph.
628 4437 677 4484 et
697 4431 812 4483 Var.
832 4432 966 4485 Clas.

1325 4432 1526 4482 Sueton.
2313 4425 2364 4475 Y
