3019 4922
504 427 635 491 464
1369 441 1432 487 c.
1481 435 1840 487 sum-orm

501 584 1018 661 (immutatione,
1050 584 1407 668 *disputare
1452 583 1761 649 sabbatis
1785 592 1812 631 ⁸
1857 583 2081 649 Rhodi
2130 583 2399 662 solitus„
2430 586 2694 650 venien-

504 700 639 756 tem
672 698 873 766 eum,¹
923 697 998 754 ut
1027 708 1101 753 se
1132 696 1325 752 extra
1355 690 1649 753 ordinem
1669 687 1695 724 ¹¹
1727 689 2005 767 audiret,
2036 709 2171 752 non
2202 690 2584 767 admiserat,
2618 711 2695 755 ac

502 814 619 877 per
670 794 998 858 servulum
1045 810 1238 856 suum
1290 793 1358 856 in
1411 792 1770 875 septimum
1821 791 1994 855 diem
2037 791 2403 855 distulerat.
2494 793 2694 856 Hunc

506 897 773 969 Romae,
804 895 1142 961 salutandi
1171 894 1279 958 sui
1321 913 1531 958 causa
1567 914 1688 977 pro
1718 894 1965 958 foribus
1996 899 2347 971 astantem,
2377 894 2542 958 nihil
2566 915 2700 959 am·-

504 1002 710 1085 plius,
742 1020 943 1084 quam
989 1007 1062 1062 ut
1104 1004 1261 1082 post
1304 998 1660 1081 septimum
1707 1016 1950 1060 annum
1995 996 2265 1074 rediret,
2307 998 2700 1062 admonuit.²

507 1103 951 1180 PraesidibuS,
999 1102 1369 1167 onerandas
1416 1102 1661 1166 tributo
1701 1100 2087 1184 provincias
2117 1100 2574 1177 suadentibuS,
2605 1120 2700 1163 re-

509 1206 821 1288 scripsit:
872 1209 893 1238 ‘
916 1205 1093 1269 Boni
1125 1201 1460 1287 pastoris¹
1506 1222 1679 1278 esse,
1712 1204 1986 1267 tondere
2029 1221 2269 1286 pecuS,
2300 1221 2431 1266 non
2479 1202 2701 1282 deglu*

507 1309 706 1372 bere?
792 1307 953 1391 [33]
997 1308 1330 1373 Paulatim
1378 1306 1762 1387 Principem
1807 1302 2171 1384 exeruit,³¹‘
2218 1306 2696 1390 praestititque:

1430 1485 1795 1506 mm‘e

510 1614 590 1660 est
609 1607 902 1657 sabbati.—-l
943 1605 1028 1654 Ita
1051 1606 1265 1668 Memm.
1287 1605 1403 1655 Pal.
1421 1612 1544 1661 tres,
1581 1618 1793 1668 quornm
1817 1603 2132 1653 auctoritate
2152 1601 2212 1651 τὸ
2236 1618 2341 1652 eum
2361 1609 2707 1667 reposuerunt

511 1674 665 1723 Grut.
690 1673 863 1721 Graev.
893 1671 1055 1721 Gron.
1097 1669 1452 1734 suffragantib.
1487 1670 1607 1720 trib.
1649 1669 1842 1717 Medic.
1870 1670 2028 1718 Polit.
2064 1669 2218 1717 vind-0
2250 1673 2294 1717 1.
2321 1669 2449 1730 Cop.
2478 1669 2711 1717 Harlem.

511 1740 672 1788 Fouc.
710 1738 827 1802 (Συ).
855 1738 1006 1786 Voss.
1033 1737 1129 1785 Ed.
1150 1737 1390 1785 Beroald.
1450 1735 1511 1784 In
1538 1735 1747 1796 reliquis
1772 1735 2035 1783 decan—2
2069 1734 2296 1783 Amonsit
2318 1733 2489 1782 Periz.
2526 1741 2583 1783 et
2603 1748 2711 1783 one-

510 1805 663 1851 wuda
687 1803 803 1865 an.
857 1801 919 1850 Iu
942 1802 1043 1850 fine
1063 1803 1189 1864 Cap.
1217 1803 1454 1865 probent
1475 1800 1710 1862 deglutire
1729 1801 1851 1849 Lisl.
1872 1800 2011 1848 Dun.
2034 1800 2190 1848 Fonc.
2220 1799 2453 1848 Harlem.
2488 1799 2657 1847 Periz.
2680 1813 2710 1847 a

512 1884 579 1916 m.
605 1883 684 1930 pr.
709 1868 824 1932 Cuj.
846 1867 1003 1916 Vind.
1020 1871 1069 1916 2.
1095 1868 1240 1916 Cort.
1256 1867 1389 1916 Edu.
1411 1868 1556 1915 Rom.
1572 1867 1705 1914 Ven.
1726 1871 1771 1914 l.
1798 1865 1941 1915 Med.
1956 1867 2207 1924 deminuere
2229 1864 2539 1913 Memm.—3
2565 1864 2711 1912 Hanc

513 1947 578 1981 ex
611 1935 757 1982 Vett.
783 1931 941 1981 Codd.
972 1931 1231 1981 emendat.
1253 1931 1476 1981 Turneb.
1499 1930 1637 1979 Adv.
1673 1931 1707 1978 l.
1744 1944 1863 1980 xlv,
1900 1944 1948 1978 c.
1987 1933 2064 1978 17.
2102 1928 2307 1978 firmant
2328 1930 2544 1977 Memm.
2573 1929 2710 1977 Pith.

513 1999 629 2046 Pal.
652 2002 699 2046 1.
722 2003 770 2046 2.
796 2007 902 2046 tres
932 1997 1124 2045 Medic.
1150 1998 1265 2045 libri
1292 1998 1420 2059 Reg.
1445 1997 1651 2057 etExc.
1675 1995 1826 2043 Voss.
1851 1993 2151 2057 probantib.'
2184 1994 2324 2057 Lips.
2346 1995 2499 2044 Torr.
2535 1994 2710 2041 Bnrm.

516 2062 653 2111 Oud.
673 2061 829 2111 Wolf.
853 2070 907 2110 et
925 2063 1140 2124 Baumg.
1161 2063 1369 2111 exercuit
1394 2062 1512 2110 Pal,
1532 2065 1581 2109 3.
1615 2059 1850 2109 Harlem.
1873 2060 2041 2108 Periz.
2080 2059 2230 2107 Huts.
2254 2067 2309 2105 et
2328 2059 2464 2107 Edd.
2486 2059 2711 2120 antiquae

515 2142 710 2184 omnes.
764 2127 956 2176 Exemit
981 2127 1187 2179 Viterb.
1222 2142 1271 2176 ae
1301 2127 1515 2176 exerceat
1543 2127 1703 2176 Fouc.
1728 2140 1845 2174 cum
1869 2125 1998 2175 Cod.
2028 2125 2202 2174 Noun.
2254 2124 2388 2173 Tum
2410 2124 2712 2172 comedim-em

1498 2265 1721 2324 NOT'AE

580 2396 606 2432 8
629 2387 877 2450 sabbatis]
903 2389 984 2438 De
1006 2387 1577 2440 Judaeorumsabbatis
1656 2387 1746 2449 sis,
1770 2387 1893 2451 quin
1917 2395 1971 2436 et
1985 2385 2219 2451 jejuniis,
2244 2391 2300 2435 et
2322 2384 2422 2435 sibi
2453 2400 2482 2435 a
2504 2385 2714 2451 quibus·

517 2469 570 2515 in
619 2468 854 2528 Augusto
898 2482 1014 2529 cap.
1055 2470 1137 2517 76.
1217 2468 1411 2517 Verum
1452 2467 1577 2533 quid
1654 2467 1773 2516 darn
1798 2468 1928 2518 cibis
1951 2466 2306 2531 temperando.
2475 2510 2478 2513 Α

516 2544 635 2593 huic
661 2543 1016 2593 Grammatico
1050 2544 1255 2595 Rhodio
1293 2559 1410 2594 cum
1446 2544 1581 2594 illis?
1719 2542 1743 2577 ¹¹
1781 2545 1943 2593 Extra
1961 2543 2196 2607 ordinem]
2234 2542 2352 2592 Hoc
2389 2549 2492 2600 est,
2524 2541 2612 2591 die
2637 2542 2715 2589 vel

517 2620 821 2672 Torrentius
865 2620 1131 2669 existimat
1173 2621 1397 2672 Judaica
1436 2621 1579 2671 illum
1653 2622 1800 2677 hora,
1843 2636 1944 2685 qna
1981 2620 2080 2668 sibi
2120 2619 2386 2683 disputare
2421 2620 2580 2668 moris
2616 2632 2716 2668 non

517 2696 766 2758 religione
789 2696 1063 2754 imbutum,
1102 2711 1164 2747 ac
1206 2711 1346 2746 more
1367 2698 1579 2749 Judaeo-

519 2786 631 2820 rum
654 2772 867 2821 Sabbati
893 2773 1093 2837 diebus,
1109 2775 1175 2824 de
1204 2774 1476 2826 divinitate
1500 2789 1581 2824 re·

519 2858 738 2914 rumque
778 2850 1045 2914 principiis
1085 2852 1399 2915 disputasse,
1431 2854 1581 2917 cujus

466 2941 469 2946 ·
520 2925 765 2974 audiendi
789 2927 1031 2990 cupidus,
1049 2927 1286 2976 Tiberius
1310 2928 1451 2978 illum
1475 2929 1583 2976 adi·

520 3002 619 3049 erit
646 3001 746 3049 alio
766 3002 852 3051 die
876 3014 1027 3067 quam
1051 3003 1289 3066 Sabbati,
1314 3005 1581 3067 postulans

522 3085 579 3125 ut
615 3086 809 3140 praeter
856 3079 1284 3129 consuetudinem
1322 3096 1465 3130 suam
1499 3096 1581 3129 res

521 3152 633 3201 illas
676 3153 919 3216 agitaret.
1012 3155 1344 3205 casaubonus
1408 3166 1581 3206 antem

521 3232 642 3280 ideo
661 3233 909 3294 scriptum
935 3232 1030 3282 hoc
1051 3241 1249 3295 censet,
1285 3234 1404 3298 quia
1437 3250 1582 3299 spar-

522 3309 593 3358 sis
632 3323 729 3372 per
757 3308 931 3358 orbem
961 3309 1181 3367 Judaeis,
1213 3325 1322 3360 mos
1355 3310 1442 3360 ille
1468 3312 1581 3376 jam

526 3393 634 3433 tum
659 3385 967 3445 invaluerat,
996 3393 1057 3434 ut
1091 3385 1144 3434 in
1183 3386 1306 3435 vitae
1328 3387 1584 3450 quotidia-

523 3476 605 3510 nae
637 3459 986 3511 functionibus
1024 3461 1374 3511 hebdomadas
1407 3463 1586 3513 obser-

524 3545 707 3586 varent
729 3539 883 3586 etiam
921 3552 1021 3586 non
1059 3537 1262 3599 Judaei3
1298 3539 1434 3588 unde
1456 3539 1585 3589 Sab-

525 3614 636 3663 bati
656 3629 860 3678 quoque
878 3628 1064 3663 nomen
1081 3615 1239 3679 aliqui
1261 3616 1589 3680 retinuerint,

525 3700 585 3739 nt
630 3690 860 3740 Rhodius
902 3692 1008 3743 ,ille
1053 3692 1453 3754 Grammaticus,
1495 3695 1586 3759 qui
1620 3710 1627 3719 ·

523 3768 773 3817 Sabbatis·
809 3769 1040 3832 singulis,
1098 3771 1194 3818 boc
1242 3779 1322 3819 est
1365 3773 1587 3834 septimo

525 3858 731 3908 quoque
774 3844 879 3900 die,
922 3845 1233 3908 disputaret.
1321 3848 1479 3897 Certe
1520 3863 1586 3898 ex

525 3922 756 3984 Josepbo
793 3922 883 3972 lib.
906 3936 970 3972 n.
1012 3922 1256 3973 adversus
1289 3923 1586 3988 Appionem

528 4005 695 4060 patet,
716 4000 907 4048 nullam
931 3997 1090 4047 ferme
1108 4000 1227 4064 (suo
1251 4000 1431 4050 saltem
1458 4010 1585 4050 tem·

530 4073 681 4136 pore)
717 4075 956 4124 Graecam
983 4074 1158 4124 urbem
1185 4076 1360 4134 fuisse,
1394 4078 1445 4124 in
1481 4091 1588 4142 qua

528 4155 776 4210 septimus
798 4149 915 4199 dies
933 4152 1178 4214 peculiari
1201 4153 1393 4202 honore
1414 4156 1585 4204 cultus

528 4238 628 4271 non
669 4232 829 4285 esset,
868 4239 963 4274 non
1005 4228 1157 4276 modo
1196 4229 1480 4278 cessatione
1520 4233 1585 4281 ab

530 4299 668 4346 omni
686 4312 862 4363 opere,
880 4302 969 4350 sed
994 4310 1051 4351 etv
1065 4304 1384 4368 lampadibus
1404 4321 1589 4359 accen·

1656 2705 1815 2747 esset.
1863 2699 1949 2747 Sic
1973 2697 2194 2759 septimo
2218 2710 2425 2760 quoque
2447 2695 2532 2745 die
2558 2695 2715 2745 ferias

1660 2772 1835 2836 pueris
1859 2772 2146 2820 concedere
2171 2770 2527 2828 soleba‘unex.
2545 2771 2718 2820 Gellio

1658 2849 1748 2900 lib.
1775 2863 1866 2898 xv·
1901 2862 2014 2911 cap.
2052 2851 2103 2896 2.
2137 2846 2204 2894 de
2241 2847 2410 2908 seipso
2456 2848 2720 2910 loquente.

1660 2925 2081 2990 Disputationem
2123 2933 2296 2972 autem
2342 2924 2485 2971 illam
2530 2924 2717 2973 intelli-

1660 3011 1788 3066 gunt
1830 3000 2263 3051 declamationem
2304 3001 2587 3062 publicam,
2622 3014 2720 3062 qua

1660 3080 1748 3128 ille
1791 3079 2041 3140 Rhodius,
2079 3086 2137 3127 ut
2174 3086 2229 3127 et
2270 3078 2353 3126 alii
2398 3078 2530 3126 bene
2556 3077 2719 3131 multi.

1658 3162 1824 3203 artem
1884 3159 2226 3210 ostentarent,
2269 3152 2328 3202 ut
2371 3153 2437 3202 de
2495 3152 2720 3202 Antonio

1662 3232 1941 3293 Gnipbone
1978 3231 2255 3280 Suetonius
2292 3230 2380 3278 lib.
2417 3229 2485 3278 de
2528 3228 2721 3279 Illustr-

1661 3308 1949 3357 Gratumat.
1984 3323 2031 3356 c.
2054 3311 2104 3356 ’1.
2142 3314 2196 3355 et
2219 3305 2283 3354 de
2307 3305 2598 3354 rhetoribus
2622 3306 2720 3355 dis-

1661 3385 1860 3447 cipulos
1877 3399 1995 3433 suos
2014 3386 2065 3433 in
2083 3383 2135 3432 id
2152 3382 2518 3432 exercentibus
2531 3383 2569 3434 J
2575 3397 2603 3430 u
2612 3397 2723 3431 ven.

1660 3462 1773 3511 Sat.
1797 3474 1895 3510 vu.
1932 3461 1949 3487 ‘
1975 3461 2063 3511 Nil
2097 3461 2220 3509 salit
2249 3458 2510 3507 Arcadico
2541 3459 2722 3520 juveni

1663 3539 1814 3602 cujus
1853 3538 1972 3587 mihi
2015 3531 2160 3587 sexta
2197 3539 2416 3601 Quaque
2446 3537 2541 3586 die
2574 3537 2722 3585 mise-

1664 3630 1773 3665 ruut
1797 3615 1937 3665 dirus
1962 3615 2366 3678 caput-Annibal
2391 3613 2614 3677 implet.¹

1727 3691 1743 3724 ¹
1778 3692 1900 3740 Boni
1928 3691 2160 3754 pastoris]
2219 3689 2366 3739 Hanc
2410 3690 2721 3740 sententiam

1662 3782 1727 3817 ex
1750 3768 1970 3818 Batonis
1996 3769 2250 3818 Dalmatae
2277 3781 2526 3832 responso
2548 3776 2720 3816 natam

1662 3845 1948 3907 colligunt3
1982 3846 2023 3893 is
2046 3846 2180 3893 enim
2218 3844 2569 3906 interrogatus
2590 3860 2621 3893 s
2640 3844 2719 3892 Ti-

1665 3920 1809 3969 berio
1846 3934 1941 3969 cur
1981 3920 2305 3973 rebellasset,
2346 3919 2496 3980 Quia,
2535 3919 2718 3983 inquit,

1662 4000 1724 4046 ad
1752 4011 1926 4059 greg-es
1946 4003 2126 4046 vestros
2146 4011 2237 4045 non
2258 4011 2415 4056 canes,
2444 4001 2536 4045 aab
2567 4001 2721 4059 pasto·

1663 4090 1758 4133 res,
1779 4079 1859 4124 sed
1881 4077 2011 4138 lupos
2041 4076 2254 4123 custodes
2285 4074 2483 4123 minatis
2497 4091 2514 4122 .-
2549 4073 2622 4121 bn
2645 4071 2719 4122 δή

1665 4153 1755 4203 τὰς
1776 4151 1957 4215 ἀγέλας
1979 4154 2105 4213 ὑμῶν
2120 4151 2356 4216 φύλακας,
2377 4151 2602 4210 cursuras,
2617 4149 2718 4201 oie&

1665 4230 1850 4292 νομέας,
1875 4231 2005 4280 ἀλλὰ
2027 4231 2196 4281 λύκους
2216 4231 2444 4291 πέμπετε.

1730 4308 1755 4343 ¹
1785 4309 1988 4361 Emeruit
2020 4308 2280 4373 [exercuit]
2312 4308 2640 4360 casaubonus
2667 4306 2712 4355 in
