3019 4922
1296 329 1591 381 sumus·

2446 322 2535 400 ,45

241 514 247 531 2
320 477 648 545 comitia·
695 476 1144 557 descenderet,
1186 476 1595 560 praedixisse
1644 476 1881 543 mati-10
1925 478 2260 553 osculanti
2309 477 2533 562 fertur,

328 582 600 647 domum
632 599 708 645 se
737 580 865 645 nisi
891 588 911 628 ³
945 579 1342 645 Pontificem
1365 576 1387 614 f
1423 599 1556 645 non
1585 587 2053 657 reversurum-4
2099 670 2102 673 ‚
2136 580 2369 667 Atque
2398 584 2541 663 1th

333 685 846 769 potentissimos
866 680 895 723 ⁶
939 683 1111 759 dnus
1143 683 1682 769 competitore&
1721 683 2141 768 multumque
2171 692 2282 753 et⁷
2328 694 2533 769 aetate

337 793 401 852 et
426 788 759 871 dignitate
781 785 1274 864 antecedentes,
1303 786 1672 872 superavit,
1702 795 1780 855 ut
1808 789 2001 872 plura
2029 788 2175 874 ipse
2206 787 2277 854 in
2306 809 2534 867 eorum

262 933 267 936 ψ
336 892 648 969 tribubus
692 888 723 928 ¹²
788 891 1131 975 suffragia,
1180 909 1383 976 quam
1441 897 1719 976 uterque
1774 890 1846 957 in
1904 891 2242 977 omnibus,
2291 892 2535 966 tulerit.

333 992 491 1075 [14]
523 992 818 1075 Praetor¹
840 1000 1135 1075 oreatus,
1166 994 1432 1064 detecta
1449 993 1906 1079 conjuratione
1929 991 2293 1075 Catilinae}
2322 995 2534 1077 Sena-

1259 1156 1413 1185 ‹em-q

340 1259 482 1311 alias.
547 1259 679 1311 Mox
710 1261 766 1312 in
804 1277 895 1329 quo
933 1261 1066 1312 Edd.
1103 1260 1478 1312 nonnulla—8
1515 1259 1636 1309 Nisi
1669 1275 1720 1310 se
1757 1258 1926 1311 Perioe·
1948 1261 2179 1312 Harlem.
2210 1268 2266 1311 et
2298 1261 2377 1313 ita
2398 1264 2535 1319 Edd.

339 1326 522 1392 Camp.
542 1325 677 1376 Ven.
700 1332 750 1377 2.
769 1331 818 1376 8.
841 1325 986 1381 eald.
1009 1328 1158 1380 Junt.
1182 1327 1348 1391 Lugd.
1369 1325 1495 1377 Ald-
1519 1332 1574 1379 et
1597 1325 1713 1376 alioe
1734 1327 1930 1376 multae.
1996 1327 2062 1377 Se
2101 1328 2416 1385 commodius
2453 1330 2533 1387 in-

338 1390 455 1442 duci
492 1407 645 1456 posse
680 1399 836 1456 putat
872 1394 1048 1443 Burm.
1112 1396 1129 1424 ⁸
1152 1394 1267 1443 Non
1303 1389 1436 1440 haud
1471 1399 1746 1456 comparet
1784 1392 1836 1441 in
1873 1399 2094 1457 utroque
2116 1391 2279 1443 vind.
2302 1408 2362 1443 ac
2386 1393 2532 1446 Cort.

335 1470 487 1520 quam
510 1457 824 1508 locutionem
847 1459 943 1509 viri
966 1459 1174 1523 quidam
1199 1457 1342 1507 docti
1365 1455 1581 1522 probam
1615 1462 1854 1518 censent,
1886 1465 1945 1507 ut
1981 1457 2079 1507 nisi
2112 1472 2208 1520 pro
2228 1459 2418 1507 nonnisi
2440 1475 2532 1524 po.

335 1522 523 1589 natur-⁹
563 1524 789 1587 θεαὶ-4
811 1523 947 1575 Edd.
973 1526 1118 1575 Rom.
1138 1526 1518 1574 rediturum—5
1545 1522 1626 1571 Ita
1646 1537 1747 1573 non
1771 1523 1960 1587 legitur
1980 1523 2034 1572 in
2057 1522 2202 1573 Med.
2228 1526 2276 1574 1.
2298 1524 2456 1575 Vind.
2483 1531 2531 1574 1.

335 1592 431 1637 —6
463 1582 837 1639 Potenti-§simus
874 1588 1052 1654 Steph.
1089 1595 1145 1640 et
1172 1591 1222 1638 d.
1245 1606 1288 1638 c.
1313 1588 1629 1650 transposuit
1653 1588 1941 1651 Copes.—''I
1977 1588 2048 1637 Et
2071 1589 2310 1652 ignorant
2346 1588 2531 1639 Basili-

336 1665 502 1714 enses,
547 1662 605 1704 et
652 1667 828 1704 esrum
865 1655 1106 1706 traduces
1151 1654 1353 1719 Gryph.
1397 1653 1511 1703 Col.
1556 1653 1727 1704 Plant.
1772 1652 1907 1705 Edd.

1997 1654 2079 1703 Ex
2122 1661 2342 1719 quatuor
2384 1655 2531 1706 libris

1313 1781 1526 1834 NOTAE

336 1892 509 1942 passus
547 1878 795 1931 solvendo
830 1894 934 1931 non
969 1887 1128 1945 esset,
1149 1881 1242 1931 hos
1264 1895 1390 1931 vero

335 1961 487 2005 totae
510 1956 671 2005 tantis
693 1956 1068 2020 largitionibus.

390 2031 415 2066 ⁴¹
449 2032 686 2096 Comitia]
722 2035 1018 2086 Conventus
1055 2033 1260 2084 fuerunt
1282 2034 1392 2084 uni·

333 2109 462 2160 versi
502 2110 683 2174 populi
717 2109 780 2160 ad
817 2109 1088 2162 ferendum
1123 2111 1300 2178 aliqua
1324 2109 1390 2160 de

332 2201 384 2236 re
402 2185 706 2251 suffragium
730 2205 745 2238 ε
780 2189 1002 2254 triplicis
1035 2205 1100 2240 ea
1130 2189 1276 2239 fuere
1301 2203 1391 2253 ge-

331 2265 483 2327 neris,
531 2278 626 2328 pro
670 2264 864 2330 triplici
919 2266 1099 2331 populi
1153 2266 1397 2323 distribuq

332 2341 506 2403 tione3
543 2343 793 2392 Romulus
831 2343 970 2395 enim
1003 2343 1170 2394 divisa
1216 2344 1391 2394 multi·

331 2417 508 2469 tudine
546 2418 788 2470 universa
825 2420 878 2471 in
910 2426 1017 2472 tres
1041 2428 1239 2486 partes,
1261 2436 1388 2487 quas

328 2494 441 2545 ideo
462 2495 652 2546 'hibus
676 2498 929 2563 appellari
957 2499 1136 2561 voluit,
1157 2498 1386 2563 singulas

326 2572 550 2636 partitus
586 2578 673 2638 ‚est
694 2572 746 2623 in
768 2574 938 2625 curias
961 2578 1043 2625 10.
1073 2575 1260 2639 quibus
1294 2591 1388 2628 sua

327 2654 475 2712 erant
496 2641 776 2713 separatim
799 2643 855 2712 in
876 2647 1006 2714 urbe
1030 2650 1196 2717 regio,
1220 2666 1389 2716 sacra,

325 2726 655 2777 caerimoniae.
716 2727 929 2777 Servius
973 2727 1175 2778 Tullius
1221 2727 1388 2793 dupli·

325 2814 432 2849 cem
454 2800 645 2851 iterum
665 2802 844 2867 populi
860 2802 1165 2855 divisionem
1187 2806 1391 2868 excogi-

325 2878 477 2941 tavit,
508 2879 733 2929 alteram
753 2880 1033 2932 attendens
1066 2883 1388 2947 uniuscujus-

325 2969 423 3019 que
444 2955 584 3006 bona
604 2956 905 3023 inquinque
918 2959 1130 3023 classes,
1147 2960 1240 3009 has
1262 2974 1387 3011 vero

322 3029 370 3081 in
414 3032 719 3095 centurias3‘
767 3034 986 3087 alteram
1026 3035 1093 3085 ad
1137 3036 1299 3099 urbis,
1331 3042 1387 3090 et

323 3109 431 3171 agri
453 3108 655 3160 circum
684 3110 888 3176 urbem,
912 3111 1174 3175 regiones,
1195 3128 1322 3177 quas
1354 3128 1386 3164 a

323 3184 517 3235 tributo
549 3184 724 3235 dando
744 3187 937 3237 Tribus
964 3203 1170 3254 quoque
1205 3190 1384 3253 appel·

319 3260 526 3325 lavit,4.
547 3262 755 3316 scilicet
776 3263 1020 3322 urbanas,
1043 3272 1101 3315 et
1122 3269 1197 3316 15.
1231 3266 1383 3315 rusti-

320 3351 423 3401 cas,
446 3338 514 3389 ab
536 3338 601 3388 iis
625 3338 748 3392 loeis
770 3340 860 3391 ubi
880 3340 1201 3405 habitarunt,
1222 3344 1383 3394 nomi·

317 3413 466 3471 nibus
486 3413 719 3468 indictis.
754 3415 895 3466 Hinc
916 3418 1132 3469 Curiata
1155 3418 1273 3469 dum
1288 3434 1385 3484 per

321 3490 520 3549 Curias.
561 3493 875 3544 Centuriata
899 3493 1021 3548 dum
1057 3510 1154 3560 per
1190 3497 1383 3550 Centu-

317 3566 439 3629 riss,
467 3569 691 3622 Tributa
727 3572 950 3636 denique
978 3572 1203 3624 Comitia
1237 3572 1384 3624 diets

318 3649 458 3707 sunt,
476 3644 601 3714 dum
627 3661 725 3711 per
745 3647 935 3699 Tribus
959 3648 1206 3713 suffragia
1239 3651 1381 3702 colli·

321 3728 581 3781 gerentur.
615 3723 696 3774 De
711 3724 948 3778 comitiis
968 3726 1171 3776 Gellius
1186 3726 1274 3776 lib.
1287 3740 1381 3779 xv-

318 3807 438 3856 eap.
460 3799 546 3851 Ξῖ.

385 3865 408 3891 0
456 3861 641 3926 Matri]
682 3864 762 3914 De
808 3866 929 3931 Jure
983 3867 1273 3921 osculorum
1327 3869 1380 3934 iu

329 3931 511 3992 ciaud.
535 3952 650 4001 cap.
671 3943 754 3990 26.

387 4005 406 4040 ¹
449 4011 563 4061 Nisi
605 4014 906 4082 Pontificem]
962 4019 1188 4070 Videbat
1243 4022 1380 4074 enim

338 4097 437 4140 non
492 4088 701 4152 obtenta
757 4094 1007 4159 dignitate
1064 4098 1378 4150 creditorum

351 4166 487 4226 metu
505 4162 601 4212 sibi
621 4166 897 4220 cedendum
915 4186 1028 4221 esse
1053 4173 1197 4226 urbe.

416 4243 438 4277 ⁸
473 4237 814 4309 cmpeh‘tores]
861 4248 1072 4308 Scilicet
1107 4252 1174 4302 P.
1207 4252 1381 4303 Servi·

1470 1879 1594 1930 lium
1631 1879 1939 1944 Isauricum,
1978 1881 2072 1932 sub
2098 1896 2197 1946 quo
2221 1880 2534 1933 militaverat

1469 1956 1526 2006 in
1550 1957 1754 2024 Cilicia,
1787 1965 1842 2008 et
1868 1958 2431 2010 Catulum‘Luetatium
2464 1974 2531 2009 oe·

1472 2034 1594 2084 tatis
1619 2045 1882 2100 provectae
1914 2044 1969 2087 et
1992 2035 2325 2093 auctoritatis
2348 2035 2401 2084 in
2438 2036 2532 2086 Se-

1471 2118 1600 2161 natu
1625 2113 1882 2177 maximae,
1909 2114 2069 2162 virum
2104 2113 2207 2178 ipsi
2237 2113 2449 2175 Caesari,
2471 2118 2533 2165 ut

1471 2204 1539 2240 ex
1577 2189 1820 2240 Sallustio
1844 2199 1900 2241 et
1926 2189 2213 2240 Plutarcho
2241 2194 2410 2254 patet,
2453 2189 2531 2239 in-

1468 2263 1826 2316 fensissimum.
2363 2318 2370 2326 ,

1533 2339 1561 2375 ¹¹
1608 2343 1863 2407 ffibubus]
1918 2342 2122 2395 Insoliti
2173 2340 2386 2406 fiavoris,
2441 2346 2532 2391 aut

1467 2422 1783 2486 corruptelas
1821 2435 2019 2485 magnae
2065 2434 2315 2470 summum
2347 2417 2531 2469 indici-

1467 2510 1589 2547 um:
1638 2497 1915 2548 tribulibus
1970 2497 2106 2546 enim
2157 2496 2261 2545 suis
2304 2494 2532 2548 naturali

1467 2574 1816 2638 propensione
1844 2574 2007 2642 magis
2034 2572 2295 2625 favebant.
2344 2571 2532 2621 Tribus

1466 2646 1550 2715 (ut
1575 2664 1640 2698 ex
1664 2650 1983 2713 supradictis
2000 2649 2240 2714 colligere
2259 2645 2363 2711 est)
2379 2653 2533 2698 eraut

1469 2726 1646 2790 populi
1670 2727 1886 2775 Romani
1913 2732 2087 2788 partes
2119 2723 2379 2771 distinetae
2403 2721 2530 2769 locis

1466 2799 1522 2850 in
1543 2799 1671 2849 urbe
1690 2799 1909 2849 diversis
1933 2807 1988 2848 et
2022 2797 2311 2862 regionibus
2334 2796 2529 2846 circum

1464 2877 1650 2927 urbem
1671 2892 1767 2941 per
1788 2877 1997 2932 Italiam
2022 2875 2289 2938 dispersis,
2308 2887 2442 2937 quae,
2468 2872 2529 2924 lis·

1465 2961 1556 3004 eet
1593 2953 1739 3004 initio
1772 2954 2057 3019 pauciores,
2088 2953 2159 3005 ad
2182 2957 2264 3014 35,
2287 2964 2531 3016 successu

1465 3032 1716 3096 temporis
1741 3039 2107 3086 excreverunt.
2329 3079 2336 3085 ,

1530 3105 1546 3140 ¹
1577 3107 1789 3171 Proetor]
1824 3108 1955 3157 Cum
1993 3106 2228 3157 eonsules
2252 3118 2529 3173 avocas-eng-

1467 3189 1553 3233 tur
1591 3183 1736 3234 bellis
1770 3182 2021 3247 finitimis,
2060 3197 2230 3246 neque
2253 3187 2411 3243 esset,
2439 3181 2529 3245 qui

1463 3261 1516 3309 in
1541 3260 1755 3312 civitate
1769 3262 1857 3325 jus
1881 3260 2098 3318 reddere
2114 3266 2305 3323 posset,
2327 3256 2527 3310 factum

1464 3346 1549 3390 est
1580 3345 1641 3394 ut
1673 3345 1870 3403 praetor
1899 3353 2104 3405 quoque
2139 3342 2419 3399 crearetur,
2440 3336 2528 3400 qui

1464 3413 1706 3465 Urbanus
1751 3416 2041 3479 appellatus
2074 3420 2172 3470 est,
2207 3428 2270 3466 eo
2302 3412 2440 3477 quod
2473 3412 2529 3483 in

1465 3491 1593 3550 urbe
1621 3490 1709 3554 jus
1748 3491 2013 3542 redderet.
2076 3489 2168 3550 Sic,
2207 3488 2527 3551 Pomponius

1463 3582 1581 3631 cap.
1616 3569 1699 3615 24.
1735 3581 1865 3615 nnus
1902 3581 2027 3630 ergo
2061 3572 2263 3616 tantum
2288 3564 2353 3612 ab
2377 3562 2526 3618 initio

1464 3641 1567 3698 fnit
1585 3649 1796 3705 praetor,
1809 3642 1923 3704 sed,
1944 3639 2339 3691 advenientibus
2359 3636 2528 3687 indies
2618 3696 2625 3702 ⁶

1465 3717 1632 3781 adjus
1656 3717 1937 3782 petendum
1962 3713 2528 3779 peregrinis-plurimis,

1461 3801 1667 3854 creatus
1690 3799 1773 3843 est
1793 3793 1997 3843 illorum
2020 3805 2175 3840 causa
2191 3796 2248 3840 et
2266 3790 2416 3853 alter,
2436 3791 2527 3855 qui

1460 3869 1778 3934 Peregrinus
1817 3870 1934 3918 ideo
1968 3870 2142 3920 dictus
2163 3878 2300 3931 »θεῖς
2329 3868 2398 3928 ,ad
2431 3869 2529 3920 dit}

1461 3947 1732 3997 ferentiam
1755 3948 1961 4011 prioris,
1986 3963 2158 4012 quem,
2181 3950 2299 4013 quia
2321 3949 2526 3998 nonnisi

1460 4023 1603 4072 urbis
1643 4023 1824 4072 incolis
1854 4026 1941 4088 jus
1972 4024 2231 4087 redderet,
2255 4025 2525 4078 Urbanum

1461 4098 1659 4166 placuit
1695 4102 1966 4165 appellari.
2030 4104 2223 4166 Verum
2253 4110 2524 4162 crescente

1460 4190 1578 4240 cum
1642 4177 1862 4242 imperio
1923 4180 2154 4242 Romano
2198 4178 2522 4241 negotiorum

1458 4252 1794 4305 multitudine
1830 4255 2008 4320 plures
2039 4254 2330 4316 identidem
2358 4256 2525 4308 additi
