3019 4922
1168 461 1172 466 .
1230 396 1522 468 sumne.
2340 386 2466 478 14‘1

285 561 507 638 Jubae,
537 562 714 645 regis
744 560 935 640 tilio,z
964 562 1034 626 in
1063 561 1493 628 altercatione
1518 564 1791 629 barbam
1814 575 1840 602 ⁸
1872 568 2205 649 invaserit,
2225 570 2474 655 stipenss·

285 664 571 729 diarium
594 672 613 710 ³
662 684 933 754 quoque
961 665 1455 747 pronuntiatum
1473 672 1504 712 4
1521 664 1546 702 δ
1576 672 1644 731 et
1674 668 2210 736 abstrahentibus
2238 675 2471 738 statim

282 768 543 850 eripuit,
576 768 1075 851 occultavitque
1108 767 1292 851 apud
1322 788 1395 832 se
1425 767 1541 832 diu
1564 789 1579 832 ε
1601 776 1626 815 5
1669 777 1739 834 et
1767 790 1949 849 moX,
1990 781 2084 837 'ex
2132 782 2426 857 praetura
2450 785 2474 812 ⁰

281 868 716 954 proficiscens
755 871 824 934 in
872 872 1299 955 Hispaniam,
1350 873 1518 936 inter
1570 870 1834 937 officiad
1879 876 2471 959 prosequentium,⁶

277 972 642 1055 fascesque
671 974 1007 1050 lictorum,
1025 973 1276 1038 lectica
1305 993 1427 1038 sua
1458 974 1711 1056 avexit.
1773 976 1939 1060 [72]
1969 975 2248 1044 Amicos
2279 987 2468 1045 tanta

283 1093 545 1159 semper
589 1075 916 1141 facilitate
963 1075 1497 1159 indulgentiaque
1543 1079 1880 1158 tractavit,
1924 1085 1997 1145 ut
2044 1079 2122 1145 C.
2153 1080 2470 1166 Oppio,⁷⁶
2569 1108 2578 1117 ·

279 1177 636 1249 comitanti
666 1198 740 1241 se
768 1198 883 1262 per
912 1180 1250 1263 sylvestrev
1286 1179 1436 1256 iter,
1468 1186 1908 1264 correptoque
1946 1184 2185 1248 ‘subita
2213 1182 2474 1249 valetu-

280 1280 562 1358 dinejet
589 1277 1089 1362 deversoriolo‚f
1111 1281 1294 1365 quod
1327 1291 1530 1347 unum
1558 1290 1719 1363 erat,
1764 1284 1964 1364 [loco]
1996 1285 2318 1366 cesserit?
2361 1287 2491 1351 etv
2540 1273 2543 1278 ’

1195 1481 1223 1501 O
1229 1480 1558 1502 ‘NOONOOOO

287 1605 428 1651 1.—3
465 1599 765 1662 Stipendium
791 1600 1021 1651 Harlem.
1046 1601 1352 1651 Fouc.Edd.
1387 1602 1519 1651 Ven.
1543 1605 1590 1650 l.
1617 1600 1766 1651 eald.
1791 1600 1937 1652 Med.
1960 1606 2015 1650 et
2037 1600 2155 1652 cod.
2182 1600 2364 1664 anac.
2387 1602 2478 1666 qni

285 1681 378 1730 pro
420 1671 468 1715 et
508 1666 609 1715 abs.
647 1665 801 1715 habet
838 1667 882 1716 ei
916 1667 1016 1716 abs.
1038 1675 1194 1731 atque
1216 1669 1379 1716 statim
1402 1666 1712 1716 mittin—4
1748 1666 2061 1715 Pronuntiari
2082 1671 2183 1715 tam
2205 1668 2302 1716 Ed.
2327 1667 2474 1717 eald.

282 1731 611 1793 pronuntiavit
635 1730 767 1779 liber
785 1732 931 1781 Torr.
952 1730 1090 1796 quod
1107 1738 1161 1781 et
1179 1732 1287 1795 ipse
1307 1730 1509 1795 probat.
1545 1732 1674 1779 Mox
1695 1730 1754 1779 ab
1769 1731 1890 1779 abst.
1913 1730 2074 1779 vind.
2095 1734 2144 1779 ⁸2.
2164 1731 2309 1781 Cort.
2323 1732 2478 1781 Fouc.

288 1796 385 1845 Ed.
407 1795 631 1845 Aah—5
668 1796 771 1845 Diu
792 1813 868 1859 ap.
888 1812 940 1846 se
962 1798 1119 1846 Fouc.
1184 1797 1390 1846 Deinde
1406 1812 1466 1845 ex
1486 1796 1769 1859 prqfectura
1791 1796 2074 1858 Copes.—6
2107 1796 2246 1844 Inter
2268 1796 2352 1861 off
2379 1802 2478 1847 eta·

288 1861 574 1924 timproeeq.
598 1861 797 1925 Gryph.
823 1862 946 1910 Bas.
961 1863 1138 1912 Plant.
1160 1862 1329 1911 Colin.
1351 1862 1501 1912 Torr.
1550 1858 1696 1909 Infra
1717 1861 1909 1910 advexit
1932 1860 2088 1909 Vind.
2108 1864 2153 1909 1.
2178 1861 2296 1911 Pin.
2317 1862 2477 1912 Fouc.

290 1928 472 1990 Copes.
495 1926 655 1976 evexit
691 1925 845 1975 Vind.
870 1931 917 1976 2.
947 1928 1190 1977 Corn—⁷
1228 1927 1381 1991 Appio
1417 1925 1588 1975 Periz.
1621 1926 1854 1975 Harlem.
1891 1924 2025 1976 Edd.
2057 1926 2191 1974 Ven.
2229 1932 2295 1976 tr.
2329 1925 2481 1977 eald.

290 1991 504 2042 Med.et
528 1992 599 2040 ita
619 1991 754 2040 alibi.
787 1992 916 2040 Mox
940 1992 1138 2043 valitud-
1161 1993 1212 2041 in
1239 1993 1367 2043 Mss.
1390 1989 1503 2041 fere
1528 1991 1716 2042 omnib.
1734 2005 1852 2040 cnm
1877 1989 2010 2040 Edd.
2034 1990 2330 2054 primia-:8
2355 1991 2482 2040 Vul-

292 2065 464 2120 gatam
501 2057 627 2106 lect.
660 2062 709 2105 et
744 2058 797 2106 in
821 2057 1079 2107 diversorio
1113 2060 1208 2107 loco
1229 2059 1348 2121 qaod
1367 2072 1511 2105 unum
1532 2062 1657 2116 erat,
1676 2058 1869 2105 cesserit
1893 2069 1996 2104 non
2014 2068 2166 2118 posse
2188 2052 2315 2104 ferri
2339 2056 2481 2105 vide-

289 2130 407 2171 runt
434 2135 631 2183 omnes,
657 2128 712 2170 at
731 2122 780 2171 in
806 2122 854 2171 b.
879 2122 915 2169 l.
937 2122 1260 2172 emendando
1282 2136 1382 2170 non
1407 2121 1755 2172 consentiunt.
1817 2121 1964 2170 Torr.
1987 2120 2089 2169 sic:
2123 2122 2221 2168 loco
2236 2120 2288 2169 iu
2314 2118 2411 2169 diu.
2433 2137 2482 2185 q.
2545 2170 2559 2179 ‚

291 2202 339 2234 a.
361 2202 403 2236 e.
424 2201 544 2237 cess.
577 2187 755 2236 Ursin..
772 2187 822 2235 in
844 2187 944 2237 diu.
968 2204 1015 2251 q.
1033 2204 1083 2237 a.
1104 2203 1147 2237 e.
1168 2188 1263 2237 loco
1284 2203 1403 2237 cess.
1422 2194 1479 2236 et
1501 2187 1576 2235 ita
1601 2186 1694 2235 Ed.
1722 2186 1848 2235 Rob.
1869 2185 2055 2248 Steph.
2077 2185 2233 2249 idque
2256 2185 2485 2249 probant

292 2252 441 2300 Voss.
466 2252 647 2301 Burm.
665 2260 720 2301 et
742 2251 962 2302 casaub.
1014 2253 1268 2302 Emendat
1289 2253 1465 2302 GraeV.
1501 2257 1550 2301 et
1575 2253 1627 2301 iu
1654 2251 1754 2301 diu.
1778 2250 2001 2305 cubiculo,
2024 2265 2071 2313 q.
2091 2266 2149 2299 a..
2165 2264 2209 2301 e.
2226 2264 2342 2300 cess.
2364 2264 2483 2314 pro·

294 2316 452 2366 hante
481 2316 668 2366 Pitisc.
691 2317 774 2366 vel
795 2316 978 2367 deletis
991 2318 1088 2367 loco
1104 2332 1165 2367 ac
1186 2323 1235 2367 et
1256 2319 1326 2380 in,
1342 2317 1468 2378 legit
1485 2318 1587 2367 div.
1604 2331 1651 2379 q.
1672 2332 1722 2365 a.
1743 2331 1786 2365 e.
1808 2332 1852 2365 0.
1873 2324 1927 2365 et
1945 2315 2131 2370 desunt
2146 2319 2194 2364 et
2204 2314 2255 2363 in
2272 2315 2488 2367 Memm.

241 2393 246 2399 ·
293 2382 498 2431 Viterb.
525 2381 712 2444 Copes.
732 2382 889 2430 Viud.
913 2386 962 2432 2.
985 2383 1133 2433 Cort.
1157 2384 1304 2433 Vinc.
1349 2382 1562 2432 Beluae.
1595 2387 1643 2431 et
1675 2387 1880 2431 tantum
1914 2380 2061 2430 abest
2094 2395 2126 2429 a
2158 2380 2314 2428 Fouc.
2349 2380 2484 2430 Edd.

295 2447 440 2497 Rom.
462 2445 712 2510 Steph.iu
735 2446 851 2497 Pal.
877 2450 925 2496 1.
948 2451 996 2497 2.
1022 2448 1113 2497 Ed.
1137 2448 1271 2499 Bon.
1294 2451 1438 2497 1508.
1454 2448 1505 2497 iu
1521 2463 1623 2512 qua
1644 2460 1745 2495 non
1767 2451 2033 2510 comparet
2053 2444 2167 2507 loco,
2190 2450 2244 2494 et
2266 2444 2342 2494 ita
2361 2445 2487 2509 Bip.

291 2512 449 2562 Goes.
473 2513 608 2575 conj.
628 2514 748 2575 quod
764 2527 907 2562 unum
929 2513 1122 2563 habebat
1138 2529 1159 2572 ,0
1178 2514 1212 2564 J
1218 2529 1296 2563 ac.
1319 2513 1479 2563 Grou.
1500 2513 1732 2574 corrigit,
1755 2518 1811 2562 et
1835 2512 1886 2559 iu
1913 2519 2110 2562 textum
2133 2510 2350 2573 recepit,
2365 2514 2413 2558 et
2432 2510 2489 2558 in

251 2588 256 2591 ’
295 2578 393 2628 div.
417 2580 536 2632 loco,
558 2593 647 2640 quo
667 2578 874 2626 cubitum
890 2576 1032 2640 ierat,
1050 2579 1259 2628 cesserit.
1279 2579 1457 2628 Heius.
1481 2583 1530 2627 et
1550 2577 1602 2626 iu
1623 2576 1924 2626 diversoriolo
1942 2591 2012 2639 eo,
2035 2575 2158 2639 quod
2179 2589 2322 2623 unum
2359 2580 2486 2636 erut,

284 2657 408 2691 cess.
435 2643 574 2706 quod
601 2641 744 2691 dedit
766 2644 923 2701 etiam
942 2642 1081 2692 Oud.
1104 2644 1357 2707 probante
1382 2644 1507 2692 Ern.
1526 2648 1695 2691 tamen
1713 2656 1765 2690 eo
1784 2654 2224 2703 supervacaneum
2243 2652 2357 2688 esse
2381 2653 2490 2689 mo-

297 2716 474 2756 nente.
524 2705 643 2755 Alia
665 2709 863 2758 ratione
886 2707 1027 2757 Oud.
1049 2709 1334 2772 proposuit.
1354 2713 1400 2757 et
1421 2707 1677 2757 deversorii
1695 2706 1919 2762 cubiculo,
1944 2705 2026 2754 vel
2048 2703 2190 2754 cubili
2209 2718 2280 2762 eo,
2299 2719 2344 2766 q.
2370 2717 2421 2752 a.
2445 2719 2489 2752 e.

289 2787 338 2820 .c.
364 2771 536 2821 Bosh.
559 2786 585 2820 e
606 2773 703 2821 loco
723 2773 993 2822 diversorii.
1056 2773 1282 2837 Prorloco
1313 2772 1504 2834 legitur
1527 2772 1576 2819 in
1601 2784 1763 2832 marg..
1782 2770 1908 2818 Ant.
1939 2769 2139 2832 Gryph.
2163 2770 2329 2831 locato,
2350 2773 2404 2815 et
2422 2768 2490 2816 ad

298 2851 438 2885 oram
463 2837 692 2886 Plautin.
711 2839 764 2887 iu
783 2837 881 2888 div.
904 2837 1040 2892 lecto,
1063 2839 1145 2902 qui
1176 2852 1296 2887 unas
1332 2841 1451 2892 erat,
1485 2836 1621 2900 quod
1651 2835 1798 2900 quasi
1837 2833 1937 2884 viri
1968 2834 2109 2883 docti
2141 2833 2492 2896 conjecturam

301 2899 631 2966 accipiebant
653 2902 831 2951 Burm.
849 2909 903 2952 et
927 2902 1068 2952 Oud.
1092 2902 1184 2952 sed
1208 2904 1258 2952 in
1282 2902 1398 2954 cod.
1415 2902 1551 2950 inter
1568 2901 1696 2950 Mss.
1719 2899 2034 2949 Burneianos
2052 2898 2103 2947 in
2123 2899 2259 2948 Mus.
2280 2896 2492 2947 Britan-

302 2968 1320 3096 22⁰·.⁸.33;32‘:÷0ff;’·32335522‘0235‘
1335 2982 1394 3080 3²¹
1412 2967 1659 3081 3382}
1674 2979 1900 3088 ‘'w'ffizt,
1915 2962 2493 3093 Ἴωῌζῗῖῖέἓᾷξὶιξίῗ

302 3099 317 3124 ‘
342 3096 587 3162 Reliquas
607 3097 722 3149 VV.
743 3097 866 3148 DD.
889 3096 1274 3148 emendationes
1297 3097 1363 3145 V.
1386 3110 1471 3161 ap.
1496 3097 1675 3146 Burm.
1694 3102 1748 3145 et
1773 3095 1914 3145 Oud.
1937 3109 2065 3159 quas
2088 3094 2132 3143 si
2155 3105 2345 3158 augere
2367 3105 2493 3156 ope·

1290 3257 1503 3308 NOTAE

305 3379 490 3423 auctor
514 3381 597 3423 est
618 3371 885 3424 Plutarch.
909 3373 960 3423 in
984 3371 1250 3436 Pompeio.
1307 3423 1309 3426 ,
1442 3369 1624 3432 possit.
1691 3368 1848 3418 Certe
1891 3342 2007 3416 alia
2028 3380 2236 3430 prorsus
2262 3370 2344 3415 est
2381 3379 2496 3414 sen·

369 3458 393 3482 ²
411 3449 570 3506 Juboe,
589 3451 720 3512 regis
725 3449 864 3515 filio]
889 3450 1200 3515 Hiempsalis
1224 3448 1361 3513 regis

309 3525 529 3576 scilicet.
597 3527 704 3576 Dio
731 3527 820 3578 lib.
844 3541 999 3578 xtvr.

374 3608 397 3634 ⁸
436 3601 666 3664 Barbam]
703 3601 855 3652 Hanc
880 3609 1029 3667 patet
1059 3617 1090 3652 a
1123 3600 1359 3651 barbaris

312 3678 589 3732 excultam,
607 3692 724 3740 cap.
748 3683 831 3728 67.
854 3678 1328 3729 animadvertimus.

372 3750 397 3786 δ
428 3753 825 3816 Pronuntiatam]
868 3755 1015 3804 Torr.
1040 3755 1165 3818 legit
1199 3755 1249 3802 in
1272 3769 1362 3818 op·

312 3827 440 3877 timo
485 3843 512 3877 e
552 3829 658 3878 suis
708 3829 973 3880 codicibus
1005 3831 1364 3894 pronuntiavit.-

312 3920 417 3970 quo
449 3920 599 3955 sensu
635 3905 1016 3970 intelligeretur
1039 3908 1218 3957 Caesar
1253 3922 1366 3971 pro·

314 3983 581 4032 nuntiasse
613 3983 1030 4047 stipendiarium,
1053 3985 1151 4034 hoc
1174 3991 1254 4034 est
1277 3985 1367 4034 mi-

316 4060 482 4121 litem,
508 4067 570 4111 ut,
590 4059 688 4110 hoc
722 4061 907 4113 saltem
932 4061 1053 4125 jure
1077 4055 1369 4125 protegere-

320 4143 432 4184 tur:
473 4135 564 4186 sed
592 4137 813 4194 dubitat,
838 4153 923 4199 an,
943 4137 1369 4202 quemadmodum

285 4204 288 4207 ’
318 4212 660 4275 stipendiaria
683 4216 946 4278 provincia
963 4216 1147 4265 Latine
1165 4214 1372 4273 dicitur,

320 4290 395 4338 ita
428 4297 480 4340 et
515 4290 1059 4354 stipendiariusmiles
1092 4299 1234 4342 recte
1267 4291 1369 4341 dici

1443 3445 1638 3494 tentia:
1664 3443 1931 3506 provincia
1953 3441 2268 3509 stipendium
2292 3440 2495 3496 tribuit,

1441 3524 1588 3573 miles
1609 3523 1814 3585 accipit.

1495 3606 1529 3661 ,ο
1564 3601 1646 3648 Ex
1665 3595 1901 3661 proetura]
1939 3594 2068 3656 Cap.
2092 3600 2171 3645 18.

1503 3674 1529 3710 ἃ
1567 3674 1758 3740 Officia]
1812 3668 2155 3722 Profecturos
2196 3670 2252 3718 in
2297 3667 2500 3732 provin·

1443 3753 1553 3803 cias
1592 3751 1890 3813 magistratu
1927 3746 2130 3795 functos
2157 3745 2307 3794 amici
2339 3743 2499 3793 elien·

1447 3838 1648 3894 tesque‚
1672 3826 1875 3876 honoris
1898 3836 2071 3884 causa,
2099 3821 2162 3870 ad
2187 3821 2398 3870 Portam
2417 3836 2501 3870 ns-

1447 3921 1549 3972 que
1583 3906 1872 3956 Salutarem
1911 3899 2369 3965 prosequebantur,
2405 3898 2501 3948 ibi-

1449 3997 1551 4048 que
1571 3979 1884 4031 salutabant.

1514 4065 1536 4092 e
1571 4059 1628 4107 C.
1652 4055 1828 4120 Oppio]
1865 4052 1964 4103 Illo
1988 4052 2209 4103 Caesaris
2231 4050 2417 4114 amico,
2434 4050 2504 4100 de

1450 4151 1549 4201 quo
1565 4151 1680 4198 cap.
1702 4138 1784 4183 52.
1808 4139 1863 4183 et
1886 4147 2003 4196 cap.
2019 4135 2100 4182 66.

1515 4209 1534 4245 ἴ
1562 4211 1894 4262 Deversoriolo
1948 4207 2228 4278 [diversorio
2267 4204 2385 4268 loco]
2443 4203 2502 4252 F.

1449 4290 1665 4340 Ursinus
1696 4290 1747 4338 in
1793 4287 1958 4339 veteri
1985 4284 2163 4336 codice
2196 4282 2343 4348 legit,
2376 4284 2420 4329 et
2455 4279 2507 4331 in,
