3019 4922
484 359 616 426 234
1349 373 1413 420 c.
1461 371 1820 421 sussronu

486 520 592 587 M.
624 515 920 601 Lepidus
968 517 1038 581 in
1067 515 1313 580 Senatu
1342 522 1744 581 excusasset
1774 517 2134 600 praeterita,
2186 526 2251 584 et
2304 538 2493 604 spem
2546 521 2687 587 cle-

487 623 756 690 mentiae
787 622 853 685 in
883 624 1225 705 posterum
1261 618 1555 698 fecisset,
1588 621 1906 703 quoniam
1955 622 2128 687 satis
2172 643 2523 708 poenarum
2570 645 2690 690 exe

489 734 717 792 actum
766 733 989 805 esset3
1031 724 1203 788 hunc
1248 742 1286 787 e
1342 722 1655 788 diverso⁸
1702 723 2104 807 professum,
2150 726 2246 791 ita
2290 726 2563 791 modum
2611 748 2717 793 se-

488 828 957 915 proscribendi
985 826 1327 902 statuisse,
1357 831 1432 890 ut
1461 825 1692 891 omnia
1720 827 1852 891 sibi
1894 828 2241 911 reliquerit
2289 827 2520 893 libera.
2606 830 2693 895 In

491 933 691 1017 cujus
724 939 941 997 tamen
985 929 1384 1013 pertinaciae
1435 928 1907 1011 poenitentiam
1958 938 2199 1014 postea
2245 931 2327 995 Τ.
2358 931 2687 997 Vinium⁹

491 1036 1093 1119 Philopoemenem,
1123 1032 1305 1116 quod
1336 1038 1687 1116 patronum
1718 1053 1917 1097 suum
1944 1035 2395 1118 proscriptum
2427 1037 2691 1101 celasse

494 1139 654 1203 olim
703 1139 1052 1214 diceretur,
1100 1136 1398 1220 equestri
1441 1136 1768 1220 dignitate
1818 1136 2253 1205 honoraviw
2340 1138 2423 1203 In
2451 1139 2688 1205 eadem

491 1242 621 1306 hac
662 1246 1000 1326 potestate
1027 1248 1046 1278 ¹
1093 1238 1455 1323 multiplici
1493 1239 1802 1323 flagravit
1844 1239 2119 1305 invidia.
2218 1239 2401 1305 Nam
2452 1248 2524 1306 et
2571 1242 2692 1307 Pi-

490 1346 776 1422 narium,
810 1343 1123 1428 Equitem
1151 1341 1555 1421 Romanum,
1587 1364 1761 1421 cum,
1784 1344 2219 1409 concionante
2251 1364 2351 1425 se,
2397 1344 2693 1411 admissa.

492 1449 690 1512 turba
720 1455 1176 1530 paganorum,²
1205 1448 1387 1532 apud
1417 1448 1688 1525 milites,
1708 1447 2126 1510 subscribere
2149 1447 2455 1531 quaedam
2481 1447 2691 1512 anim-

493 1550 919 1626 advertisset,
978 1550 1358 1615 curiosum⁸
1415 1570 1497 1614 ac
1561 1546 2098 1632 specu·latorem¹’
2151 1556 2360 1628 ratuS,
2413 1556 2691 1616 coram²

495 1652 773 1717 confodi
816 1652 1253 1738 imperavit&
1296 1658 1364 1717 et
1406 1642 1733 1717 Tedium³
1780 1648 2045 1731 Afrum,
2075 1652 2443 1719 Consulem
2472 1651 2692 1738 desig-

557 1865 574 1898 ἰ
610 1868 731 1915 Cum
760 1866 887 1917 enim
907 1867 1285 1929 deprehendisset
1309 1866 1563 1916 Pinarium
1582 1866 1784 1929 equitem
1807 1866 2070 1917 Romanum
2092 1868 2342 1918 subnotare
2362 1867 2543 1932 aliqua,
2581 1868 2692 1915 dam

493 1932 593 1995 ipse
617 1932 806 1980 haberet
826 1934 952 1995 apud
973 1934 1148 1980 milites
1169 1932 1448 1997 concionem,
1481 1934 1543 1980 ad
1576 1947 1715 1994 quam
1749 1933 2019 1982 introducta
2041 1934 2212 1994 suerat
2251 1934 2510 1983 multitudo
2541 1947 2694 1995 paga-

492 1996 835 2061 norum,jussit
857 1998 991 2048 illum
1012 1998 1162 2046 occidi
1182 2011 1233 2046 se
1248 2004 1498 2061 presente,
1522 1997 1785 2047 arbitratus
1806 1998 2042 2049 curiorum
2061 2013 2177 2064 esse,
2194 2003 2244 2050 et
2264 2000 2627 2063 exploratorem.

1489 3280 1706 3305 uulua

558 3377 580 3400 ²
605 3368 932 3432 Paganornm]
968 3370 1168 3434 Pagani
1190 3377 1311 3422 sunt
1326 3371 1561 3436 quicum·
1642 3371 1887 3434 tarthan
1924 3377 1979 3419 et
2002 3367 2240 3433 Augusto
2262 3368 2417 3417 etiam
2440 3367 2703 3416 Maeona-

495 3456 596 3507 qne
636 3445 777 3493 cives
815 3460 918 3496 non
961 3448 1261 3511 militantes,
1294 3464 1397 3499 non
1437 3464 1560 3500 vero
1643 3451 1709 3499 tis
1733 3449 1947 3500 consilio
1970 3446 2220 3512 ejusmodi
2255 3446 2517 3495 delatores
2539 3444 2703 3495 fuisse

493 3521 675 3570 rustici
693 3537 938 3586 pagorum
958 3525 1156 3575 incolae.
1191 3527 1396 3585 Deillis
1412 3529 1563 3591 plura
1641 3531 1794 3579 notat
1831 3525 1972 3586 Πίος
2016 3523 2108 3572 sed
2143 3536 2358 3587 quornm
2401 3519 2705 3569 testimonio

494 3596 634 3660 apud
676 3599 1092 3661 Jureconsultos,
1136 3603 1424 3664 praesertim
1468 3603 1559 3654 nbi
1639 3603 1844 3654 nonnisi
1904 3607 2058 3652 caute
2116 3599 2388 3648 admodum
2443 3603 2707 3647 uteretur.

492 3672 561 3724 de
590 3675 828 3726 militaris
850 3683 909 3728 et
941 3678 1184 3742 paganic‘i
1224 3686 1561 3730 testamento·
1590 3674 1596 3679 ’
1641 3678 1844 3729 Curioni
1867 3676 2081 3729 fuerunt
2100 3677 2133 3725 ii
2151 3689 2372 3741 quoque,
2394 3675 2483 3738 qui
2507 3674 2707 3737 publici

493 3765 608 3801 rum
632 3750 968 3817 differentiis,
1640 3771 1817 3810 cursus
1852 3770 2030 3805 curam
2072 3752 2341 3818 gerebant,
2374 3751 2551 3816 quales
2573 3750 2708 3800 dici-

500 3863 506 3871 ·
556 3835 581 3862 ²
616 3830 888 3894 Curiosum]
940 3831 1144 3920 0⁰¹³&
1188 3845 1290 3880 non
1329 3831 1364 3880 ii
1405 3833 1561 3883 modo
1639 3846 1753 3883 mus
1780 3832 1987 3883 Maur-es
2002 3832 2086 3880 des
2108 3830 2298 3894 Postes,
2318 3828 2385 3878 de
2407 3827 2595 3895 quibus
2614 3827 2709 3876 lib.

492 3905 633 3968 apud
656 3907 772 3955 illos
806 3914 975 3970 erant,
1007 3902 1095 3972 qm
1125 3909 1396 3958 multorum
1423 3918 1560 3959 sata·
1640 3923 1770 3961 xm.
1815 3908 1947 3959 Cod.
1984 3907 2053 3958 de
2089 3921 2244 3956 cursu
2270 3905 2503 3975 publico,
2535 3910 2591 3953 et
2612 3904 2708 3953 lib.

492 3981 707 4044 gebant,
722 3982 812 4032 sed
831 3985 920 4048 qui
943 3986 1216 4034 commissa
1240 3987 1321 4035 vel
1342 3987 1393 4034 in
1417 3987 1560 4051 prin·
1636 4001 1676 4037 r.
1702 3987 1836 4038 Cod.
1870 3987 1936 4035 de
1959 3985 2191 4036 curiosis
2209 3990 2267 4034 et
2287 3982 2638 4033 stationariis.

494 4057 625 4121 cipis
659 4061 743 4108 vel
784 4060 833 4108 in
874 4060 1152 4123 praesidum
1188 4064 1439 4114 comitatu
1460 4065 1561 4114 cri-
1714 4064 1738 4098 b
1772 4060 2143 4128 Speculatorem]
2193 4061 2502 4125 speculator
2539 4059 2583 4107 ir
2622 4065 2708 4106 ost

492 4132 775 4197 minaper
828 4136 1121 4198 provincias
1167 4138 1561 4204 investigarent,
1639 4141 1852 4204 proprie
1894 4139 2061 4197 miles,
2110 4137 2198 4202 qui
2244 4136 2450 4186 silentio
2493 4133 2708 4188 hostilia

495 4215 551 4257 et
572 4211 892 4272 nuntiarent,
926 4215 1104 4275 quales
1127 4222 1181 4265 et
1203 4216 1376 4265 Medis
1399 4216 1561 4266 fnisse
1641 4215 1916 4279 perspicit,
1949 4222 2007 4263 ut
2047 4213 2166 4264 duci
2192 4210 2402 4260 referat.
2469 4205 2708 4257 Adriano

493 4291 674 4336 narrat
707 4286 1031 4352 Herodotus,
1064 4298 1119 4340 et
1154 4292 1205 4340 in
1245 4294 1406 4343 Dario
1436 4293 1562 4343 Plu·
1634 4292 1848 4343 fuerunt
1887 4291 2108 4342 ministri
2144 4289 2372 4354 quidam,
2419 4300 2551 4351 qnos
2594 4284 2709 4335 fru-
