3019 4922
1238 402 1629 454 ocTAvrus.
2402 404 2533 471 239

338 538 820 607 sufficientibus
853 541 1140 622 duobus;
1169 546 1371 610 etiam
1420 549 1614 613 tertio
1663 551 1979 636 indigere.
2068 559 2312 646 Itaque
2343 564 2530 631 festi·-

334 644 628 723 nantius,
650 644 944 710 ¹necdum
976 646 1280 729 perfecta
1306 649 1549 715 Martis
1579 654 1747 731 aede,
1778 658 2184 737 publicatum
2215 672 2344 742 est,
2368 688 2528 732 cau-

335 750 627 830 tumque,
654 754 727 813 ut
756 750 1120 834 separatim
1169 752 1238 813 in
1288 772 1370 816 eo
1402 754 1677 835 publica
1696 755 1960 839 judicia
1983 770 2009 795 ¹
2054 771 2122 827 et
2151 769 2528 836 sortitiones

325 845 678 930 judicumJ
719 853 971 917 fierent.
1062 854 1310 919 AEdem
1343 854 1667 935 Martis,¹0
1711 861 1888 926 bello
1935 864 2365 952 Philippensi
2400 878 2527 956 'pro

332 951 584 1017 ultione
602 957 636 988 ἵ
669 962 951 1038 paterna
999 965 1339 1041 suscepto,
1371 968 1697 1027 voverat.⁸
1783 964 2025 1032 Sanxit
2076 990 2258 1053 erg0‚
2311 983 2390 1039 ut
2439 976 2525 1041 de

331 1053 521 1118 bellis
543 1055 571 1093 δ
615 1059 1099 1146 triumphisque
1121 1062 1227 1126 hic
1258 1063 1714 1157 consuleretur
1743 1068 2064 1138 Senatus:
2090 1082 2109 1112 ¹
2144 1078 2525 1158 provincias

332 1173 481 1220 cum
509 1159 796 1243 imperio
826 1164 1090 1245 petituri
1135 1165 1292 1231 hinc
1339 1167 1827 1236 deducerentur
1850 1194 1865 1239 ε
1887 1181 1910 1209 ⁰
1952 1177 2201 1260 quique
2229 1181 2524 1245 victores

330 1258 684 1340 redissent,
732 1264 859 1329 huc
908 1266 1193 1350 insignia
1219 1274 1243 1303 ²
1304 1270 1832 1353 triumphorumd
1895 1276 2220 1343 inferrent.
2321 1280 2525 1345 Tem-

328 1359 509 1442 plum
563 1362 904 1449 Apollinis
969 1369 1036 1432 in
1092 1390 1174 1433 ea
1228 1379 1415 1455 parte
1468 1373 1802 1441 Palatinae
1858 1377 2097 1443 domus
2146 1382 2521 1463 excitavit,³

328 1482 530 1564 quarn
562 1466 838 1534 fulmine
865 1472 1073 1536 ictam
1105 1469 1470 1542 desiderari
1501 1497 1544 1541 a
1574 1479 1726 1543 Deo
1754 1475 2144 1565 haruspices
2167 1493 2191 1520 θ
2235 1505 2524 1569 pronun-

1240 1675 1357 1696 ΟΜ
1363 1676 1603 1699 ΟΟΟΟΟΟΟΟ

323 1799 376 1844 et
393 1801 674 1861 cautumque
694 1813 789 1860 pro
811 1806 1042 1867 tontumq.
1068 1804 1360 1857 Fouc.—1o
1393 1808 1563 1873 Vulgo
1590 1785 1763 1875 Morti,
1787 1813 1880 1861 sed
1903 1812 2029 1863 illud
2061 1814 2267 1878 recepit
2303 1816 2523 1882 Baumg.

214 1919 221 1922 ,
323 1875 433 1909 cnm
459 1862 599 1912 Oud.
622 1870 678 1911 et
696 1865 851 1916 Wolf.
877 1861 1278 1931 suffragantibus
1307 1873 1518 1926 Memm.
1541 1876 1738 1928 Medic.
1761 1882 1809 1926 2.
1831 1878 1990 1928 Vind.
2013 1885 2061 1929 l.
2098 1882 2254 1930 Fouc.
2270 1881 2522 1934 Dunelm.

323 1926 472 1975 Voss.
497 1928 730 1992 Guelph.
751 1935 801 1980 2.
826 1933 944 1996 Cuj.
994 1934 1122 1984 Mox
1150 1951 1238 1998 pro
1264 1938 1445 1989 visione
1478 1946 1579 2003 pat.
1607 1942 1801 1993 Medic.
1826 1950 1894 1993 tr.
1919 1944 2078 1995 Vind.
2101 1950 2150 1995 2.
2184 1947 2343 1997 Fouc.
2380 1950 2520 1999 Dnn.

322 1989 444 2054 Cop.
470 1992 628 2043 Huls.
655 1995 773 2058 Cuj.
792 2003 848 2046 et
865 2013 953 2060 pro
972 1999 1122 2049 deest
1143 2001 1240 2051 Ed.
1256 2004 1392 2053 Ven.
1412 2009 1459 2053 1.
1480 2006 1595 2055 aliae
1619 2006 1735 2057 duae
1760 2016 1973 2072 noverat,
1994 2025 2110 2060 cum
2135 2012 2292 2061 Fouc.
2314 2020 2522 2063 moverat

319 2056 471 2106 vind.
494 2062 645 2108 2.--1
687 2062 829 2111 Cous.
853 2063 930 2111 hic
952 2064 1068 2132 Seu.
1092 2067 1249 2116 Vind.
1275 2073 1319 2119 1.
1344 2071 1486 2119 Cort.
1520 2078 1676 2136 atque
1702 2074 1839 2125 Edd.
1866 2077 2014 2126 Vett.
2036 2091 2153 2141 quae
2185 2077 2439 2127 rediissent
2460 2084 2522 2127 ut

318 2123 520 2183 saepius.
590 2125 727 2174 Item
749 2127 1023 2193 quicumque
1045 2147 1090 2181 v.
1115 2132 1273 2183 Vind.
1298 2139 1442 2184 1.-2
1477 2136 1538 2185 In
1554 2137 1695 2199 signa
1714 2140 1856 2189 Cort.
1905 2141 2100 2191 Postea
2117 2141 2382 2203 conferrent
2407 2143 2524 2191 Me·

319 2185 417 2236 dic.
439 2195 506 2237 tr.
542 2190 706 2241 Polit.
727 2190 885 2241 Vind.
907 2199 956 2244 2.
979 2196 1128 2246 Huls.
1146 2199 1301 2247 Voss.
1319 2200 1534 2252 Memm.
1555 2217 1656 2252 non
1681 2204 2002 2268 improbante
2028 2206 2168 2257 Oud.
2205 2208 2450 2257 Ceterum
2467 2208 2521 2256 in

317 2250 463 2304 deest
482 2254 623 2304 Edd.
649 2257 798 2324 Med.
817 2260 963 2309 Cald.
986 2262 1320 2327 aliisque.--3
1354 2265 1525 2317 Ursin.
1549 2268 1739 2332 probat
1761 2286 1791 2319 e
1809 2270 1933 2322 Vet.
1957 2272 2072 2321 cod.
2093 2276 2349 2345 exertuoit.
2385 2272 2520 2322 Tum

1309 2385 1535 2481 nome

374 2541 401 2566 ¹
433 2533 642 2585 Publica
664 2535 878 2601 jndicio]
914 2539 991 2590 Ea
1028 2548 1149 2591 sunt
1180 2541 1233 2593 in
1266 2545 1380 2608 qui·
1458 2547 1716 2598 Asconius
1738 2550 2019 2600 Pedianus.

313 2611 405 2662 bus
426 2626 679 2665 accusare
703 2616 868 2665 cuivis
892 2618 1090 2668 licebat
1112 2635 1142 2669 e
1166 2623 1376 2686 populo,

313 2695 381 2740 nt
411 2690 843 2753 repetundarum,
888 2695 1128 2759 ambituS,
1163 2701 1264 2747 ὅτε.
1311 2699 1374 2749 de

313 2765 495 2827 quibus
519 2767 573 2815 in
595 2768 630 2818 J
635 2769 738 2818 ulio
759 2784 807 2819 c.
828 2773 879 2819 4.
908 2777 964 2822 et
985 2777 1034 2823 9.
1058 2773 1299 2824 adulterii
1322 2776 1374 2826 in

312 2842 485 2894 Tiber.
509 2859 557 2894 c.
579 2850 663 2896 35.

372 2926 395 2962 5
415 2919 703 2971 sortitiones
713 2922 963 2990 judicum}
993 2925 1076 2975 An
1095 2925 1374 2978 Senatores

311 2995 374 3045 ab
396 2996 548 3046 initio
562 2998 931 3064 judicaverint,
944 3017 1007 3051 an
1033 3019 1156 3053 vero
1174 3011 1373 3055 tantum

308 3079 427 3135 post
449 3075 712 3125 ademtum
734 3077 792 3126 id
827 3080 1052 3129 muneris
1090 3082 1373 3147 equitibus,

308 3150 528 3213 quaestio
585 3158 669 3202 est
713 3154 1012 3218 ambagibus
1056 3159 1233 3209 multis
1284 3160 1376 3210 ob·

306 3225 495 3278 noxiae
532 3232 652 3277 utut
693 3236 790 3280 est.
808 3231 961 3294 illud,
995 3226 1202 3285 constat
1225 3237 1376 3287 sorti-

307 3301 477 3352 tiones
492 3303 730 3366 judicum
754 3313 878 3357 tunc
903 3306 1017 3358 fieri
1038 3311 1236 3374 solitas,
1257 3327 1375 3363 cum

305 3385 504 3439 praetor
528 3387 617 3429 aut
650 3382 896 3446 princeps
934 3386 1020 3436 ille
1055 3389 1372 3452 quaestionis,

306 3451 371 3503 de
394 3469 498 3520 quo
524 3456 578 3504 in
601 3457 712 3508 Jul.
745 3474 792 3510 c.
819 3464 899 3510 11.
934 3463 1240 3514 selectorum
1275 3466 1375 3518 hoc

307 3542 438 3579 anno
458 3531 719 3597 judicum,
753 3537 841 3600 qui
867 3540 1018 3604 vulgo
1040 3545 1153 3591 300.
1194 3548 1252 3591 ut
1285 3557 1374 3592 ex·

303 3604 556 3670 istimant,
589 3614 793 3663 nomina
837 3616 1009 3667 omnia
1055 3618 1374 3682 conjiciebat

305 3681 360 3731 in
382 3699 587 3751 urnam,
607 3695 664 3739 ut
685 3704 928 3742 numerus
951 3695 1263 3745 educeretur
1283 3697 1372 3746 de,

304 3759 480 3812 finitus
503 3778 601 3828 per
623 3767 809 3832 legem,
826 3773 1023 3835 negotii
1047 3773 1112 3824 de
1130 3789 1231 3838 quo
1253 3790 1371 3839 age·

305 3835 461 3888 batur
483 3855 642 3891 causa
664 3844 858 3907 latam;
901 3849 945 3897 si
969 3864 1092 3899 vero
1115 3853 1196 3900 vel
1218 3866 1370 3901 accu-

308 3919 447 3963 sator
469 3918 551 3967 vel
583 3933 702 3970 reus
740 3924 987 3986 quosdam
1025 3941 1091 3976 ex
1135 3927 1236 3977 illis
1273 3929 1371 3978 sibi

308 3991 663 4056 suspicaretur
709 3997 956 4058 infensos,
1004 4004 1209 4068 rejectis
1253 4006 1372 4069 illis,

310 4065 373 4114 ab
425 4076 650 4134 utraque
711 4082 860 4137 parte
918 4078 1372 4132 subsortiebantur

313 4141 454 4194 alios.
538 4148 680 4198 Huic
720 4164 844 4213 ergo
874 4152 1191 4216 judiciorum
1232 4159 1370 4220 parti

315 4213 473 4270 forum
512 4237 664 4274 suum
694 4224 961 4291 Augustus
998 4231 1372 4284 destinaverat.

318 4291 428 4347 Qua
447 4296 514 4348 de
535 4313 593 4350 re
616 4301 805 4353 Cicero
839 4304 891 4354 in
918 4307 1172 4373 Veri-iuis,
1208 4315 1262 4359 et
1295 4309 1369 4360 ibi

1521 2634 1542 2658 ²
1563 2626 1662 2675 Pro
1682 2627 1881 2690 ultione]
1919 2627 2076 2677 Ovid.
2100 2627 2241 2678 Fast.
2263 2643 2315 2679 V.
2334 2629 2349 2658 ‘
2365 2629 2519 2680 Ultor

1457 2700 1521 2748 ad
1547 2701 1658 2764 ipse
1679 2716 1797 2751 suos
1818 2703 1950 2752 coelo
1974 2702 2249 2753 descendit
2280 2704 2521 2767 honores,

1453 2775 1772 2841 Templaque
1806 2778 1859 2827 in
1883 2778 2119 2842 Augusto
2154 2778 2521 2843 conspicienda

1454 2851 1606 2901 foro!
2070 2862 2076 2871 '

1520 2935 1545 2962 ὃ
1573 2930 1797 2995 Voverat]
1822 2930 1979 2982 ovid.
2004 2930 2220 2982 ibidem:
2245 2932 2262 2961 ‘
2281 2933 2519 2982 Voverat
2584 2996 2587 3005 ι

1453 3006 1591 3056 hunc
1629 3006 1836 3070 genitor
1875 3014 2001 3057 tunc
2037 3022 2153 3057 cum
2194 3009 2281 3072 pia
2310 3010 2520 3065 sustulit
2583 3006 2584 3015 ’

1456 3083 1635 3134 arma!
1717 3084 1817 3133 Pia
1858 3085 2074 3147 scilicet,
2120 3085 2243 3150 quia
2286 3099 2427 3134 suam
2463 3086 2518 3133 in

1434 3160 1759 3228 xadoptivum
1801 3168 2000 3226 patrem
2038 3161 2286 3226 pietatem
2309 3161 2519 3214 exhibe-

1455 3237 1602 3288 bant.
1688 3235 1694 3244 '

1519 3313 1542 3348 ¹³
1576 3316 1654 3365 De
1675 3316 1828 3381 bellis]
1867 3315 2187 3381 Indicendis,
2228 3313 2366 3381 quod
2395 3315 2517 3366 olim

1455 3392 1508 3440 in
1534 3392 1796 3456 Capitolio
1818 3410 1830 3440 ε
1865 3394 2000 3443 idem
2026 3394 2184 3444 Ovid.
2207 3393 2334 3443 ibid.
2356 3393 2518 3455 ‘Dig-

1455 3483 1525 3518 na
1558 3468 1844 3531 Gigantaeis
1875 3470 1988 3520 haec
2020 3476 2140 3519 sunt
2175 3469 2390 3518 delubra
2413 3476 2519 3518 tro-

1454 3544 1643 3608 phaeis:
1671 3545 1810 3594 Hinc
1828 3544 1939 3596 fera
1954 3545 2242 3596 Gradivum
2262 3545 2395 3594 bella
2410 3558 2515 3594 mo·

1458 3636 1577 3670 vere
1602 3621 1794 3671 decet!
2510 3677 2512 3679 .

1519 3707 1541 3733 c
1563 3699 1949 3763 Deducerentur]
1972 3696 2146 3748 Officii
2170 3711 2342 3747 causa.
2379 3695 2519 3745 Vide

1453 3773 1504 3824 in
1527 3774 1671 3825 Julio
1694 3789 1741 3826 c.
1763 3778 1848 3825 71.
2184 3837 2189 3842 ἱ

1517 3852 1542 3887 ‘¹
1570 3853 1795 3914 Insignia
1827 3846 2191 3915 triumphorum]
2235 3850 2316 3900 De
2349 3848 2429 3898 his
2464 3846 2544 3898 in'

1451 3931 1592 3983 Julio
1615 3947 1663 3981 c.
1688 3934 1771 3980 37.

1518 4016 1541 4042 θ
1573 4005 1890 4071 Haruspices]
1922 4006 2118 4057 Notum
2142 4010 2242 4068 est,
2262 4002 2423 4053 fuisse
2444 4002 2518 4052 di·

1452 4083 1713 4133 vinatores
1737 4082 1999 4147 quosdam,
2036 4083 2124 4146 qui
2159 4089 2216 4132 et
2237 4080 2516 4144 exti‘spices

1449 4160 1601 4221 dicti,
1633 4159 1699 4208 ab
1733 4167 1970 4213 extorum
1991 4161 2319 4226 inspectione
2341 4157 2518 4208 futura

1453 4237 1819 4301 praedicentes.
