3019 4922
1263 163 1282 196 ἱ

2371 387 2497 452 167

309 562 497 612 crura
537 542 847 620 deduxit,
893 562 1026 628 quo
1054 542 1399 626 honestius
1445 543 1731 622 caderet,
1779 546 1979 612 etiam
2009 546 2307 612 inferiore
2350 568 2497 634 cor-

309 649 488 730 poris
533 652 722 730 parte
751 647 994 714 velata.
1079 645 1304 730 Atque
1353 647 1451 713 ita
1488 649 1696 712 tribus
1722 656 1792 714 et
1821 650 2050 732 viginti
2091 651 2304 735 plagis
2335 639 2498 722 con-

308 750 534 815 fossus
562 755 688 829 est,
736 769 870 816 uno
899 749 1102 814 modo
1148 750 1233 814 ad
1280 752 1558 834 primum
1605 753 1810 816 ictum
1857 754 2103 834 gemitu
2157 754 2299 818 sine
2329 774 2499 819 voce

311 853 515 917 edito.
608 852 757 920 Etsi
778 852 806 896 ⁶
834 852 1246 917 tradiderunt
1277 854 1572 936 quidam,
1620 853 1720 917 Μ.
1746 853 1952 944 Bruto
1984 856 2257 919 irruenti
2279 864 2302 890 ²
2347 857 2498 921 dix-

307 956 613 1032 183ορΚώ
652 955 777 1034 ab?
821 952 1098 1035 τέκνον;7
1146 956 1517 1035 Exanimis,
1567 956 2062 1039 diffugientibus
2090 957 2114 995 ⁸
2143 956 2168 994 b
2214 961 2497 1040 cunctis,

309 1058 726 1141 aliquamdiu
772 1057 1003 1141 jacuit,
1056 1059 1261 1124 donec
1311 1060 1575 1125 lecticae
1617 1060 2029 1143 impositum,
2084 1061 2498 1144 dependente

306 1161 631 1239 brachiof,
670 1168 799 1225 tres
852 1162 1100 1226 servuli
1144 1163 1411 1226 domum
1463 1163 1848 1238 retulerunt.
1940 1163 2089 1228 Nec
2120 1166 2187 1229 in
2217 1170 2322 1229 tot
2352 1166 2498 1229 vul·

307 1263 599 1340 neribus,
645 1273 720 1328 ut
750 1264 1077 1330 Antistius
1099 1264 1168 1316 ⁹⁶
1227 1266 1525 1331 medicus
1555 1267 2009 1345 existimabat,
2056 1267 2256 1332 letale
2284 1268 2496 1331 ullum

306 1371 639 1448 repertum
670 1372 792 1444 est,
837 1368 965 1431 nisi
997 1369 1174 1450 quod
1205 1369 1498 1433 secundo
1543 1370 1697 1434 loco
1726 1370 1790 1432 in
1820 1377 2091 1453 pectore
2120 1378 2496 1453 acceperat.

310 1468 557 1533 Fuerat
587 1470 846 1533 animus
892 1470 1338 1553 conjuratiS,¹⁰
1383 1491 1621 1555 corpus
1666 1472 1875 1536 occisi
1924 1474 1990 1537 in
2021 1472 2319 1537 Tiberim
2365 1477 2497 1535 tra-

305 1570 482 1649 here,
517 1573 698 1636 bona
728 1572 1094 1656 publicare,
1142 1581 1295 1637 acta
1342 1573 1712 1638 rescindere
1737 1582 1797 1654 εἷ
1844 1574 1965 1638 sed
1994 1580 2175 1637 metu
2223 1573 2322 1637 M.
2354 1571 2496 1637 An-

1259 398 1555 446 sumus.

1216 1770 1247 1790 0
1253 1770 1581 1791 0000000000

306 1885 624 1948 compendio.
680 1885 816 1934 Hinc
844 1885 980 1935 Oud.
1003 1885 1139 1948 conj.
1162 1885 1386 1947 inferiore
1406 1886 1480 1933 sai
1500 1890 1754 1948 parta-6
1782 1886 1847 1933 Et
1866 1885 1987 1934 sicut
2013 1883 2139 1935 dant
2162 1883 2335 1935 Periz.
2356 1885 2492 1936 Har-

305 1951 420 1999 lem.
440 1951 582 2000 Cort.
608 1950 742 2000 Edd.
767 1951 900 2001 Ven.
927 1960 992 2000 tr.
1015 1951 1158 2000 Med.
1187 1951 1349 2006 Lugd.
1369 1951 1403 2002 J
1410 1959 1517 1999 unt.
1538 1950 1657 2001 Ald.
1679 1957 1724 1999 et
1746 1953 1813 1999 sic
1840 1951 1956 1999 Pin.
1982 1950 2138 1998 Fouc.
2161 1950 2252 1998 etsi
2270 1947 2345 2014 (ut
2366 1953 2493 2001 trad.

306 2015 411 2077 qu.)
435 2016 558 2063 Bas.
588 2016 707 2065 Sel».
744 2016 943 2079 Gryph.
1011 2016 1178 2078 Supra
1219 2015 1383 2064 Rhed.
1411 2021 1456 2063 1.
1489 2018 1919 2065 tantantumm--Y
1955 2014 2038 2063 Ita
2081 2014 2356 2063 ediderunt
2379 2017 2495 2066 VV.

306 2080 427 2129 DD.
452 2081 765 2129 anctoritate
800 2081 1011 2130 Memm.
1039 2083 1144 2129 Pal.
1171 2080 1363 2130 Medic.
1387 2080 1538 2130 Voss.
1571 2082 1752 2144 Copes.
1792 2080 1959 2129 Periz.
1985 2079 2133 2129 cort.
2169 2078 2325 2128 vind.
2354 2085 2405 2129 2.
2439 2088 2494 2129 et

307 2144 438 2193 Edd.
461 2145 608 2195 Vett.
648 2146 747 2193 Alii
776 2147 1093 2207 proemittunt
1119 2144 1197 2193 καὶ
1218 2145 1279 2193 σὺ
1299 2143 1344 2192 εἶ
1362 2144 1564 2206 ἐκείνων,
1588 2155 1645 2198 ει,
1665 2145 1738 2194 sic
1764 2145 1946 2194 Pitisc.
1972 2145 2159 2193 schild.
2199 2144 2263 2192 In
2289 2144 2494 2195 Viterb.

306 2208 379 2257 καὶ
399 2208 460 2257 σὺ
480 2208 666 2259 ἐκείνων
687 2207 743 2259 εἶ.
768 2210 885 2259 cod.
918 2213 1065 2260 Torr.
1110 2208 1267 2259 καὶσὺ
1289 2207 1356 2259 εἷς
1383 2210 1583 2262 ἐκείνων.
1611 2211 1724 2260 Pal.
1746 2214 1794 2259 5.
1828 2207 1911 2259 Υἱὲ
1931 2208 2007 2258 καὶ
2030 2208 2108 2270 σὺ,
2133 2209 2329 2258 omissis
2353 2216 2495 2259 cete-

307 2275 387 2323 ris.
415 2275 511 2326 Ed.
542 2276 705 2339 Lugd.
731 2284 928 2324 tantum
952 2273 1113 2325 καὶσὺ
1135 2273 1183 2324 εἶ
1198 2275 1398 2325 ἐκείνων.
1450 2277 1664 2337 Integra
1700 2275 1936 2337 praebent
1969 2274 2104 2325 Edd.
2138 2275 2287 2323 Rom.
2322 2274 2412 2323 sed
2441 2274 2493 2323 in

303 2340 402 2389 fine
423 2338 613 2391 τέκνων.
681 2342 798 2390 Pin.
832 2341 904 2391 ita
928 2339 1187 2391 referebat
1226 2341 1303 2400 ocal
1324 2359 1376 2390 ευ
1399 2341 1601 2401 τεκνίον,
1626 2341 1759 2391 unde
1784 2340 2144 2405 suspicabatur
2165 2340 2390 2401 Giphan.
2416 2339 2495 2388 καὶ

302 2404 361 2453 σὺ
392 2403 594 2464 τεκνίονζ
625 2406 945 2456 diminutive.
1013 2407 1257 2456 Ceterum
1280 2407 1468 2458 Gra-ca
1491 2408 1680 2456 desunt
1707 2406 1932 2455 Har-lem.
1962 2406 2117 2454 Fouc.
2139 2404 2292 2453 Vind.
2321 2410 2364 2453 l.
2396 2404 2492 2453 Ed.

302 2472 436 2520 Ven.
466 2476 610 2521 l.—8
648 2472 1020 2535 Defugientibus
1046 2473 1275 2524 Han-lem.
1303 2474 1471 2523 Periz.
1509 2473 1640 2522 Edd.
1663 2474 1794 2521 Ven.
1821 2481 1885 2521 tr.
1912 2472 2055 2520 Med.
2081 2471 2230 2520 Cald.
2254 2471 2383 2518 Bon.
2409 2473 2490 2519 de-

297 2537 561 2586 sitientibus
584 2538 749 2586 Rhed.
774 2543 920 2587 1.—9
953 2538 1081 2588 Cod.
1103 2540 1257 2589 Torr.
1287 2538 1484 2599 Antius,
1508 2547 1563 2587 et
1598 2539 1670 2586 sic
1705 2552 1862 2600 marg.
1886 2538 1982 2585 Ed.
2004 2537 2123 2584 Bas,
2147 2535 2262 2583 Pal.
2285 2538 2328 2584 l.
2352 2534 2494 2583 vide-

303 2610 387 2649 tm·
408 2602 645 2651 habuisse
667 2603 929 2659 Amastius,
953 2610 1007 2651 et
1040 2606 1316 2666 ascriptum
1352 2618 1455 2652 orae
1481 2603 1752 2652 Aumstius.
1816 2603 1951 2649 Tum
1975 2600 2217 2648 existimat
2239 2600 2492 2663 Cape&—

302 2670 366 2714 10
399 2667 567 2717 Rbed.
588 2673 638 2717 2.
661 2667 1037 2728 conjuratorum,-
1063 2670 1281 2719 Casaub.
1309 2669 1463 2718 vellet
1484 2667 1783 2730 conspiratis,
1801 2674 2122 2728 repugnante
2146 2663 2287 2714 Oud.
2355 2664 2490 2714 Dein

1284 2830 1333 2880 N
1343 2830 1499 2880 01*AE

301 2924 600 2984 duceretur,
622 2927 753 2975 alter
777 2925 1012 2988 inferior,
1030 2927 1094 2976 ab
1121 2927 1358 2978 umbilico

302 3003 375 3051 sic
406 3002 791 3063 demitteretur,
824 3012 885 3052 ut
921 3002 1053 3053 iufra
1094 3005 1243 3054 imam
1285 3012 1359 3054 to-

299 3093 409 3140 gam
441 3092 544 3127 non
570 3077 833 3129 deflueret.
902 3081 1252 3130 Posteriorum
1280 3083 1357 3131 in-

303 3164 509 3204 ventum
537 3154 694 3204 fuisse
723 3157 986 3206 Manutius
1017 3157 1268 3219 affirmat3
1302 3155 1359 3209 'et

300 3233 426 3281 tales
456 3233 721 3282 veteribus
745 3249 842 3282 non
861 3232 1035 3291 fuisse,
1060 3237 1169 3298 ipse
1195 3237 1357 3288 Quin-

300 3307 500 3357 tilianus
525 3306 712 3358 auctor
741 3318 838 3360 est.
905 3311 1105 3360 videsis
1128 3313 1356 3363 nonnihil

302 3397 455 3447 super
477 3384 574 3432 hoc
600 3385 716 3433 loco
741 3386 791 3432 in
816 3385 945 3446 Aug.
973 3401 1087 3450 cap.
1111 3391 1193 3437 99.

360 3470 380 3493 ²
412 3462 491 3512 Μ.
539 3462 693 3510 Bruto
727 3462 953 3527 irruenti]
997 3465 1255 3513 Caesarem
1285 3465 1355 3515 ab

301 3551 359 3586 eo
384 3538 692 3601 genitalibus
718 3554 1030 3603 percussum,
1057 3542 1215 3590 tradit
1236 3542 1355 3591 Plu-

301 3615 542 3663 tarchus:
579 3621 637 3665 ut
679 3617 953 3680 participes
990 3620 1144 3668 caedis
1180 3634 1355 3675 omnes

301 3688 490 3741 essent:
516 3703 833 3742 convenerat
849 3694 1125 3758 interillos,
1140 3702 1196 3745 ut
1210 3691 1354 3744 stium

303 3771 510 3833 quisque
537 3772 718 3820 vulnus
744 3771 982 3825 inferret.

362 3854 384 3879 ⁸
417 3846 509 3914 Kal
533 3847 594 3895 σὺ
629 3845 701 3911 [εἶ
730 3849 933 3907 ἐκείνων,
967 3867 1014 3899 κ.
1038 3869 1083 3900 τ.
1107 3850 1183 3915 λ.]
1238 3851 1357 3902 Hoc

303 3930 402 3985 est,
419 3931 473 3973 m
494 3940 671 3987 quoque
691 3940 753 3974 ex
775 3928 874 3976 iuis
896 3943 962 3990 es,
982 3933 1035 3977 tu
1051 3926 1358 3994 quoquefili?

301 3999 402 4050 Alii
425 4003 625 4066 legunt,
657 4001 733 4051 καὶ
755 4002 815 4052 σὺ
839 4002 1028 4062 τέκνον,
1066 4007 1151 4054 alii
1184 4005 1262 4054 καὶ
1299 4005 1360 4055 σὺ

301 4074 364 4126 εἷς
385 4077 588 4140 ἐκείνων,
609 4082 706 4128 &c.
747 4095 863 4143 quae
904 4088 1071 4129 tamen
1113 4080 1358 4131 lectiones

302 4156 423 4204 tanti
449 4152 671 4203 affectus
695 4169 795 4203 non
821 4164 946 4204 sunt
975 4171 1035 4205 ac
1061 4156 1218 4219 prior.
1287 4157 1357 4205 Et

302 4230 387 4278 illa
405 4246 504 4279 non
527 4238 643 4280 sunt
668 4231 731 4280 ad
754 4231 905 4280 Bruti
927 4233 1006 4280 vel
1028 4238 1253 4294 aetatem,
1274 4232 1356 4281 vel

303 4303 707 4357 familiaritatem
730 4307 1040 4372 simpliciter
1065 4302 1356 4370 referenda,

1437 2930 1527 2979 sed
1553 2929 1616 2978 ad
1637 2928 1920 2983 Serviliam,
1944 2926 2010 2974 de
2035 2939 2133 2989 qua
2160 2938 2208 2973 c.
2232 2928 2312 2972 50.

1518 3006 1542 3040 ¹²
1575 3001 1983 3071 Diffugientibus]
2042 3002 2171 3051 Cum
2217 3001 2352 3051 enim
2397 3001 2492 3051 hoc

1439 3092 1670 3151 peracto,
1724 3084 1915 3133 Brutus
1973 3079 2223 3129 rationem
2278 3078 2490 3128 Senatui

1438 3150 1597 3212 vellet
1634 3161 1877 3223 reddere,
1918 3173 2093 3209 omnes
2133 3157 2339 3204 liornore
2381 3169 2494 3219 corf

1438 3241 1594 3303 repti,
1607 3237 2036 3301 diffugientesque
2054 3233 2298 3298 undique,
2311 3232 2492 3281 urbem

1437 3323 1580 3365 metu
1603 3321 1655 3363 et
1678 3315 1900 3363 tumultu
1923 3311 2267 3375 complevere.

1428 3429 1437 3438 .
1499 3399 1522 3424 ⁰
1547 3391 1852 3454 Dependente
1873 3387 2082 3450 brachio]
2099 3385 2313 3435 Lectica
2336 3383 2493 3446 enim,

1437 3483 1468 3517 a
1492 3468 1660 3518 tribus
1685 3476 1882 3516 tantum
1905 3466 2069 3514 servis
2093 3463 2338 3525 bajulata,
2378 3474 2493 3522 pro-

1393 3549 1408 3557 ·
1437 3542 1719 3608 pendebat,
1767 3556 1882 3589 cum
1928 3554 2019 3588 sex
2065 3540 2218 3600 vulgo
2263 3537 2494 3593 solerent

1437 3619 1649 3670 lecticas
1672 3617 1905 3681 bajulare
1930 3631 1942 3663 ε
1977 3615 2030 3664 in
2055 3613 2241 3664 Claud.
2261 3626 2377 3675 cap,
2407 3614 2491 3661 25.

1435 3702 1535 3806 δεῖ.
1556 3769 1821 3834 Antistius]
1853 3769 1917 3819 In
1954 3782 2056 3817 uno
2095 3765 2227 3815 libro
2248 3766 2489 3813 Torrent.

1437 3852 1567 3914 legit
1588 3850 1785 3911 Antius,
1817 3855 1871 3896 et
1896 3844 2095 3909 probat,
2126 3841 2221 3890 nisi
2252 3848 2304 3890 et
2330 3839 2492 3909 medi7

1437 3942 1529 3979 cus
1561 3928 1647 3976 ille
1669 3926 1887 3975 libertus
1912 3922 2117 3970 dicatur
2141 3918 2402 3983 cujusdam
2426 3931 2491 3964 ex

1438 4002 1774 4053 Antistiorum
1799 3997 2016 4057 familia3
2042 3995 2174 4044 lianc
2194 3994 2328 4042 euim
2352 3993 2493 4042 illus·

1440 4081 1649 4131 triorem
1702 4075 1855 4125 finisse
1901 4074 2180 4134 existimat,
2235 4086 2388 4136 quam
2434 4076 2492 4117 ut

1436 4158 1702 4224 quisquam
1727 4169 1792 4202 ex
1815 4167 1875 4200 ea
1899 4151 2144 4201 medicus.

1502 4243 1524 4268 e
1555 4234 1680 4291 Acta
1698 4227 1981 4291 rescindere]
2025 4230 2111 4277 De
2135 4225 2319 4291 quibus
2343 4240 2388 4273 c.
2411 4226 2458 4270 3.
