3019 4922
2388 424 2518 492 463

321 587 863 654 consuetudinem
882 586 907 623 ‘¹
939 585 1283 668 antiquam
1312 585 1682 664 retulisset,
1706 585 1789 650 de
1818 585 2186 669 majoribus
2215 587 2359 652 suis
2388 604 2513 670 pro

320 692 684 755 concione⁹
753 688 1190 753 memorandi.
1281 685 1719 765 Quorundam
1779 688 2135 753 illustrium
2186 689 2516 773 exequias

320 813 537 877 usque
569 792 656 857 ad
688 812 916 874 rogum
941 800 963 827 ⁸
1010 791 1474 875 frequentavit.
1566 791 1804 855 Parem
1852 792 2369 857 moderationem
2399 792 2518 855 mi·

317 897 596 960 noribus
626 914 897 978 quoque
941 899 1007 960 et
1047 895 1352 978 personis
1383 898 1451 957 et
1480 895 1677 958 rebus
1710 894 2041 959 exhibuit.
2132 894 2299 959 Cum
2331 894 2519 959 Rho-

320 998 576 1063 diorum
635 999 1087 1080 magistratuS,
1133 997 1314 1080 quod
1364 997 1591 1061 literas
1635 998 1948 1080 publicas
1994 998 2136 1061 sine
2180 997 2517 1080 subscrip-

316 1103 496 1165 tione
517 1096 540 1135 f
582 1099 666 1163 ad
698 1120 771 1163 se
802 1100 1140 1179 dederant,
1173 1107 1549 1176 evocasset,
1584 1120 1666 1164 ne
1697 1102 1903 1166 verbo
1933 1100 2200 1184 quidem
2231 1102 2518 1164 insecta-

316 1211 510 1281 tuS,¹0
540 1221 621 1267 ac
642 1203 1094 1267 tantummodo
1109 1202 1343 1287 jussos
1363 1203 1813 1283 subscribere,
1838 1203 2111 1268 remisit.
2173 1202 2515 1285 Diogenes

1228 403 1616 491 rmeRmS.

1256 1402 1313 1423 Oe

1522 1403 1613 1423 000

316 1551 434 1599 lem.
455 1549 605 1597 Voss.
624 1562 740 1598 cum
764 1548 897 1600 Edd.
918 1551 1068 1599 Rom.
1089 1550 1222 1599 Ven.
1243 1550 1386 1599 Med.
1408 1551 1560 1602 Cald.
1588 1552 1758 1617 Lugd.
1781 1553 1930 1604 Jnnt.
1958 1550 2076 1601 Ald.
2097 1550 2279 1613 steph.
2305 1564 2402 1600 nec
2424 1550 2515 1599 im·

315 1614 504 1690 probat
526 1614 706 1664 Burm.
756 1615 919 1689 lJeest
944 1614 1032 1675 jus
1053 1614 1264 1678 Cuj.-9
1303 1616 1587 1666 Conditione
1610 1620 1756 1668 Voss.
1782 1619 1909 1667 Exc.
1936 1617 2050 1678 Cuj.
2088 1631 2202 1679 quae
2226 1617 2379 1664 etiam
2403 1632 2515 1678 quo·

315 1695 422 1728 rum
443 1680 516 1727 all.
566 1680 690 1727 Mox
714 1679 1061 1741 muneribusque
1079 1695 1201 1742 pers.
1224 1680 1455 1730 Harlem.
1474 1682 1608 1731 Edd.
1642 1683 1775 1732 Ven.
1817 1681 1960 1731 Med.
2000 1681 2147 1731 Cald.
2178 1682 2313 1729 Bon.
2346 1680 2514 1743 Lngd.

314 1744 463 1821 Junt.
483 1742 613 1819 Arg.
660 1744 725 1792 Et
749 1744 893 1792 deest
917 1744 1050 1819 Edd.
1073 1759 1236 1808 usque
1261 1745 1324 1793 ad
1350 1747 1574 1797 Casaub.
1598 1748 1681 1810 qui
1706 1763 1735 1797 e
1753 1748 1855 1795 suis
1880 1754 1934 1795 et
1955 1747 2105 1796 Torr.
2129 1746 2273 1794 libris
2298 1744 2517 1805 addidit,

316 1816 391 1857 uti
418 1816 498 1856 est
522 1823 575 1856 m
598 1809 810 1857 Memm.
835 1809 1027 1857 Medic.
1054 1810 1213 1858 Polit.
1237 1810 1481 1873 Cuj.—1o
1518 1812 1791 1861 Insecratus
1807 1812 1956 1862 Huls.
2008 1811 2142 1860 Dein
2159 1826 2213 1859 ac
2236 1810 2513 1859 delendum

316 1875 429 1923 vult
446 1874 593 1923 Torr.
633 1872 694 1922 In
709 1873 861 1924 Vind.
880 1878 928 1924 1.
948 1874 1185 1935 achajae.
1219 1875 1571 1939 Funestam,
1592 1884 1648 1926 et
1666 1880 1820 1941 paulo
1841 1885 1961 1927 ante
1983 1891 2014 1924 a
2034 1890 2083 1926 se
2101 1877 2209 1925 ded.
2244 1875 2309 1924 In
2332 1874 2512 1925 eodem

1308 2056 1528 2108 NOTAE

315 2168 482 2220 Rufus
506 2168 727 2219 Helvius
749 2168 938 2218 servati
958 2167 1084 2218 civis
1112 2168 1270 2218 decus
1295 2182 1375 2219 re-

317 2248 459 2309 tulit,
480 2246 800 2312 donatusque
826 2253 907 2296 est
929 2246 996 2295 ab
1017 2244 1252 2309 Apronio
1276 2253 1378 2295 tor-

317 2325 502 2391 quibus
525 2333 581 2374 et
605 2325 770 2373 basta.
839 2323 1013 2372 Caesar
1034 2321 1233 2373 addidit
1254 2321 1376 2372 civi-

316 2417 431 2452 cam
454 2415 713 2456 coronam,
736 2399 870 2465 qnod
907 2414 1012 2448 non
1036 2413 1148 2448 eam
1172 2413 1378 2464 quoque

315 2477 578 2542 Apronius
595 2478 716 2540 jure
735 2476 1066 2526 Proconsulis
1092 2476 1378 2540 tribuisset,

316 2560 528 2618 questus
574 2553 734 2616 magis
776 2567 929 2617 quam
978 2549 1240 2601 offensus!
1297 2552 1378 2599 De

316 2628 623 2678 militaribus
643 2628 812 2689 donis,
835 2627 970 2691 Aug.
995 2641 1110 2690 cap.
1134 2629 1181 2676 8.
1199 2632 1255 2674 et
1271 2629 1354 2675 25.

320 2744 325 2753 .
380 2704 405 2739 ὖ
443 2703 860 2766 Consuetudinem]
893 2703 1027 2752 Novi
1045 2703 1378 2765 magistratus

314 2783 507 2833 honore
532 2784 680 2845 inito,
705 2783 898 2846 populo
930 2780 1125 2844 gratias
1156 2778 1382 2842 agebant

318 2861 554 2912 oratione
579 2859 792 2921 celebri,
810 2873 913 2923 qua
934 2864 988 2906 et
1012 2856 1078 2906 (le
1099 2856 1376 2920 majoribus

316 2937 422 2985 suis
476 2928 907 2986 commemorandi
959 2941 1192 2997 potestas
1247 2940 1377 2983 erat.

318 3015 471 3066 Quod
496 3029 656 3079 genus
675 3013 882 3064 honoris
911 3014 1000 3063 nni
1020 3021 1206 3078 postea
1226 3013 1380 3062 Prin-

318 3091 426 3155 cipi
448 3091 679 3141 delatum
716 3096 816 3154 est,
850 3089 1031 3140 eodem
1067 3098 1240 3139 tamen
1275 3090 1378 3146 die,

317 3165 572 3217 Kalendis
636 3164 822 3230 nempe
868 3165 1153 3229 Januariis,
1205 3180 1236 3214 a
1289 3181 1378 3216 no-

316 3245 395 3293 vis
441 3243 747 3293 Consulibus
779 3242 1014 3290 oratione
1049 3241 1380 3305 panegyrica.

317 3319 472 3372 Quod
514 3317 969 3368 senatusconsulto
1006 3317 1208 3380 jussum
1249 3317 1379 3366 iudi-

319 3403 406 3446 cat
435 3395 632 3444 Plinius
654 3393 980 3457 Panegyrico
1004 3392 1067 3440 ad
1086 3392 1379 3455 Trajanum.

320 3470 476 3523 Quod
502 3486 532 3520 a
553 3469 861 3534 praesidibus
889 3468 1269 3534 provinciarum
1290 3466 1378 3518 ob·

320 3555 580 3598 servatum
639 3561 845 3612 quoque
906 3551 1085 3595 narrat
1135 3543 1234 3593 Dio
1290 3543 1379 3593 lib.

319 3639 479 3676 mun.

1453 2171 1521 2221 de
1543 2188 1633 2222 suo
1657 2172 1838 2222 funere
1861 2173 2069 2237 loquens
2093 2170 2198 2219 ait:
2232 2168 2249 2197 ⁴
2270 2167 2322 2217 Si
2347 2167 2515 2232 piguit

1452 2257 1630 2312 portas
1654 2252 1787 2299 ultra
1811 2248 2116 2316 procedere,
2150 2253 2204 2295 at
2240 2245 2364 2295 illud
2394 2244 2515 2295 Jus-

1451 2325 1624 2383 sisses,
1634 2327 1827 2377 lectum
1851 2326 2037 2375 lentius
2056 2325 2131 2373 ire
2153 2320 2357 2372 meum.’
2397 2321 2514 2372 Quo

1453 2403 1719 2475 tamenlin
1754 2400 1925 2453 officio
1960 2402 2198 2451 Tiberius
2227 2398 2277 2447 id
2309 2411 2513 2463 quoque

1452 2481 1716 2531 civilitatis
1754 2481 2090 2545 adjungebat,
2125 2486 2180 2526 ut
2210 2483 2358 2526 extra
2395 2490 2515 2538 por·

1455 2565 1533 2606 tas
1554 2572 1714 2621 usque
1738 2557 1802 2606 ad
1828 2572 2006 2620 rogum
2048 2556 2214 2615 ipsum
2239 2551 2513 2601 comitare·

1453 2643 1539 2684 tur
1563 2649 1774 2698 pompas
1808 2631 2056 2681 funebres
2080 2630 2373 2679 illustrium.
2428 2629 2512 2677 De

1453 2709 1758 2762 funebribus
1796 2708 2103 2759 caerimoniis
2137 2707 2187 2755 in
2219 2705 2361 2756 Julio
2395 2719 2516 2767 cap.

1453 2791 1537 2837 84.
1561 2793 1615 2834 et
1638 2791 1718 2836 85.

1518 2860 1929 2925 ‘Subscriptiond
1946 2858 2361 2922 Subscriptiones
2380 2856 2515 2919 ejus·
2595 2916 2600 2919 Ἴ

1453 2938 1593 2988 modi
1631 2952 1732 2987 non
1770 2945 1918 2986 erant
1952 2936 2236 2995 nominum,
2258 2933 2346 2983 sed
2372 2934 2511 2980 clau-

1454 3017 1581 3064 sulae
1625 3013 1860 3079 quaedam
1906 3012 1968 3061 iis
2022 3011 2186 3060 literis
2244 3007 2513 3069 adhibitae,

1453 3106 1580 3156 quas
1604 3091 1668 3139 ad
1694 3089 1990 3151 Principem
2012 3085 2309 3146 mittebant,
2341 3084 2511 3150 cujus-

1453 3168 1592 3218 modi
1631 3173 1751 3217 sunt
1782 3174 1903 3216 vota
1925 3179 2019 3229 pro
2043 3163 2256 3227 Imperii
2282 3162 2511 3224 Impera-

1453 3245 1683 3308 torisque
1722 3243 1905 3292 salute.
1972 3241 2120 3293 Quod
2158 3247 2215 3289 et
2251 3237 2516 3288 Casaubo·

1454 3334 1551 3368 nus
1588 3320 1692 3379 hic,
1726 3326 1783 3368 et
1816 3317 2111 3366 Brissonius
2145 3314 2278 3363 libro
2298 3327 2421 3362 vur-
2443 3312 2510 3361 de

1455 3394 1705 3442 Formulis
1745 3392 2093 3455 suspicantur,
2116 3404 2183 3438 ex
2221 3389 2399 3437 Dionis
2420 3389 2510 3437 lib.

1455 3481 1591 3517 Lvn.
1629 3467 1717 3517 ubi
1741 3476 1927 3516 auctor
1960 3466 2045 3514 ille
2078 3463 2357 3513 accersitos
2382 3461 2513 3512 dicit

1456 3545 1681 3595 Rhodios
1716 3543 2064 3606 magistratus,
2088 3538 2206 3604 quia
2237 3539 2510 3587 mittentes

1455 3619 1523 3669 ad
1566 3619 1735 3682 ipsum
1769 3616 2035 3682 quidpiam
2080 3611 2245 3674 εὐχὰς,
2290 3613 2389 3661 hoc
2429 3618 2511 3661 est

385 3709 409 3735 θ
446 3703 604 3764 Usque
623 3701 687 3750 ad
706 3697 896 3762 rogam]
931 3698 1261 3750 casaubonus
1275 3698 1379 3747 col·
1449 3710 1634 3760 preces,
1654 3709 1755 3745 non
1788 3692 2059 3753 fecerant;
2092 3699 2147 3740 et
2181 3687 2347 3738 simile
2384 3687 2508 3752 quid

317 3778 435 3843 ligit
465 3792 532 3827 ex
556 3781 648 3827 lioc
671 3779 799 3838 loco,
822 3775 1096 3838 Principes
1120 3789 1221 3824 non
1261 3790 1379 3839 pro-

320 3863 528 3904 secutos
547 3853 744 3903 funeris
766 3866 1009 3917 pompam
1033 3852 1128 3901 nisi
1152 3852 1380 3916 usquein

321 3929 512 3993 forum,
526 3929 613 3978 ubi
631 3929 922 3979 laudatione
940 3943 1034 3992 pro
1049 3929 1246 3978 Rostris
1263 3942 1397 3992 per-⁷

321 4017 463 4071 acta,
502 4023 616 4058 cum
653 4008 716 4056 ad
752 4005 1078 4057 cremandum
1116 4013 1266 4055 extra
1299 4020 1379 4055 ur·

319 4086 439 4135 bem
463 4084 683 4134 cadaver
697 4083 860 4132 ceteri
886 4082 1245 4145 procederent,
1268 4095 1380 4130 sese

321 4164 423 4228 ipsi
470 4161 820 4225 recipiebant:
867 4158 959 4209 sed
1007 4166 1070 4208 et·
1105 4160 1381 4223 plerosque

323 4241 451 4290 alios
494 4239 547 4290 id
591 4237 859 4288 factitasse
902 4236 1146 4298 colligere
1190 4243 1272 4284 est
1315 4249 1380 4283 ex

321 4317 414 4368 illo
451 4315 719 4380 Propertii
753 4313 992 4371 disticho,
1027 4311 1116 4362 ubi
1155 4310 1381 4376 Cynthia

1453 3773 1609 3821 etiam
1635 3771 1842 3832 colligas
1864 3783 1931 3817 ex
1953 3768 2038 3816 illo
2070 3767 2379 3827 Fragmento
2402 3760 2510 3812 Au-

1455 3849 1595 3912 gusti
1618 3847 1682 3897 ad
1702 3846 1967 3896 Tiberium
2004 3843 2239 3907 epistolae
2273 3854 2429 3902 supra
2461 3854 2510 3890 c.

1453 3929 1536 3974 21.
1560 3931 1615 3974 et
1636 3939 1701 3974 ex
1724 3921 1880 3972 Plinii
1903 3920 2125 3983 epistola
2145 3921 2189 3968 1.
2210 3915 2299 3965 lib.
2315 3928 2370 3963 x.
2393 3928 2509 3979 quae

1455 4008 1537 4051 est
1580 4002 1645 4050 ad
1687 4000 1980 4062 Trajanum.
2061 3992 2314 4055 Exempla
2352 3991 2510 4040 etiam

1455 4078 1803 4141 Epistularum
1844 4072 2096 4137 ejusmodi
2139 4069 2329 4134 passim
2369 4067 2510 4132 apud

1455 4155 1748 4218 Scriptores
1771 4150 2016 4201 Historiae
2039 4147 2308 4211 Augustae,
2329 4144 2379 4195 in
2399 4145 2510 4210 qui·

1455 4229 1549 4280 bus
1591 4236 1762 4280 tamen
1792 4226 2026 4277 omnibus
2058 4239 2159 4274 non
2190 4229 2338 4275 extat
2370 4222 2511 4272 clau·

1458 4309 1587 4358 sula.
