3019 4922
497 391 624 458 108
1356 412 1421 456 c.
1469 406 1826 456 suEroNu

495 573 873 640 magnoque
904 553 1174 620 sumtu⁶
1219 552 1620 630 absolutam,
1655 554 1813 636 quia
1857 573 1987 617 nou
2023 560 2215 619 tota⁷
2263 554 2347 622 ad
2395 556 2687 621 animum-

495 659 560 734 ei
603 657 1060 741 responderat,
1113 663 1315 725 totam
1368 656 1683 735 diruisse,
1733 677 2123 743 quanquam
2148 666 2432 723 tenuem
2465 658 2685 726 adhuc

494 764 561 825 et
605 762 974 827 obaeratum
1000 782 1016 825 ι
1041 760 1065 799 ⁸
1106 761 1175 825 in
1212 760 1762 845 expeditionibus
1807 752 2197 827 tessellatad
2241 767 2309 825 et
2338 761 2688 828 sectilia-⁹⁸

494 864 888 948 pavimenta
946 865 1458 931 circumtulisse.
1545 866 1706 947 [47.]
1766 860 2222 930 Britanniamf
2262 864 2510 948 petisse
2566 883 2689 948 spe

496 967 992 1050 margaritarum
1017 987 1035 1046 3
1081 986 1364 1051 quarum
1393 968 1903 1052 amplitudinem
1933 967 2459 1045 conferentem,¹0
2490 966 2691 1032 inter-

498 1068 652 1134 dum
696 1088 823 1133 sua
867 1088 1068 1134 manu
1112 1071 1423 1153 exegisse
1448 1079 1474 1117 Β
1523 1071 1865 1156 pondusze
1905 1090 2226 1155 gemmas,
2272 1066 2690 1147 toreumata,¹¹

497 1168 725 1257 signa,i
754 1172 1024 1238 tabulas
1055 1175 1286 1257 operis·
1311 1174 1569 1257 antiqui
1600 1192 1857 1257 semper
1882 1173 2372 1240 animosissime
2393 1180 2412 1210 ¹
2434 1168 2460 1207 ¹⁸
2506 1190 2689 1240 com-

556 1378 584 1412 8
618 1371 797 1421 Fertur
820 1372 984 1420 Coesar
1002 1370 1145 1420 ivisse
1164 1370 1215 1419 in
1235 1369 1549 1419 Britanniam
1569 1371 1761 1419 allectas
1780 1369 2078 1432 margaritis,
2103 1383 2299 1433 quaram
2318 1366 2692 1432 magnitudinem

495 1450 601 1484 cum
618 1439 907 1501 compararet
930 1436 1057 1487 inter
1076 1451 1145 1501 se,
1163 1451 1250 1487 sua
1270 1451 1410 1486 manu
1430 1436 1678 1499 aliquando
1700 1440 1865 1486 exacte.
1887 1436 2114 1499 reperisse
2129 1437 2331 1499 pondus.

1412 1579 1770 1601 ΟΜΜΝΟ

495 1682 674 1731 Burin.
696 1682 762 1731 ad
796 1682 847 1731 h.
884 1682 1019 1730 l.—6
1053 1681 1192 1743 Mag.
1214 1696 1334 1730 sum.
1370 1681 1556 1730 omisso
1594 1694 1682 1742 que
1705 1679 1868 1730 Rbed.
1891 1682 2032 1730 1.-7
2072 1680 2181 1729 Non
2202 1682 2313 1728 vota
2353 1678 2510 1727 Fouc.
2535 1675 2697 1726 Vind-

497 1750 544 1797 1.
564 1761 654 1796 non
677 1751 813 1796 tanta
844 1745 988 1795 Med.
1015 1752 1062 1796 1.
1088 1762 1116 1794 a
1143 1761 1219 1809 pr.
1241 1762 1305 1794 m.
1337 1761 1429 1794 mm
1450 1751 1564 1795 nota
1598 1745 1738 1794 Med.
1759 1749 1809 1794 2.
1833 1761 1863 1795 a
1885 1761 1952 1795 m.
1978 1760 2054 1808 pr.
2122 1743 2324 1793 Deinde
2360 1743 2695 1806 responderant

495 1811 655 1862 Fouc.
678 1813 792 1861 Pin.
817 1811 1062 1861 Com—8
1094 1812 1223 1861 Aah.
1247 1826 1337 1859 non
1358 1812 1658 1874 pecuniosum
1679 1810 1793 1860 Pal.
1819 1814 1868 1860 1.
1922 1809 2056 1861 Haec
2077 1810 2234 1860 verba
2256 1810 2310 1859 in
2333 1809 2466 1858 Edd.
2489 1809 2625 1857 Ven.
2647 1812 2696 1857 1.

495 1876 615 1925 Bar.
647 1885 700 1925 et
725 1877 905 1941 paucis
929 1876 1061 1937 aliis,
1084 1877 1254 1940 posita
1277 1884 1392 1940 post
1416 1876 1618 1926 diruisse
1639 1875 1988 1937 distinctione,
2012 1875 2313 1925 referuntur
2335 1875 2403 1924 ad
2422 1873 2696 1937 sequentia

492 1940 544 1989 in
566 1956 676 2004 exp.
744 1941 879 1991 Illud
904 1957 996 1989 non
1011 1956 1112 2004 pec.
1133 1941 1613 2003 interpretationem
1637 1956 1749 1990 esse
1772 1948 1954 1991 censet
1967 1941 2246 1991 Burm.-9
2280 1939 2485 2004 Semilia
2508 1938 2626 1987 Pal.
2652 1943 2697 1988 1.

495 2010 626 2054 —10
663 2007 814 2061 Quar.
845 2007 987 2070 ampl.
1026 2005 1151 2066 conf.
1188 2006 1492 2055 videbantur
1520 2007 1674 2055 Torr.
1709 2006 2090 2069 glossematium
2126 2005 2352 2068 resipere
2379 2004 2691 2053 librarii.—l

494 2069 642 2126 Voss.
657 2070 720 2120 ad
737 2073 872 2121 Caes.
893 2072 1025 2121 Bell.
1043 2072 1270 2123 Gall-av.
1284 2076 1367 2124 20.
1384 2072 1567 2135 reponi
1577 2073 1730 2136 jubet
1744 2071 2034 2139 avidissime,
2058 2071 2152 2123 sed
2181 2069 2521 2122 aninwsiuinoe
2543 2069 2694 2120 Torr.

1495 2203 1546 2253 N
1552 2203 1709 2253 01*AE

558 2296 582 2331 (Ι
621 2298 900 2363 Tessellata]
946 2301 1064 2350 Hoc
1088 2297 1186 2362 est,
1217 2301 1439 2350 tessellis
1463 2316 1555 2351 seu

494 2376 722 2440 parvulis
758 2376 1057 2442 quibusdam
1095 2377 1305 2441 quadris
1332 2392 1425 2441 per
1449 2392 1553 2427 mo-

495 2449 618 2501 dum
662 2460 874 2504 tesserae
914 2454 966 2503 in
1010 2454 1176 2523 varios
1214 2453 1412 2505 colores
1451 2453 1555 2503 dis·

496 2529 680 2586 tincta,
702 2536 884 2594 strata,
921 2532 1093 2596 qualia
1116 2531 1221 2581 diei
1246 2532 1393 2582 nobis
1425 2546 1552 2582 mar-

495 2607 741 2673 qnetterie,
773 2609 922 2658 testis
963 2615 1045 2657 est
1078 2609 1428 2667 Casaubonus,
1464 2609 1552 2675 qui

495 2697 652 2750 super
675 2685 768 2735 hac
792 2699 848 2733 re
886 2685 1104 2748 plurima
1126 2700 1287 2750 eaque
1312 2686 1552 2737 doetissi-

497 2774 581 2811 ma
620 2761 910 2826 congessit3
952 2769 1058 2812 tum
1097 2776 1251 2826 super
1290 2763 1551 2827 pavimen-

494 2842 664 2889 totum
722 2837 973 2901 ejusmodi
1017 2837 1201 2899 forma,
1243 2846 1351 2888 tum
1395 2853 1552 2902 super,

494 2915 592 2963 hac
622 2929 728 2963 nou
765 2914 986 2964 Caesaris
1021 2915 1190 2971 modo,
1221 2914 1312 2963 sed
1347 2923 1401 2963 et
1425 2916 1549 2964 alio·

493 3003 604 3038 rum
650 3002 854 3052 quoque
889 2989 940 3037 in
987 2989 1169 3037 castris
1206 2989 1461 3039 metandis
1495 2999 1552 3041 et

490 3064 769 3115 sternendo
826 3066 1092 3129 praetorio,
1146 3065 1551 3131 magnificentia,

492 3156 606 3206 quae
630 3147 780 3191 tauta
800 3139 900 3207 fuit
930 3149 989 3191 nt
1030 3145 1329 3206 praetorium
1357 3147 1551 3210 templo

490 3225 759 3282 comparet
778 3218 1064 3283 Josephus,
1076 3224 1173 3272 ὅτε.

553 3301 577 3327 ‘-
609 3293 833 3357 Sec-tilia]
854 3295 940 3343 Sic
959 3295 1391 3348 dicunturtenues
1407 3314 1549 3364 quae-

492 3371 608 3429 dam
627 3371 893 3420 marmoris
918 3377 1102 3422 crustas
1130 3373 1320 3424 diversi
1344 3376 1549 3438 generis

491 3455 549 3498 et
570 3446 782 3509 coloris,
801 3461 900 3497 nou
925 3448 1121 3511 tinctae,
1145 3457 1202 3498 ut
1226 3450 1289 3500 de
1316 3453 1548 3502 tessella-

490 3527 557 3577 tis
579 3525 896 3590 existimant,
917 3540 1083 3591 eaque
1119 3525 1232 3579 fere
1253 3542 1354 3578 non
1377 3528 1476 3578 nisi
1498 3530 1551 3580 in

487 3604 795 3669 pavimentis
835 3604 1084 3666 adhibita,
1126 3622 1241 3657 cum
1282 3608 1554 3661 tessellata

489 3680 724 3737 etiamiu
744 3695 974 3732 cameras
996 3684 1313 3741 transierint,
1331 3691 1387 3734 et
1410 3687 1426 3713 ‘
1441 3701 1553 3735 mu-

488 3758 585 3813 sivi
615 3757 815 3822 operis'
845 3760 1198 3824 appellatione
1237 3767 1552 3827 nuncupata.

488 3833 649 3887 Plura
671 3834 790 3884 vide
810 3835 950 3898 apud
975 3836 1194 3886 Casanb.
1215 3837 1311 3888 liic.

553 3908 573 3942 f
601 3911 941 3976 Britanniam]
981 3912 1340 3964 Britannicum
1379 3913 1552 3965 Ocea·

488 4002 613 4038 num
635 3990 928 4053 margaritis
967 3988 1194 4041 feracem
1227 3992 1325 4045 alii.
1341 4007 1549 4058 quoqne

485 4071 722 4127 narrant,
754 4065 845 4114 sad
867 4079 952 4114 eas
973 4080 1158 4129 parvas
1191 4074 1251 4119 et
1279 4069 1551 4121 decolores

485 4140 691 4193 Plinius
714 4140 806 4191 lib.
829 4155 911 4193 rx.
934 4145 1155 4206 cap..35.
1179 4150 1236 4195 et
1250 4145 1307 4194 in
1328 4144 1549 4211 Agrico-

488 4219 554 4267 1ae
577 4218 688 4266 vita
707 4217 934 4268 Tacitus
946 4224 1276 4270 annotarunt.

554 4301 581 4338 c
613 4294 869 4358 Exegisse]
901 4296 1136 4362 Hoeest,
1159 4296 1375 4349 librasse
1391 4313 1546 4350 manu

1634 2308 1687 2352 et
1712 2301 2030 2351 examinasse
2047 2300 2572 2365 pondus‚quanquam
2593 2310 2696 2347 nou

1633 2379 1730 2428 nisi
1764 2378 2059 2427 semiunciae
2097 2377 2202 2427 sint
2245 2374 2463 2426 maxime
2498 2370 2698 2439 ponde-

1634 2470 1781 2506 rosae.
2726 2512 2729 2517 ,

1694 2533 1719 2567 ¹¹
1756 2532 2059 2596 Toreumata]
2110 2533 2338 2584 Coelatas
2383 2530 2598 2596 figuras,
2641 2537 2698 2582 et

1633 2613 1904 2663 tornatiles
1933 2610 2208 2677 τορευτικὴν
2238 2616 2405 2661 artem
2427 2611 2699 2675 appellant

1633 2689 1829 2753 Graeci,
1867 2704 1982 2754 quae
2025 2689 2076 2738 in
2114 2688 2282 2739 aureis
2333 2693 2389 2738 et
2431 2687 2700 2750 argenteis

1632 2768 1923 2831 praesertim
1954 2765 2087 2816 vasis
2125 2763 2262 2829 apud
2288 2762 2530 2826 antiquos
2554 2760 2696 2813 efflo-

1633 2844 1755 2901 ruit,
1777 2853 1832 2895 et
1854 2846 2170 2909 sculpturam
2195 2858 2294 2894 una
2308 2857 2426 2893 cum
2444 2843 2701 2895 coelatura

1632 2920 2096 2984 complectebatur.

1697 2995 1712 3029 ¹
1744 2995 1923 3060 Signa]
1959 2996 2107 3046 Inter
2146 2996 2263 3045 haec
2303 2999 2359 3044 et
2402 3000 2606 3065 statuas
2644 2995 2698 3046 id

1633 3075 1787 3138 vulgo
1811 3073 2129 3124 discriminis.
2143 3073 2429 3134 assignant,
2465 3074 2623 3137 quod,
2642 3075 2700 3122 li·

1631 3157 1717 3200 cet
1743 3157 2014 3215 utriumque
2030 3148 2196 3198 solida
2216 3149 2433 3201 materia
2453 3150 2700 3199 similitu-

1631 3225 1804 3277 dinem
1830 3227 1933 3276 Dei
1958 3225 2038 3274 vel
2056 3225 2270 3275 hominis
2294 3226 2578 3291 exprimat,
2602 3228 2704 3290 sig-

1630 3319 1752 3354 num
1776 3311 1947 3354 tamen
1970 3304 2034 3352 de
2058 3303 2327 3354 brutorum
2351 3318 2561 3368 quoque
2589 3304 2703 3355 ani·
2776 3339 2783 3344 -

1630 3383 1879 3432 muntium
1932 3382 2266 3432 similitudine
2317 3382 2569 3443 dicatur,.
2598 3397 2704 3433 non

1630 3474 1754 3510 vero
1800 3465 2002 3520 statua;
2041 3474 2072 3508 a
2104 3473 2207 3523 qua
2243 3458 2399 3508 etiam
2436 3458 2560 3509 loco
2601 3456 2707 3509 dif-

1630 3534 1767 3586 fert:
1804 3551 1920 3601 qnae
1942 3536 2076 3587 enim
2102 3536 2154 3584 in
2187 3533 2298 3584 foro
2333 3539 2423 3583 aut
2443 3533 2552 3595 alio
2574 3548 2704 3600 quo-.-

1632 3613 1708 3662 vis
1750 3612 1957 3676 publico
1997 3609 2313 3676 profanoque
2352 3610 2465 3660 loco
2503 3618 2704 3665 statuas

1630 3687 1903 3748 dicuntur,
1933 3702 2020 3737 eas
2055 3688 2113 3736 in
2143 3686 2350 3751 templis
2389 3693 2445 3735 et
2478 3687 2706 3750 privatis

1630 3764 1865 3815 domibus
1884 3763 2049 3815 ferme
2072 3763 2299 3815 nonnisi
2316 3762 2475 3827 signa.
2493 3776 2706 3815 nuncu-

1632 3845 1908 3905 paverunt.

1691 3915 1717 3951 ¹¹
1748 3914 2131 3979 Asianosissime]
2165 3911 2413 3966 Notauda
2435 3913 2527 3965 vis.
2548 3914 2708 3979 hujus

1628 3995 1883 4057 adverbii,
1903 3992 2330 4057 quemadmodum
2370 3996 2427 4041 et
2464 4005 2503 4042 a
2538 3992 2707 4045 Jnre-

1627 4071 1883 4122 consultis
1915 4068 2106 4120 dicitur
2145 4068 2166 4133 Ξ
2191 4067 2450 4119 animosus
2487 4067 2711 4137 emtor:

1626 4154 1681 4199 et
1697 4148 1871 4199 Coesar
1888 4146 2001 4210 ipse
2016 4144 2242 4197 afl'scim
2261 4145 2278 4172 ‘
2300 4143 2569 4196 animosus
2588 4160 2709 4196 cor-

1627 4223 1849 4290 ruptor.’
1877 4222 2276 4287 Hujusluxnriae
2295 4222 2607 4284 exemplum
2626 4238 2710 4273 re.

1627 4304 1748 4353 tulit
1768 4300 1973 4351 Plinius
2007 4298 2099 4365 lib.
2127 4311 2306 4350 xxxv·
2328 4312 2442 4361 cap.
2482 4302 2573 4350 11.
2615 4300 2708 4353 ubi
