3019 4922
506 379 638 447 26⁴

506 543 640 607 lem
682 541 959 625 togam,⁸
1015 541 1230 606 latum
1280 541 1544 605 clavum
1593 538 1921 616 induere,¹²
1978 541 2050 603 et
2092 534 2314 602 Guriae
2373 534 2701 604 interesse

509 644 812 728 permisit
825 665 842 709 ε
856 645 883 683 ¹³
896 645 1374 729 militiamque⁹
1403 644 1912 729 auspicantibus
1928 661 2060 707 non
2075 641 2472 706 tribunatum
2495 642 2704 710 modo

508 748 895 830 legionum,⁰
937 749 1058 813 sed
1108 757 1178 813 et
1223 747 1657 832 praefecturas
1716 747 1966 812 alarum
2018 745 2240 809 dedit:
2287 763 2367 807 ac
2413 762 2499 805 ne
2546 746 2704 826 quis

512 869 762 933 expers
819 859 1188 916 castrorum
1214 860 1267 889 ¹0
1339 857 1543 928 esset,
1604 849 1799 914 binos
1858 849 2250 932 plerumque
2308 843 2705 911 laticlavios

512 954 885 1043 praeposuit
934 954 1213 1037 singulis
1257 953 1433 1020 alis.¹’
1521 952 1839 1039 Equitum
1886 957 2142 1040 turmas
2186 949 2562 1032 frequenter
2604 967 2706 1014 re-

1369 396 1433 443 0.
1479 392 1839 444 sun’ronlt

581 1152 605 1184 ¹²
642 1154 882 1203 Concessit
902 1154 1064 1204 liberis
1084 1153 1385 1218 Senatorum,
1408 1161 1462 1204 ut
1482 1160 1717 1204 sumerent
1741 1155 1926 1205 virilem
1946 1159 2126 1217 logum,
2158 1159 2206 1203 et
2237 1157 2386 1206 latum
2421 1159 2625 1222 clatum,
2664 1163 2713 1207 et

517 1218 731 1269 venirent
749 1219 801 1268 in
823 1219 1049 1269 Senatum
1069 1221 1227 1270 eodem
1247 1227 1469 1285 tempore,
1490 1226 1545 1271 nt
1565 1221 1710 1271 citius
1731 1225 2046 1270 assuescerent
2062 1221 2267 1282 negotiis
2285 1221 2504 1285 publicis.

1437 1380 1494 1401 θ’

1766 1380 1793 1400 O

520 1495 694 1544 Pulm.
715 1494 861 1544 Cort.
887 1495 984 1545 Ed.
1010 1496 1192 1560 Camp.
1218 1498 1347 1547 XX.
1369 1500 1474 1548 duc.
1497 1498 1655 1549 Vind.
1680 1502 1827 1547 l.—8
1861 1496 1945 1545 lta
1960 1495 2164 1546 Viterb.
2187 1496 2306 1547 Pal.
2329 1502 2455 1559 tres,
2479 1495 2717 1573 Har-lem.

520 1560 697 1612 Periz.
721 1567 776 1609 et
799 1561 931 1610 Edd.
955 1562 1105 1612 Rom.
1129 1564 1261 1613 Ven.
1290 1572 1355 1613 tr.
1382 1565 1507 1613 Bon.
1532 1565 1653 1613 Bas.
1677 1563 1879 1626 Grypb.
1903 1562 2069 1611 Coliu.
2105 1562 2276 1611 Dolet.
2299 1567 2353 1611 et
2377 1570 2717 1612 recentiores.

523 1623 589 1672 In
621 1625 775 1674 duob.
806 1627 957 1676 codd.
991 1628 1136 1678 Torr.
1172 1630 1310 1678 Dun.
1344 1629 1457 1694 Cuj.
1493 1629 1758 1692 Giphanii‚
1794 1629 1987 1677 Medic.
2022 1632 2073 1676 2.
2106 1635 2160 1676 et
2186 1627 2318 1676 Edd.
2343 1627 2523 1691 Stepb.
2546 1627 2718 1702 Iargd.

522 1696 769 1739 exaratur
790 1691 924 1740 virili
956 1695 1133 1753 togoel.
1155 1709 1199 1742 c.
1222 1695 1472 1743 inducere.-
1504 1695 1638 1743 virili
1670 1699 1795 1754 tegae
1828 1693 1984 1742 etiam
2018 1693 2071 1741 in
2105 1693 2262 1741 Fouc.
2288 1694 2436 1741 Voss.
2493 1692 2720 1769 Quidam

523 1754 680 1805 codd.
701 1755 838 1805 inter
860 1771 988 1821 quos
1012 1759 1219 1807 Memm.
1240 1759 1357 1808 Pin.
1391 1759 1518 1808 Lisl.
1543 1769 1597 1807 et
1617 1759 1816 1823 Ursini,
1843 1758 2039 1808 habent
2059 1757 2194 1808 virili
2214 1763 2344 1819 toga,
2370 1756 2506 1806 unde
2530 1758 2618 1807 alu
2643 1755 2720 1806 fa·

526 1819 740 1874 ciebant
756 1827 882 1884 prot.
898 1838 928 1871 a
950 1822 1085 1872 virili
1102 1829 1233 1885 toga,
1264 1823 1598 1886 probantibus
1621 1825 1799 1875 GraeV.
1834 1824 2067 1874 Rubeuio
2089 1823 2156 1872 de
2180 1823 2312 1899 Lato
2336 1822 2494 1899 Clavo
2516 1822 2614 1898 1⁸1.
2641 1826 2722 1872 14.

525 1892 582 1933 et
602 1885 821 1934 Casaub.
840 1887 927 1951 qui
952 1887 1159 1952 insuper
1177 1890 1312 1952 conj.
1336 1889 1520 1938 virilem
1539 1895 1697 1951 togam
1717 1905 1772 1938 uc
1790 1891 1877 1938 lut.
1899 1891 1959 1940 cl.
1991 1890 2116 1939 Ern.
2138 1895 2301 1937 suasit
2315 1903 2420 1965 cum
2434 1887 2572 1936 vinlz
2590 1893 2726 1964 toga,

523 1950 607 1997 vel
626 1956 756 2011 prot.
777 1954 833 2000 ut
853 1951 1040 2001 virilem
1063 1960 1241 2016 togam,
1256 1960 1305 2003 et
1326 1955 1362 2004 l.
1385 1970 1427 2003 c.
1452 1955 1596 2005 Oud.
1625 1961 1751 2018 prot.
1770 1955 1956 2004 virilia
1978 1959 2091 2015 toga
2112 1958 2160 2002 et
2190 1954 2223 2001 1.
2247 1968 2288 2002 c.
2322 1967 2404 2001 cur
2442 1958 2724 2001 assentitur

524 2012 836 2063 Ruhnk.-9
869 2018 1144 2081 Militiaqae
1168 2020 1320 2069 Huls.
1387 2020 1513 2068 Mox
1534 2022 1616 2069 sed
1637 2021 1782 2070 etium
1804 2019 1978 2068 Periz.
2003 2019 2230 2069 Harlem.
2255 2017 2389 2067 Edd.
2411 2018 2562 2066 Rom.
2584 2017 2724 2066 Veri.

525 2086 595 2126 tr.
616 2079 761 2128 Med.
782 2081 930 2131 Cald.
954 2090 1010 2133 et
1043 2084 1218 2146 plures
1243 2084 1394 2133 deest
1413 2090 1463 2133 et
1486 2085 1683 2134 Medic.
1707 2089 1755 2135 1.
1783 2085 1941 2134 Vind.
1964 2089 2013 2133 2.
2079 2084 2264 2133 Statim
2287 2088 2339 2131 ut
2360 2094 2418 2131 ne
2440 2084 2600 2132 Faue.
2626 2080 2724 2131 Ed.

528 2144 653 2192 Bas.
672 2159 731 2193 ne
746 2145 826 2208 qui
847 2146 1015 2198 Periz.
1040 2148 1190 2199 Harl.
1210 2148 1407 2199 Medic.
1431 2158 1555 2210 tres,
1573 2158 1628 2199 et
1654 2151 1787 2199 Edd.
1812 2151 1958 2200 Vett.
2025 2148 2087 2198 In
2116 2149 2274 2198 vind.
2297 2153 2345 2197 1.
2376 2148 2724 2211 perfectum-—

527 2212 590 2257 10
629 2209 789 2260 Custr.
811 2226 918 2275 exp.
939 2213 1099 2264 Vind.
1124 2218 1169 2264 1.
1233 2215 1361 2265 Mox
1383 2216 1627 2270 laticlavos
1653 2215 1802 2278 Huis.
1824 2215 2059 2266 Harlem.
2081 2215 2213 2279 Cop.
2235 2213 2404 2265 Periz.
2426 2213 2565 2263 Edd.
2590 2212 2724 2262 Ven.

1516 2362 1733 2413 NOTAE

524 2449 705 2503 liberis
727 2453 794 2503 ad
831 2454 1238 2520 splendidiorum
1261 2459 1494 2525 equitum
1522 2460 1582 2510 ii·
1661 2456 2043 2511 medontiadem
2060 2458 2343 2520 Priamum,
2358 2454 2619 2506 Salamina
2636 2469 2727 2520 pe·

527 2530 679 2580 beros
750 2531 964 2582 abusum
1020 2536 1239 2585 eundem
1282 2537 1378 2586 sub
1436 2537 1583 2588 initia

527 2606 855 2671 principatus
877 2608 1102 2673 Augusti
1122 2612 1347 2675 denique
1371 2627 1583 2679 perrep-

527 2683 677 2734 sisse.
726 2685 833 2736 Hic
853 2686 1007 2751 igitur
1027 2689 1313 2755 Augustus,
1335 2699 1585 2756 quantum

529 2759 597 2810 ad
631 2761 916 2826 ingressum
938 2764 991 2814 in
1013 2768 1224 2826 curiam,
1247 2783 1346 2818 uon
1373 2775 1478 2817 tam
1507 2769 1586 2818 in·

529 2838 705 2888 stituit
725 2854 912 2890 novum
936 2857 1149 2904 morem,
1170 2859 1323 2905 quam
1347 2845 1590 2894 vetustis-

530 2913 733 2977 simum,
766 2915 998 2967 adhibito
1031 2927 1204 2968 tamen
1237 2919 1407 2983 modo,
1440 2934 1590 2970 revo-

530 2991 709 3041 cavit:
743 2992 883 3056 quod
907 3008 1029 3043 vero
1064 2995 1128 3043 ad
1155 3011 1297 3045 usum
1321 2996 1588 3061 laticlavi,

529 3067 585 3115 id
611 3067 816 3118 videtur
838 3084 993 3119 unum
1019 3074 1343 3134 praestitisse,
1369 3082 1428 3124 ut
1450 3076 1585 3139 quod

530 3145 779 3207 temporis
800 3145 1011 3195 licentia
1041 3147 1221 3209 fiebat,
1254 3142 1446 3213 praeter
1485 3168 1592 3203 ma-

523 3219 701 3282 jorum
722 3234 934 3284 morem,
954 3221 1077 3284 jure
1113 3234 1290 3289 posset
1324 3228 1377 3276 in
1415 3235 1591 3292 paste-

533 3310 645 3345 rum
670 3298 920 3360 usurpari.

595 3379 621 3405 ¹¹
651 3374 884 3423 Protinus
903 3375 1087 3427 virilem
1119 3382 1297 3442 togam,
1317 3381 1468 3431 latum
1487 3385 1587 3433 cla-

531 3464 640 3498 vmn
677 3451 889 3515 induere]
938 3453 1030 3502 'Sic
1062 3454 1113 3503 in
1145 3455 1467 3508 viterbiensi
1506 3474 1592 3510 co-

530 3527 649 3577 dice
672 3529 802 3591 legit
824 3529 1177 3594 casaubonus,
1197 3534 1284 3598 qui
1301 3536 1447 3587 addit
1470 3552 1592 3586 con-

522 3604 846 3666 junctionem
879 3622 953 3672 uc,
975 3609 1074 3658 boc
1107 3611 1277 3676 modo,
1300 3614 1486 3663 virilem
1525 3621 1594 3664 te·

527 3696 642 3742 gum
661 3698 717 3732 uc
737 3685 887 3734 letum
919 3686 1120 3749 clavum,
1141 3691 1224 3752 εἷο.
1287 3691 1589 3741 Torrentius

530 3760 586 3807 in
618 3760 817 3810 duobus
847 3766 1163 3826 pervetustis
1192 3766 1325 3816 virili
1349 3773 1475 3830 togoe
1502 3771 1588 3821 lae.

529 3834 650 3885 clav.
671 3836 889 3899 inducere
902 3855 923 3898 ,·
958 3840 1043 3889 alii
1067 3856 1189 3891 vero
1221 3845 1442 3906 protinus
1467 3860 1498 3894 a
1517 3847 1590 3895 vi-

528 3911 616 3960 rili
652 3919 782 3975 toga,
826 3918 908 3979 ᾃτ.
970 3918 1074 3968 Sed
1120 3930 1349 3970 nostram
1396 3931 1591 3985 praetu-

531 3987 679 4038 lere:
713 3993 729 4018 ‘
754 3995 991 4054 protinus
1007 3994 1023 4017 ’
1044 3996 1200 4061 enim,
1225 3997 1320 4047 hoc
1345 4007 1446 4061 est,
1470 4014 1589 4050 con·

532 4064 696 4127 tinne,
719 4080 821 4116 uno
853 4070 1137 4136 eodemque
1162 4081 1416 4138 tempore,
1435 4083 1495 4126 ut
1517 4078 1592 4127 ait

535 4140 888 4207 casaubonus,
910 4160 1010 4208 quo
1035 4161 1186 4196 sensu
1219 4150 1469 4214 Virgilius
1501 4153 1590 4205 lib.

534 4230 670 4266 vur.
704 4219 903 4269 AEneid.
936 4235 989 4271 v,
1023 4227 1133 4272 147.
1167 4227 1183 4253 ⁴
1209 4225 1345 4277 Nam
1384 4231 1595 4281 memini

536 4293 793 4345 Hesiones
815 4296 1064 4347 visentem
1082 4313 1239 4364 regna
1261 4307 1447 4354 sororis
1462 4308 1591 4358 Lao-

1665 2544 1882 2598 tentem,
1902 2535 2149 2585 Protinus
2165 2532 2406 2584 Arcadiae
2424 2531 2625 2596 gelidos
2648 2531 2730 2580 in-

1663 2617 1831 2666 visere
1853 2614 2019 2665 fines!
2649 2636 2654 2637 ⁷

1729 2700 1754 2725 ⁰
1788 2692 2100 2742 Tribunatum
2140 2691 2276 2757 modo
2315 2685 2580 2750 leg-ionum]
2640 2685 2729 2735 Li·

1665 2768 1778 2818 vius
1816 2767 2002 2817 decad.
2039 2781 2081 2816 1.
2118 2766 2208 2816 lib.
2240 2778 2367 2814 vm.
2406 2770 2590 2814 auctor
2629 2766 2731 2826 est,

1665 2847 1799 2895 hunc
1821 2846 1876 2894 in
1896 2844 2133 2894 exercitu
2168 2842 2402 2893 Romano
2422 2839 2583 2890 fuisse
2619 2839 2733 2903 dig-

1663 2922 1883 2972 nitatum
1918 2920 2178 2982 ordinem,
2206 2925 2267 2969 ut
2303 2919 2521 2983 legionis
2561 2918 2734 2981 cujus·

1663 3012 1767 3062 que
1791 2998 1933 3047 miles
1948 2997 2281 3058 centurionis,
2295 2997 2378 3046 hic
2400 2995 2616 3059 tribuni,
2638 2995 2735 3044 tri-

1662 3076 1828 3126 bunus
1870 3076 2054 3140 legati,
2104 3077 2307 3140 legatus
2348 3075 2462 3138 ipse
2504 3073 2737 3124 consulis

1667 3162 1874 3217 pareret
1921 3152 2159 3218 imperio·
2222 3152 2588 3207 Tribunorum‚
2644 3149 2738 3215 qni

1662 3230 1875 3293 singulis
1920 3231 1974 3279 in
2030 3229 2319 3294 legionibus
2375 3229 2507 3293 seni,
2550 3242 2740 3278 munus

1667 3314 1801 3369 erat,
1855 3306 2045 3356 milites
2102 3307 2157 3355 in
2209 3305 2393 3356 castris
2443 3305 2740 3368 continere,

1666 3385 1906 3448 querelas
1948 3384 2354 3434 commilitonum
2400 3381 2604 3456 audire,
2648 3379 2741 3428 de·

1672 3461 1797 3510 licta
1830 3462 2104 3524 castigare,
2130 3460 2351 3509 circuire
2375 3458 2597 3522 vigilias,
2621 3470 2741 3520 per-

1671 3538 1861 3587 ducere
1905 3540 1967 3586 ad
2008 3536 2429 3598 exercitationes,
2469 3533 2742 3596 inspicere

1671 3615 2093 3674 valetudinarios,
2113 3616 2215 3663 &c.

1733 3700 1759 3733 Ρ
1792 3691 2013 3754 Singulis
2043 3690 2158 3755 ulis]
2190 3687 2390 3741 Quibus
2420 3692 2579 3737 antea
2609 3698 2741 3736 non·

1670 3770 1773 3818 nisi
1792 3783 1940 3831 unus,
1957 3769 2044 3833 qui
2066 3768 2320 3817 sociorum
2344 3762 2627 3828 praefectus
2650 3771 2743 3814 ant

1673 3847 1864 3896 alarum
1902 3846 2187 3900 dicebatur,
2224 3858 2289 3893 eo
2324 3840 2460 3906 quod
2498 3839 2633 3889 socii
2673 3840 2744 3891 ad

1673 3924 1838 3973 latera
1856 3923 2119 3987 dispositi,
2139 3922 2330 3970 alarum
2363 3918 2531 3967 instar
2550 3918 2603 3965 in
2630 3918 2744 3967 avi-

1675 4003 1788 4063 bus,
1821 4011 1879 4053 ut
1899 4002 2149 4067 Vegetius
2184 3998 2273 4048 lib.
2310 4012 2372 4047 11.
2407 4012 2526 4060 cap.
2561 4001 2608 4045 1.
2636 3998 2745 4047 Ro-

1673 4096 1878 4131 manum
1924 4084 2164 4142 tegerent
2205 4075 2509 4125 exercitum.
2576 4073 2748 4124 Patet

1673 4172 1739 4205 cx
1767 4158 1864 4205 bac
1901 4153 2145 4220 loquendi
2178 4151 2399 4212 ratione,
2427 4149 2746 4213 dignitatem

1672 4233 1810 4283 illam
1836 4241 1961 4283 tunc
1985 4230 2228 4294 temporis
2252 4227 2541 4277 tribunicia:
2572 4226 2747 4289 digni-

1672 4313 1770 4361 tati
1788 4309 2168 4377 praecelluisse3
2202 4305 2342 4372 qnod
2357 4303 2496 4356 infra
2512 4305 2568 4354 in
2584 4306 2746 4356 Clau-
