<?xml version="1.0" encoding="UTF-8"?>
<!DOCTYPE html PUBLIC "-//W3C//DTD XHTML 1.0 Transitional//EN"
    "http://www.w3.org/TR/xhtml1/DTD/xhtml1-transitional.dtd">
<html xmlns="http://www.w3.org/1999/xhtml" xml:lang="en" lang="en">
 <head>
  <title>
</title>
<meta http-equiv="Content-Type" content="text/html;charset=utf-8" />
  <meta name='ocr-system' content='tesseract 3.04.00' />
  <meta name='ocr-capabilities' content='ocr_page ocr_carea ocr_par ocr_line ocrx_word'/>
</head>
<body>
  <div class='ocr_page' id='page_1' title='image "./operaomniaexedi04suetgoog_0267.png"; bbox 0 0 3019 4922; ppageno 0'>
   <div class='ocr_carea' id='block_1_1' title="bbox 1183 418 1680 470">
    <p class='ocr_par' dir='ltr' id='par_1_1' title="bbox 1183 418 1680 470">
     <span class='ocr_line' id='line_1_1' title="bbox 1183 418 1680 470; baseline 0.006 -5"><span class='ocrx_word' id='word_1_1' title='bbox 1183 418 1610 470; x_wconf 60' lang='lat' dir='ltr'><strong>oc&#39;rsleS:</strong></span> <span class='ocrx_word' id='word_1_2' title='bbox 1675 421 1680 430; x_wconf 73' lang='grc'><strong>’“</strong></span> 
     </span>
    </p>
   </div>
   <div class='ocr_carea' id='block_1_2' title="bbox 2355 362 2484 475">
    <p class='ocr_par' dir='ltr' id='par_1_2' title="bbox 2355 362 2484 475">
     <span class='ocr_line' id='line_1_2' title="bbox 2355 362 2484 475; baseline 0.008 -1"><span class='ocrx_word' id='word_1_3' title='bbox 2355 362 2484 475; x_wconf 66' lang='lat'><strong>25⁷</strong></span> 
     </span>
    </p>
   </div>
   <div class='ocr_carea' id='block_1_3' title="bbox 294 554 2490 957">
    <p class='ocr_par' dir='ltr' id='par_1_3' title="bbox 294 554 2490 957">
     <span class='ocr_line' id='line_1_3' title="bbox 294 554 2484 652; baseline 0.004 -24"><span class='ocrx_word' id='word_1_4' title='bbox 294 554 712 648; x_wconf 81' lang='lat' dir='ltr'><strong>splendorem</strong></span> <span class='ocrx_word' id='word_1_5' title='bbox 756 562 1005 645; x_wconf 79' lang='lat' dir='ltr'><strong>redegit</strong></span> <span class='ocrx_word' id='word_1_6' title='bbox 1049 562 1315 628; x_wconf 80' lang='lat' dir='ltr'><strong>duabus</strong></span> <span class='ocrx_word' id='word_1_7' title='bbox 1363 563 1769 629; x_wconf 81' lang='lat' dir='ltr'><strong>lectionibus</strong></span> <span class='ocrx_word' id='word_1_8' title='bbox 1796 572 1858 627; x_wconf 71' lang='lat' dir='ltr'><strong>:y</strong></span> <span class='ocrx_word' id='word_1_9' title='bbox 1902 565 2144 648; x_wconf 77' lang='lat' dir='ltr'><strong>prima,</strong></span> <span class='ocrx_word' id='word_1_10' title='bbox 2184 567 2484 652; x_wconf 83' lang='lat' dir='ltr'><strong>ipsorum</strong></span> 
     </span>
     <span class='ocr_line' id='line_1_4' title="bbox 294 667 2486 757; baseline 0.005 -26"><span class='ocrx_word' id='word_1_11' title='bbox 294 667 638 745; x_wconf 84' lang='lat' dir='ltr'><strong>arbitratu,</strong></span> <span class='ocrx_word' id='word_1_12' title='bbox 671 674 836 750; x_wconf 84' lang='lat' dir='ltr'><strong>qua¹</strong></span> <span class='ocrx_word' id='word_1_13' title='bbox 871 668 973 731; x_wconf 89' lang='lat' dir='ltr'><strong>vir</strong></span> <span class='ocrx_word' id='word_1_14' title='bbox 997 667 1209 735; x_wconf 81' lang='lat' dir='ltr'><strong>virum</strong></span> <span class='ocrx_word' id='word_1_15' title='bbox 1230 674 1253 701; x_wconf 78' lang='lat'>²</span> <span class='ocrx_word' id='word_1_16' title='bbox 1281 667 1479 751; x_wconf 80' lang='lat' dir='ltr'><strong>legit3</strong></span> <span class='ocrx_word' id='word_1_17' title='bbox 1521 667 1842 746; x_wconf 85' lang='lat' dir='ltr'><strong>secunda,</strong></span> <span class='ocrx_word' id='word_1_18' title='bbox 1872 688 1996 733; x_wconf 90' lang='lat' dir='ltr'><strong>suo</strong></span> <span class='ocrx_word' id='word_1_19' title='bbox 2024 678 2089 736; x_wconf 89' lang='lat' dir='ltr'><strong>et</strong></span> <span class='ocrx_word' id='word_1_20' title='bbox 2119 670 2486 757; x_wconf 74' lang='lat' dir='ltr'><strong>Agrippae:</strong></span> 
     </span>
     <span class='ocr_line' id='line_1_5' title="bbox 297 769 2490 854; baseline 0.004 -21"><span class='ocrx_word' id='word_1_21' title='bbox 297 789 428 854; x_wconf 89' lang='lat' dir='ltr'><strong>quo</strong></span> <span class='ocrx_word' id='word_1_22' title='bbox 474 774 775 854; x_wconf 87' lang='lat' dir='ltr'><strong>tempore</strong></span> <span class='ocrx_word' id='word_1_23' title='bbox 817 769 1246 834; x_wconf 85' lang='lat' dir='ltr'><strong>existimatur</strong></span> <span class='ocrx_word' id='word_1_24' title='bbox 1290 770 1544 835; x_wconf 71' lang='lat' dir='ltr'><strong>loricaa</strong></span> <span class='ocrx_word' id='word_1_25' title='bbox 1587 771 1713 835; x_wconf 87' lang='lat' dir='ltr'><strong>sub</strong></span> <span class='ocrx_word' id='word_1_26' title='bbox 1745 777 1933 835; x_wconf 83' lang='lat' dir='ltr'><strong>veste</strong></span> <span class='ocrx_word' id='word_1_27' title='bbox 1960 774 2252 838; x_wconf 86' lang='lat' dir='ltr'><strong>munitus</strong></span> <span class='ocrx_word' id='word_1_28' title='bbox 2281 776 2490 842; x_wconf 87' lang='lat' dir='ltr'><strong>ferro-</strong></span> 
     </span>
     <span class='ocr_line' id='line_1_6' title="bbox 297 871 2490 957; baseline 0.004 -22"><span class='ocrx_word' id='word_1_29' title='bbox 297 891 425 956; x_wconf 85' lang='lat' dir='ltr'><strong>que</strong></span> <span class='ocrx_word' id='word_1_30' title='bbox 484 872 744 937; x_wconf 85' lang='lat' dir='ltr'><strong>cinctus</strong></span> <span class='ocrx_word' id='word_1_31' title='bbox 767 878 792 908; x_wconf 86' lang='lat'><em>²</em></span> <span class='ocrx_word' id='word_1_32' title='bbox 861 871 1281 957; x_wconf 77' lang='lat' dir='ltr'><strong>praesedisse,</strong></span> <span class='ocrx_word' id='word_1_33' title='bbox 1339 871 1574 938; x_wconf 91' lang='lat' dir='ltr'><strong>decem</strong></span> <span class='ocrx_word' id='word_1_34' title='bbox 1631 873 2114 940; x_wconf 83' lang='lat' dir='ltr'><strong>valentissimis</strong></span> <span class='ocrx_word' id='word_1_35' title='bbox 2174 880 2490 944; x_wconf 86' lang='lat' dir='ltr'><strong>senatorii</strong></span> 
     </span>
    </p>
   </div>
   <div class='ocr_carea' id='block_1_4' title="bbox 299 968 1943 1042">
    <p class='ocr_par' dir='ltr' id='par_1_4' title="bbox 299 968 1943 1042">
     <span class='ocr_line' id='line_1_7' title="bbox 299 968 1943 1042; baseline 0.002 -4"><span class='ocrx_word' id='word_1_36' title='bbox 299 974 551 1041; x_wconf 85' lang='lat' dir='ltr'>ordinis</span> <span class='ocrx_word' id='word_1_37' title='bbox 584 968 822 1040; x_wconf 82' lang='lat' dir='ltr'><strong>amicis</strong></span> <span class='ocrx_word' id='word_1_38' title='bbox 855 976 1090 1040; x_wconf 86' lang='lat' dir='ltr'><strong>sellam</strong></span> <span class='ocrx_word' id='word_1_39' title='bbox 1122 994 1316 1040; x_wconf 87' lang='lat' dir='ltr'><strong>suam</strong></span> <span class='ocrx_word' id='word_1_40' title='bbox 1346 978 1943 1042; x_wconf 76' lang='lat' dir='ltr'><strong>circumstantibus,</strong></span> 
     </span>
    </p>
   </div>
   <div class='ocr_carea' id='block_1_5' title="bbox 2032 977 2494 1046">
    <p class='ocr_par' dir='ltr' id='par_1_5' title="bbox 2032 977 2494 1046">
     <span class='ocr_line' id='line_1_8' title="bbox 2032 977 2494 1046; baseline 0.013 -5"><span class='ocrx_word' id='word_1_41' title='bbox 2032 977 2205 1043; x_wconf 85' lang='lat' dir='ltr'><strong>Cord</strong></span> <span class='ocrx_word' id='word_1_42' title='bbox 2216 1000 2293 1044; x_wconf 86' lang='lat' dir='ltr'><strong>us</strong></span> <span class='ocrx_word' id='word_1_43' title='bbox 2337 979 2494 1046; x_wconf 86' lang='lat' dir='ltr'><strong>Cre-</strong></span> 
     </span>
    </p>
   </div>
   <div class='ocr_carea' id='block_1_6' title="bbox 297 1073 2492 1164">
    <p class='ocr_par' dir='ltr' id='par_1_6' title="bbox 297 1073 2492 1164">
     <span class='ocr_line' id='line_1_9' title="bbox 297 1073 2492 1164; baseline 0.003 -23"><span class='ocrx_word' id='word_1_44' title='bbox 297 1079 545 1142; x_wconf 84' lang='lat' dir='ltr'>mutius</span> <span class='ocrx_word' id='word_1_45' title='bbox 566 1073 586 1107; x_wconf 84' lang='lat'><em>³</em></span> <span class='ocrx_word' id='word_1_46' title='bbox 610 1075 635 1113; x_wconf 68' lang='lat' dir='ltr'>b</span> <span class='ocrx_word' id='word_1_47' title='bbox 679 1078 935 1157; x_wconf 83' lang='lat' dir='ltr'><strong>scribit,</strong></span> <span class='ocrx_word' id='word_1_48' title='bbox 967 1098 1052 1143; x_wconf 90' lang='lat' dir='ltr'><strong>ne</strong></span> <span class='ocrx_word' id='word_1_49' title='bbox 1083 1079 1448 1143; x_wconf 83' lang='lat' dir='ltr'><strong>admissum</strong></span> <span class='ocrx_word' id='word_1_50' title='bbox 1475 1078 1746 1163; x_wconf 88' lang='lat' dir='ltr'><strong>quidem</strong></span> <span class='ocrx_word' id='word_1_51' title='bbox 1776 1086 1933 1145; x_wconf 87' lang='lat' dir='ltr'><strong>tunc</strong></span> <span class='ocrx_word' id='word_1_52' title='bbox 1966 1100 2341 1164; x_wconf 80' lang='lat' dir='ltr'><strong>quenquam</strong></span> <span class='ocrx_word' id='word_1_53' title='bbox 2370 1084 2492 1148; x_wconf 87' lang='lat' dir='ltr'><strong>Se·-</strong></span> 
     </span>
    </p>
   </div>
   <div class='ocr_carea' id='block_1_7' title="bbox 297 1181 1907 1264">
    <p class='ocr_par' dir='ltr' id='par_1_7' title="bbox 297 1181 1907 1264">
     <span class='ocr_line' id='line_1_10' title="bbox 297 1181 1907 1264; baseline 0.001 -20"><span class='ocrx_word' id='word_1_54' title='bbox 297 1188 630 1259; x_wconf 86' lang='lat' dir='ltr'><strong>natorum,</strong></span> <span class='ocrx_word' id='word_1_55' title='bbox 673 1182 804 1247; x_wconf 88' lang='lat' dir='ltr'><strong>nisi</strong></span> <span class='ocrx_word' id='word_1_56' title='bbox 858 1181 1077 1248; x_wconf 85' lang='lat' dir='ltr'><strong>solum</strong></span> <span class='ocrx_word' id='word_1_57' title='bbox 1128 1190 1196 1247; x_wconf 91' lang='lat' dir='ltr'><strong>et</strong></span> <span class='ocrx_word' id='word_1_58' title='bbox 1245 1187 1649 1264; x_wconf 71' lang='lat' dir='ltr'><strong>praetentato</strong></span> <span class='ocrx_word' id='word_1_59' title='bbox 1706 1182 1907 1246; x_wconf 77' lang='lat' dir='ltr'><strong>sinu.0</strong></span> 
     </span>
    </p>
   </div>
   <div class='ocr_carea' id='block_1_8' title="bbox 1997 1182 2499 1262">
    <p class='ocr_par' dir='ltr' id='par_1_8' title="bbox 1997 1182 2499 1262">
     <span class='ocr_line' id='line_1_11' title="bbox 1997 1182 2499 1262; baseline 0.014 -17"><span class='ocrx_word' id='word_1_60' title='bbox 1997 1182 2351 1262; x_wconf 84' lang='lat' dir='ltr'><strong>Quosdam</strong></span> <span class='ocrx_word' id='word_1_61' title='bbox 2403 1187 2499 1251; x_wconf 35' lang='lat' dir='ltr'><strong>ad*</strong></span> 
     </span>
    </p>
   </div>
   <div class='ocr_carea' id='block_1_9' title="bbox 298 1280 2494 1369">
    <p class='ocr_par' dir='ltr' id='par_1_9' title="bbox 298 1280 2494 1369">
     <span class='ocr_line' id='line_1_12' title="bbox 298 1280 2494 1369; baseline 0.003 -24"><span class='ocrx_word' id='word_1_62' title='bbox 298 1282 666 1347; x_wconf 81' lang='lat' dir='ltr'><strong>excusandi</strong></span> <span class='ocrx_word' id='word_1_63' title='bbox 712 1304 786 1349; x_wconf 90' lang='lat' dir='ltr'><strong>se</strong></span> <span class='ocrx_word' id='word_1_64' title='bbox 829 1280 1350 1350; x_wconf 83' lang='lat' dir='ltr'><strong>verecundiamd</strong></span> <span class='ocrx_word' id='word_1_65' title='bbox 1396 1284 1763 1367; x_wconf 86' lang='lat' dir='ltr'><strong>compulit:</strong></span> <span class='ocrx_word' id='word_1_66' title='bbox 1812 1286 2241 1369; x_wconf 82' lang='lat' dir='ltr'><strong>servavitque</strong></span> <span class='ocrx_word' id='word_1_67' title='bbox 2287 1288 2494 1352; x_wconf 85' lang='lat' dir='ltr'><strong>etiam</strong></span> 
     </span>
    </p>
   </div>
   <div class='ocr_carea' id='block_1_10' title="bbox 299 1384 2502 1470">
    <p class='ocr_par' dir='ltr' id='par_1_10' title="bbox 299 1384 2502 1470">
     <span class='ocr_line' id='line_1_13' title="bbox 299 1384 2502 1470; baseline 0.002 -22"><span class='ocrx_word' id='word_1_68' title='bbox 299 1387 831 1454; x_wconf 68' lang='lat' dir='ltr'><strong>excusantibus*</strong></span> <span class='ocrx_word' id='word_1_69' title='bbox 872 1386 1132 1470; x_wconf 88' lang='lat' dir='ltr'><strong>insigne</strong></span> <span class='ocrx_word' id='word_1_70' title='bbox 1176 1385 1435 1462; x_wconf 49' lang='lat' dir='ltr'><strong>vestis?</strong></span> <span class='ocrx_word' id='word_1_71' title='bbox 1480 1393 1551 1449; x_wconf 91' lang='lat' dir='ltr'><strong>et</strong></span> <span class='ocrx_word' id='word_1_72' title='bbox 1603 1386 1954 1469; x_wconf 88' lang='lat' dir='ltr'><strong>spectandi</strong></span> <span class='ocrx_word' id='word_1_73' title='bbox 2006 1388 2076 1452; x_wconf 92' lang='lat' dir='ltr'><strong>in</strong></span> <span class='ocrx_word' id='word_1_74' title='bbox 2126 1384 2502 1455; x_wconf 82' lang='lat' dir='ltr'><strong>orchestraf</strong></span> 
     </span>
    </p>
   </div>
   <div class='ocr_carea' id='block_1_11' title="bbox 1228 1583 1586 1604">
    <p class='ocr_par' dir='ltr' id='par_1_11' title="bbox 1228 1583 1586 1604">
     <span class='ocr_line' id='line_1_14' title="bbox 1228 1583 1586 1604; baseline -0.003 0"><span class='ocrx_word' id='word_1_75' title='bbox 1228 1583 1586 1604; x_wconf 59' lang='lat' dir='ltr'><strong>OWNMO</strong></span> 
     </span>
    </p>
   </div>
   <div class='ocr_carea' id='block_1_12' title="bbox 302 1698 2526 2417">
    <p class='ocr_par' dir='ltr' id='par_1_12' title="bbox 302 1698 2526 2417">
     <span class='ocr_line' id='line_1_15' title="bbox 303 1698 2507 1769; baseline 0 -18"><span class='ocrx_word' id='word_1_76' title='bbox 303 1700 519 1764; x_wconf 82' lang='lat' dir='ltr'><strong>corrigit</strong></span> <span class='ocrx_word' id='word_1_77' title='bbox 546 1701 889 1753; x_wconf 55' lang='lat' dir='ltr'><strong>Porcinam-1</strong></span> <span class='ocrx_word' id='word_1_78' title='bbox 926 1704 1108 1768; x_wconf 81' lang='lat' dir='ltr'><strong>Edidit</strong></span> <span class='ocrx_word' id='word_1_79' title='bbox 1143 1706 1268 1755; x_wconf 87' lang='lat' dir='ltr'><strong>Ern.</strong></span> <span class='ocrx_word' id='word_1_80' title='bbox 1296 1705 1371 1754; x_wconf 88' lang='lat' dir='ltr'><strong>ita</strong></span> <span class='ocrx_word' id='word_1_81' title='bbox 1390 1707 1555 1768; x_wconf 80' lang='lat' dir='ltr'><strong>eLys.</strong></span> <span class='ocrx_word' id='word_1_82' title='bbox 1579 1717 1731 1769; x_wconf 87' lang='lat' dir='ltr'><strong>quem</strong></span> <span class='ocrx_word' id='word_1_83' title='bbox 1761 1707 1969 1751; x_wconf 85' lang='lat' dir='ltr'><strong>secutus</strong></span> <span class='ocrx_word' id='word_1_84' title='bbox 1991 1701 2211 1765; x_wconf 88' lang='lat' dir='ltr'><strong>Baumg.</strong></span> <span class='ocrx_word' id='word_1_85' title='bbox 2277 1698 2383 1751; x_wconf 88' lang='lat' dir='ltr'><strong>Alii</strong></span> <span class='ocrx_word' id='word_1_86' title='bbox 2405 1717 2507 1765; x_wconf 81' lang='lat' dir='ltr'><strong>quo.</strong></span> 
     </span>
     <span class='ocr_line' id='line_1_16' title="bbox 305 1765 2510 1832; baseline 0 -17"><span class='ocrx_word' id='word_1_87' title='bbox 305 1769 435 1816; x_wconf 81' lang='lat' dir='ltr'><strong>Tum</strong></span> <span class='ocrx_word' id='word_1_88' title='bbox 457 1767 768 1816; x_wconf 76' lang='lat' dir='ltr'><strong>existimatur</strong></span> <span class='ocrx_word' id='word_1_89' title='bbox 789 1769 986 1831; x_wconf 86' lang='lat' dir='ltr'><strong>primus</strong></span> <span class='ocrx_word' id='word_1_90' title='bbox 1011 1770 1280 1832; x_wconf 80' lang='lat' dir='ltr'><strong>rescripsit</strong></span> <span class='ocrx_word' id='word_1_91' title='bbox 1310 1772 1456 1820; x_wconf 87' lang='lat' dir='ltr'><strong>Torr.</strong></span> <span class='ocrx_word' id='word_1_92' title='bbox 1492 1766 1860 1819; x_wconf 77' lang='lat' dir='ltr'><strong>accedentibus</strong></span> <span class='ocrx_word' id='word_1_93' title='bbox 1893 1765 2044 1816; x_wconf 88' lang='lat' dir='ltr'><strong>codd.</strong></span> <span class='ocrx_word' id='word_1_94' title='bbox 2079 1765 2272 1815; x_wconf 77' lang='lat' dir='ltr'><strong>Ursini.</strong></span> <span class='ocrx_word' id='word_1_95' title='bbox 2340 1767 2510 1829; x_wconf 81' lang='lat' dir='ltr'><strong>Vulgo</strong></span> 
     </span>
     <span class='ocr_line' id='line_1_17' title="bbox 302 1830 2511 1895; baseline 0 -15"><span class='ocrx_word' id='word_1_96' title='bbox 302 1833 585 1892; x_wconf 70' lang='lat' dir='ltr'><strong>estimatur,</strong></span> <span class='ocrx_word' id='word_1_97' title='bbox 625 1847 719 1881; x_wconf 89' lang='lat' dir='ltr'><strong>sen</strong></span> <span class='ocrx_word' id='word_1_98' title='bbox 755 1834 1037 1895; x_wconf 59' lang='lat' dir='ltr'><strong>extimam,</strong></span> <span class='ocrx_word' id='word_1_99' title='bbox 1071 1843 1131 1883; x_wconf 91' lang='lat' dir='ltr'><strong>ut</strong></span> <span class='ocrx_word' id='word_1_100' title='bbox 1154 1835 1206 1884; x_wconf 90' lang='lat' dir='ltr'><strong>in</strong></span> <span class='ocrx_word' id='word_1_101' title='bbox 1231 1835 1431 1885; x_wconf 81' lang='lat' dir='ltr'><strong>Medic.</strong></span> <span class='ocrx_word' id='word_1_102' title='bbox 1458 1838 1508 1884; x_wconf 94' lang='grc'><strong>2.</strong></span> <span class='ocrx_word' id='word_1_103' title='bbox 1535 1833 1706 1882; x_wconf 86' lang='lat' dir='ltr'><strong>Periz.</strong></span> <span class='ocrx_word' id='word_1_104' title='bbox 1732 1833 1972 1883; x_wconf 59' lang='lat' dir='ltr'><strong>Corte-2</strong></span> <span class='ocrx_word' id='word_1_105' title='bbox 2006 1830 2259 1880; x_wconf 79' lang='lat' dir='ltr'><strong>Accinetus</strong></span> <span class='ocrx_word' id='word_1_106' title='bbox 2279 1830 2435 1879; x_wconf 82' lang='lat' dir='ltr'><strong>vind.</strong></span> <span class='ocrx_word' id='word_1_107' title='bbox 2463 1835 2511 1880; x_wconf 82' lang='lat'><strong>1.</strong></span> 
     </span>
     <span class='ocr_line' id='line_1_18' title="bbox 302 1895 2511 1963; baseline -0.001 -18"><span class='ocrx_word' id='word_1_108' title='bbox 302 1896 474 1945; x_wconf 69' lang='lat' dir='ltr'><strong>cinctis</strong></span> <span class='ocrx_word' id='word_1_109' title='bbox 496 1896 599 1945; x_wconf 90' lang='lat' dir='ltr'><strong>Ed.</strong></span> <span class='ocrx_word' id='word_1_110' title='bbox 623 1897 774 1947; x_wconf 89' lang='lat' dir='ltr'><strong>Rom.</strong></span> <span class='ocrx_word' id='word_1_111' title='bbox 801 1913 904 1948; x_wconf 84' lang='lat' dir='ltr'><strong>sec.</strong></span> <span class='ocrx_word' id='word_1_112' title='bbox 969 1899 1107 1949; x_wconf 88' lang='lat' dir='ltr'><strong>Item</strong></span> <span class='ocrx_word' id='word_1_113' title='bbox 1132 1914 1226 1963; x_wconf 85' lang='lat' dir='ltr'><strong>pro</strong></span> <span class='ocrx_word' id='word_1_114' title='bbox 1248 1900 1447 1961; x_wconf 82' lang='lat' dir='ltr'><strong>proesed.</strong></span> <span class='ocrx_word' id='word_1_115' title='bbox 1477 1898 1706 1948; x_wconf 84' lang='lat' dir='ltr'><strong>malebat</strong></span> <span class='ocrx_word' id='word_1_116' title='bbox 1731 1896 1870 1958; x_wconf 85' lang='lat' dir='ltr'><strong>Lips.</strong></span> <span class='ocrx_word' id='word_1_117' title='bbox 1897 1895 2137 1944; x_wconf 74' lang='lat' dir='ltr'><strong>resedisse.</strong></span> <span class='ocrx_word' id='word_1_118' title='bbox 2202 1895 2330 1943; x_wconf 87' lang='lat' dir='ltr'><strong>Mox</strong></span> <span class='ocrx_word' id='word_1_119' title='bbox 2351 1896 2511 1943; x_wconf 77' lang='lat' dir='ltr'><strong>calen-</strong></span> 
     </span>
     <span class='ocr_line' id='line_1_19' title="bbox 304 1958 2513 2025; baseline -0.001 -16"><span class='ocrx_word' id='word_1_120' title='bbox 304 1961 483 2010; x_wconf 79' lang='lat' dir='ltr'><strong>tissimi</strong></span> <span class='ocrx_word' id='word_1_121' title='bbox 509 1960 745 2011; x_wconf 86' lang='lat' dir='ltr'><strong>Harlem.</strong></span> <span class='ocrx_word' id='word_1_122' title='bbox 783 1962 918 2011; x_wconf 85' lang='lat' dir='ltr'><strong>Edd.</strong></span> <span class='ocrx_word' id='word_1_123' title='bbox 948 1964 1084 2014; x_wconf 86' lang='lat' dir='ltr'><strong>Ven.</strong></span> <span class='ocrx_word' id='word_1_124' title='bbox 1109 1971 1174 2014; x_wconf 85' lang='lat' dir='ltr'><strong>tr.</strong></span> <span class='ocrx_word' id='word_1_125' title='bbox 1198 1963 1366 2025; x_wconf 84' lang='lat' dir='ltr'><strong>Lugd.</strong></span> <span class='ocrx_word' id='word_1_126' title='bbox 1430 1964 1597 2013; x_wconf 80' lang='lat' dir='ltr'><strong>Deest</strong></span> <span class='ocrx_word' id='word_1_127' title='bbox 1620 1962 1784 2011; x_wconf 81' lang='lat' dir='ltr'><strong>amicis</strong></span> <span class='ocrx_word' id='word_1_128' title='bbox 1805 1961 1964 2009; x_wconf 88' lang='lat' dir='ltr'><strong>Fouc.</strong></span> <span class='ocrx_word' id='word_1_129' title='bbox 1988 1973 2135 2021; x_wconf 83' lang='lat' dir='ltr'><strong>aeque</strong></span> <span class='ocrx_word' id='word_1_130' title='bbox 2157 1972 2219 2007; x_wconf 87' lang='lat' dir='ltr'><strong>ac</strong></span> <span class='ocrx_word' id='word_1_131' title='bbox 2240 1974 2373 2007; x_wconf 79' lang='lat' dir='ltr'><strong>suum</strong></span> <span class='ocrx_word' id='word_1_132' title='bbox 2396 1958 2513 2007; x_wconf 93' lang='lat' dir='ltr'><strong>cod.</strong></span> 
     </span>
     <span class='ocr_line' id='line_1_20' title="bbox 304 2022 2514 2086; baseline -0 -12"><span class='ocrx_word' id='word_1_133' title='bbox 304 2027 449 2075; x_wconf 76' lang='lat' dir='ltr'><strong>Torr.</strong></span> <span class='ocrx_word' id='word_1_134' title='bbox 472 2032 530 2075; x_wconf 90' lang='lat' dir='ltr'><strong>et</strong></span> <span class='ocrx_word' id='word_1_135' title='bbox 549 2026 648 2076; x_wconf 86' lang='lat' dir='ltr'><strong>Ed.</strong></span> <span class='ocrx_word' id='word_1_136' title='bbox 673 2025 806 2076; x_wconf 82' lang='lat' dir='ltr'><strong>Ven.</strong></span> <span class='ocrx_word' id='word_1_137' title='bbox 826 2031 972 2078; x_wconf 72' lang='lat' dir='ltr'><strong>1.—-s</strong></span> <span class='ocrx_word' id='word_1_138' title='bbox 1002 2029 1197 2078; x_wconf 80' lang='lat' dir='ltr'><strong>Cretius</strong></span> <span class='ocrx_word' id='word_1_139' title='bbox 1222 2029 1375 2079; x_wconf 82' lang='lat' dir='ltr'><strong>Huls.</strong></span> <span class='ocrx_word' id='word_1_140' title='bbox 1416 2027 1675 2077; x_wconf 73' lang='lat' dir='ltr'><strong>Crem-iiius</strong></span> <span class='ocrx_word' id='word_1_141' title='bbox 1698 2024 1993 2075; x_wconf 88' lang='lat' dir='ltr'><strong>Edd.Vett.</strong></span> <span class='ocrx_word' id='word_1_142' title='bbox 2030 2024 2213 2071; x_wconf 76' lang='lat' dir='ltr'><strong>Codrus</strong></span> <span class='ocrx_word' id='word_1_143' title='bbox 2228 2024 2348 2086; x_wconf 79' lang='lat' dir='ltr'><strong>Lys.</strong></span> <span class='ocrx_word' id='word_1_144' title='bbox 2396 2022 2514 2073; x_wconf 89' lang='lat' dir='ltr'><strong>Alio</strong></span> 
     </span>
     <span class='ocr_line' id='line_1_21' title="bbox 306 2089 2526 2157; baseline -0.001 -17"><span class='ocrx_word' id='word_1_145' title='bbox 306 2090 488 2142; x_wconf 78' lang='lat' dir='ltr'><strong>ordine</strong></span> <span class='ocrx_word' id='word_1_146' title='bbox 508 2091 566 2139; x_wconf 90' lang='lat' dir='ltr'><strong>in</strong></span> <span class='ocrx_word' id='word_1_147' title='bbox 590 2106 692 2140; x_wconf 87' lang='lat' dir='ltr'><strong>uno</strong></span> <span class='ocrx_word' id='word_1_148' title='bbox 715 2091 874 2142; x_wconf 86' lang='lat' dir='ltr'><strong>Torr.</strong></span> <span class='ocrx_word' id='word_1_149' title='bbox 897 2092 1078 2143; x_wconf 87' lang='lat' dir='ltr'><strong>codice</strong></span> <span class='ocrx_word' id='word_1_150' title='bbox 1102 2109 1162 2143; x_wconf 80' lang='lat' dir='ltr'><strong>ne</strong></span> <span class='ocrx_word' id='word_1_151' title='bbox 1194 2096 1320 2143; x_wconf 81' lang='lat' dir='ltr'><strong>adm.</strong></span> <span class='ocrx_word' id='word_1_152' title='bbox 1340 2094 1530 2157; x_wconf 78' lang='lat' dir='ltr'><strong>quidem</strong></span> <span class='ocrx_word' id='word_1_153' title='bbox 1558 2092 1728 2156; x_wconf 82' lang='lat' dir='ltr'><strong>scrips.</strong></span> <span class='ocrx_word' id='word_1_154' title='bbox 1765 2090 1909 2139; x_wconf 82' lang='lat' dir='ltr'><strong>Cord.</strong></span> <span class='ocrx_word' id='word_1_155' title='bbox 1937 2089 2094 2137; x_wconf 84' lang='lat' dir='ltr'><strong>Crem.</strong></span> <span class='ocrx_word' id='word_1_156' title='bbox 2118 2093 2231 2137; x_wconf 71' lang='lat' dir='ltr'><strong>tunc</strong></span> <span class='ocrx_word' id='word_1_157' title='bbox 2247 2102 2429 2151; x_wconf 75' lang='lat' dir='ltr'><strong>quemq.</strong></span> <span class='ocrx_word' id='word_1_158' title='bbox 2454 2099 2526 2138; x_wconf 80' lang='lat' dir='ltr'><strong>ac·</strong></span> 
     </span>
     <span class='ocr_line' id='line_1_22' title="bbox 303 2153 2517 2221; baseline -0.001 -17"><span class='ocrx_word' id='word_1_159' title='bbox 303 2156 488 2219; x_wconf 68' lang='lat' dir='ltr'><strong>quidem</strong></span> <span class='ocrx_word' id='word_1_160' title='bbox 509 2170 614 2205; x_wconf 89' lang='lat' dir='ltr'><strong>nou</strong></span> <span class='ocrx_word' id='word_1_161' title='bbox 637 2157 938 2221; x_wconf 75' lang='lat' dir='ltr'><strong>agnoscitur</strong></span> <span class='ocrx_word' id='word_1_162' title='bbox 961 2173 993 2207; x_wconf 84' lang='lat' dir='ltr'><strong>a</strong></span> <span class='ocrx_word' id='word_1_163' title='bbox 1017 2159 1135 2208; x_wconf 84' lang='lat' dir='ltr'><strong>Pal.</strong></span> <span class='ocrx_word' id='word_1_164' title='bbox 1165 2163 1211 2209; x_wconf 87' lang='lat'><strong>1.</strong></span> <span class='ocrx_word' id='word_1_165' title='bbox 1245 2172 1408 2208; x_wconf 84' lang='lat' dir='ltr'><strong>neca</strong></span> <span class='ocrx_word' id='word_1_166' title='bbox 1442 2159 1574 2221; x_wconf 82' lang='lat' dir='ltr'><strong>Cop.</strong></span> <span class='ocrx_word' id='word_1_167' title='bbox 1608 2157 1658 2206; x_wconf 89' lang='lat' dir='ltr'><strong>in</strong></span> <span class='ocrx_word' id='word_1_168' title='bbox 1683 2170 1787 2220; x_wconf 92' lang='lat' dir='ltr'><strong>quo</strong></span> <span class='ocrx_word' id='word_1_169' title='bbox 1821 2154 1975 2204; x_wconf 86' lang='lat' dir='ltr'><strong>etiam</strong></span> <span class='ocrx_word' id='word_1_170' title='bbox 2007 2158 2293 2216; x_wconf 71' lang='lat' dir='ltr'><strong>proetexteto</strong></span> <span class='ocrx_word' id='word_1_171' title='bbox 2324 2153 2517 2202; x_wconf 71' lang='lat' dir='ltr'><strong>sinu.—</strong></span> 
     </span>
     <span class='ocr_line' id='line_1_23' title="bbox 304 2217 2520 2275; baseline -0.001 -7"><span class='ocrx_word' id='word_1_172' title='bbox 304 2223 337 2269; x_wconf 78' lang='lat'><strong>4</strong></span> <span class='ocrx_word' id='word_1_173' title='bbox 371 2222 674 2272; x_wconf 76' lang='lat' dir='ltr'><strong>Excusantes</strong></span> <span class='ocrx_word' id='word_1_174' title='bbox 711 2223 871 2272; x_wconf 90' lang='lat' dir='ltr'><strong>Fouc.</strong></span> <span class='ocrx_word' id='word_1_175' title='bbox 906 2223 1023 2275; x_wconf 89' lang='lat' dir='ltr'><strong>Pin.</strong></span> <span class='ocrx_word' id='word_1_176' title='bbox 1056 2223 1254 2273; x_wconf 86' lang='lat' dir='ltr'><strong>Medic.</strong></span> <span class='ocrx_word' id='word_1_177' title='bbox 1277 2228 1328 2273; x_wconf 94' lang='grc'><strong>2.</strong></span> <span class='ocrx_word' id='word_1_178' title='bbox 1362 2222 1521 2272; x_wconf 84' lang='lat' dir='ltr'><strong>vind.</strong></span> <span class='ocrx_word' id='word_1_179' title='bbox 1554 2227 1600 2272; x_wconf 84' lang='lat' dir='ltr'><strong>l.</strong></span> <span class='ocrx_word' id='word_1_180' title='bbox 1623 2222 1771 2272; x_wconf 89' lang='lat' dir='ltr'><strong>Cort.</strong></span> <span class='ocrx_word' id='word_1_181' title='bbox 1798 2220 1944 2269; x_wconf 85' lang='lat' dir='ltr'><strong>Voss.</strong></span> <span class='ocrx_word' id='word_1_182' title='bbox 1967 2217 2086 2268; x_wconf 89' lang='lat' dir='ltr'><strong>Pal.</strong></span> <span class='ocrx_word' id='word_1_183' title='bbox 2109 2221 2162 2267; x_wconf 86' lang='grc'><strong>2.</strong></span> <span class='ocrx_word' id='word_1_184' title='bbox 2178 2221 2224 2266; x_wconf 75' lang='lat'><strong>3.</strong></span> <span class='ocrx_word' id='word_1_185' title='bbox 2247 2218 2520 2267; x_wconf 76' lang='lat' dir='ltr'><strong>excusantis</strong></span> 
     </span>
     <span class='ocr_line' id='line_1_24' title="bbox 309 2281 2519 2351; baseline -0.002 -17"><span class='ocrx_word' id='word_1_186' title='bbox 309 2283 541 2349; x_wconf 83' lang='lat' dir='ltr'><strong>Guelph.</strong></span> <span class='ocrx_word' id='word_1_187' title='bbox 563 2291 610 2336; x_wconf 89' lang='lat'><strong>1.</strong></span> <span class='ocrx_word' id='word_1_188' title='bbox 632 2287 760 2351; x_wconf 89' lang='lat' dir='ltr'><strong>Cop.</strong></span> <span class='ocrx_word' id='word_1_189' title='bbox 787 2288 1027 2337; x_wconf 78' lang='lat' dir='ltr'><strong>excusatis</strong></span> <span class='ocrx_word' id='word_1_190' title='bbox 1048 2288 1200 2337; x_wconf 82' lang='lat' dir='ltr'><strong>Huls.</strong></span> <span class='ocrx_word' id='word_1_191' title='bbox 1231 2289 1347 2337; x_wconf 87' lang='lat' dir='ltr'><strong>Pal.</strong></span> <span class='ocrx_word' id='word_1_192' title='bbox 1370 2292 1417 2336; x_wconf 87' lang='lat'><strong>1.</strong></span> <span class='ocrx_word' id='word_1_193' title='bbox 1452 2294 1507 2337; x_wconf 88' lang='lat' dir='ltr'><strong>et</strong></span> <span class='ocrx_word' id='word_1_194' title='bbox 1544 2302 1672 2336; x_wconf 83' lang='lat' dir='ltr'><strong>unus</strong></span> <span class='ocrx_word' id='word_1_195' title='bbox 1707 2285 1931 2336; x_wconf 82' lang='lat' dir='ltr'><strong>Casaub.</strong></span> <span class='ocrx_word' id='word_1_196' title='bbox 1958 2282 2115 2346; x_wconf 87' lang='lat' dir='ltr'><strong>idque</strong></span> <span class='ocrx_word' id='word_1_197' title='bbox 2136 2281 2340 2332; x_wconf 79' lang='lat' dir='ltr'><strong>admisit</strong></span> <span class='ocrx_word' id='word_1_198' title='bbox 2364 2282 2519 2331; x_wconf 88' lang='lat' dir='ltr'><strong>Grut.</strong></span> 
     </span>
     <span class='ocr_line' id='line_1_25' title="bbox 307 2347 2518 2417; baseline -0.002 -18"><span class='ocrx_word' id='word_1_199' title='bbox 307 2357 360 2400; x_wconf 83' lang='lat' dir='ltr'><strong>et</strong></span> <span class='ocrx_word' id='word_1_200' title='bbox 379 2351 582 2416; x_wconf 75' lang='lat' dir='ltr'><strong>placuit</strong></span> <span class='ocrx_word' id='word_1_201' title='bbox 598 2351 787 2402; x_wconf 86' lang='lat' dir='ltr'><strong>Scheff.</strong></span> <span class='ocrx_word' id='word_1_202' title='bbox 813 2361 869 2402; x_wconf 90' lang='lat' dir='ltr'><strong>et</strong></span> <span class='ocrx_word' id='word_1_203' title='bbox 890 2352 1051 2403; x_wconf 88' lang='lat' dir='ltr'><strong>Wolf.</strong></span> <span class='ocrx_word' id='word_1_204' title='bbox 1110 2354 1257 2417; x_wconf 89' lang='lat' dir='ltr'><strong>Conj.</strong></span> <span class='ocrx_word' id='word_1_205' title='bbox 1282 2354 1424 2404; x_wconf 86' lang='lat' dir='ltr'><strong>Oud.</strong></span> <span class='ocrx_word' id='word_1_206' title='bbox 1447 2352 1675 2402; x_wconf 74' lang='lat' dir='ltr'><strong>excussis.</strong></span> <span class='ocrx_word' id='word_1_207' title='bbox 1740 2349 1889 2400; x_wconf 88' lang='lat' dir='ltr'><strong>Infra</strong></span> <span class='ocrx_word' id='word_1_208' title='bbox 1911 2347 2100 2398; x_wconf 82' lang='lat' dir='ltr'><strong>desunt</strong></span> <span class='ocrx_word' id='word_1_209' title='bbox 2119 2348 2242 2412; x_wconf 80' lang='lat' dir='ltr'><strong>publ.</strong></span> <span class='ocrx_word' id='word_1_210' title='bbox 2252 2348 2341 2410; x_wconf 73' lang='lat' dir='ltr'><strong>Jus</strong></span> <span class='ocrx_word' id='word_1_211' title='bbox 2358 2347 2518 2411; x_wconf 76' lang='lat' dir='ltr'><strong>Fouc.</strong></span> 
     </span>
    </p>
   </div>
   <div class='ocr_carea' id='block_1_13' title="bbox 1314 2527 1540 2579">
    <p class='ocr_par' dir='ltr' id='par_1_13' title="bbox 1314 2527 1540 2579">
     <span class='ocr_line' id='line_1_26' title="bbox 1314 2527 1540 2579; baseline 0.004 -2"><span class='ocrx_word' id='word_1_212' title='bbox 1314 2527 1540 2579; x_wconf 80' lang='lat' dir='ltr'>NOTAE</span> 
     </span>
    </p>
   </div>
   <div class='ocr_carea' id='block_1_14' title="bbox 313 2625 1408 4350">
    <p class='ocr_par' dir='ltr' id='par_1_14' title="bbox 313 2625 1385 2839">
     <span class='ocr_line' id='line_1_27' title="bbox 313 2625 1385 2691; baseline 0.001 -17"><span class='ocrx_word' id='word_1_213' title='bbox 313 2639 425 2677; x_wconf 85' lang='lat' dir='ltr'><strong>rum</strong></span> <span class='ocrx_word' id='word_1_214' title='bbox 442 2640 612 2691; x_wconf 85' lang='lat' dir='ltr'><strong>usque</strong></span> <span class='ocrx_word' id='word_1_215' title='bbox 631 2640 695 2676; x_wconf 90' lang='lat' dir='ltr'><strong>eo</strong></span> <span class='ocrx_word' id='word_1_216' title='bbox 712 2626 947 2677; x_wconf 86' lang='lat' dir='ltr'><strong>minuere</strong></span> <span class='ocrx_word' id='word_1_217' title='bbox 969 2640 1072 2676; x_wconf 87' lang='lat' dir='ltr'><strong>non</strong></span> <span class='ocrx_word' id='word_1_218' title='bbox 1089 2627 1277 2690; x_wconf 82' lang='lat' dir='ltr'><strong>potuit,</strong></span> <span class='ocrx_word' id='word_1_219' title='bbox 1294 2625 1385 2675; x_wconf 83' lang='lat' dir='ltr'><strong>sed</strong></span> 
     </span>
     <span class='ocr_line' id='line_1_28' title="bbox 315 2702 1384 2769; baseline 0 -18"><span class='ocrx_word' id='word_1_220' title='bbox 315 2710 595 2754; x_wconf 80' lang='lat' dir='ltr'><strong>sexcentos</strong></span> <span class='ocrx_word' id='word_1_221' title='bbox 618 2704 834 2769; x_wconf 75' lang='lat' dir='ltr'><strong>delegit,</strong></span> <span class='ocrx_word' id='word_1_222' title='bbox 853 2711 1069 2755; x_wconf 83' lang='lat' dir='ltr'><strong>auctore</strong></span> <span class='ocrx_word' id='word_1_223' title='bbox 1085 2704 1274 2767; x_wconf 86' lang='lat' dir='ltr'><strong>Dione,</strong></span> <span class='ocrx_word' id='word_1_224' title='bbox 1292 2702 1384 2752; x_wconf 77' lang='lat' dir='ltr'><strong>lib.</strong></span> 
     </span>
     <span class='ocr_line' id='line_1_29' title="bbox 319 2790 1013 2839; baseline 0.007 -13"><span class='ocrx_word' id='word_1_225' title='bbox 319 2790 447 2830; x_wconf 74' lang='lat' dir='ltr'><strong>mu.</strong></span> <span class='ocrx_word' id='word_1_226' title='bbox 534 2829 543 2839; x_wconf 78' lang='grc'>,</span> <span class='ocrx_word' id='word_1_227' title='bbox 1010 2802 1013 2803; x_wconf 52' lang='grc'>’</span> 
     </span>
    </p>

    <p class='ocr_par' dir='ltr' id='par_1_15' title="bbox 319 2854 1392 3300">
     <span class='ocr_line' id='line_1_30' title="bbox 378 2854 1384 2920; baseline -0.006 -12"><span class='ocrx_word' id='word_1_228' title='bbox 378 2861 401 2895; x_wconf 70' lang='grc'>’</span> <span class='ocrx_word' id='word_1_229' title='bbox 441 2854 643 2908; x_wconf 69' lang='lat' dir='ltr'><strong>Duabus</strong></span> <span class='ocrx_word' id='word_1_230' title='bbox 676 2855 976 2920; x_wconf 70' lang='lat' dir='ltr'><strong>lectionibus]</strong></span> <span class='ocrx_word' id='word_1_231' title='bbox 1025 2857 1270 2906; x_wconf 83' lang='lat' dir='ltr'><strong>Senatum</strong></span> <span class='ocrx_word' id='word_1_232' title='bbox 1311 2855 1384 2902; x_wconf 82' lang='lat' dir='ltr'><strong>le-</strong></span> 
     </span>
     <span class='ocr_line' id='line_1_31' title="bbox 319 2929 1385 2996; baseline 0.001 -18"><span class='ocrx_word' id='word_1_233' title='bbox 319 2944 440 2992; x_wconf 84' lang='lat' dir='ltr'><strong>gere</strong></span> <span class='ocrx_word' id='word_1_234' title='bbox 462 2938 545 2981; x_wconf 88' lang='lat' dir='ltr'><strong>est</strong></span> <span class='ocrx_word' id='word_1_235' title='bbox 565 2932 846 2981; x_wconf 80' lang='lat' dir='ltr'><strong>Senatores</strong></span> <span class='ocrx_word' id='word_1_236' title='bbox 885 2939 1150 2996; x_wconf 82' lang='lat' dir='ltr'><strong>cooptare,</strong></span> <span class='ocrx_word' id='word_1_237' title='bbox 1179 2931 1261 2980; x_wconf 84' lang='lat' dir='ltr'><strong>vel</strong></span> <span class='ocrx_word' id='word_1_238' title='bbox 1294 2929 1385 2980; x_wconf 89' lang='lat' dir='ltr'><strong>Se·</strong></span> 
     </span>
     <span class='ocr_line' id='line_1_32' title="bbox 320 3007 1385 3072; baseline 0.001 -17"><span class='ocrx_word' id='word_1_239' title='bbox 320 3012 444 3056; x_wconf 81' lang='lat' dir='ltr'><strong>natu</strong></span> <span class='ocrx_word' id='word_1_240' title='bbox 462 3021 713 3058; x_wconf 80' lang='lat' dir='ltr'><strong>movere:</strong></span> <span class='ocrx_word' id='word_1_241' title='bbox 747 3008 886 3072; x_wconf 85' lang='lat' dir='ltr'><strong>quod</strong></span> <span class='ocrx_word' id='word_1_242' title='bbox 926 3015 1100 3058; x_wconf 80' lang='lat' dir='ltr'><strong>stante</strong></span> <span class='ocrx_word' id='word_1_243' title='bbox 1119 3009 1252 3069; x_wconf 76' lang='lat' dir='ltr'><strong>Rep.</strong></span> <span class='ocrx_word' id='word_1_244' title='bbox 1276 3007 1385 3056; x_wconf 92' lang='lat' dir='ltr'><strong>dic·</strong></span> 
     </span>
     <span class='ocr_line' id='line_1_33' title="bbox 320 3082 1390 3148; baseline 0.002 -17"><span class='ocrx_word' id='word_1_245' title='bbox 320 3086 545 3133; x_wconf 78' lang='lat' dir='ltr'><strong>tatorum</strong></span> <span class='ocrx_word' id='word_1_246' title='bbox 570 3083 864 3147; x_wconf 84' lang='lat' dir='ltr'><strong>aliquando,</strong></span> <span class='ocrx_word' id='word_1_247' title='bbox 886 3099 1159 3134; x_wconf 83' lang='lat' dir='ltr'><strong>censorum</strong></span> <span class='ocrx_word' id='word_1_248' title='bbox 1174 3082 1390 3148; x_wconf 54' lang='lat' dir='ltr'><strong>‘semper</strong></span> 
     </span>
     <span class='ocr_line' id='line_1_34' title="bbox 323 3158 1392 3226; baseline 0.003 -19"><span class='ocrx_word' id='word_1_249' title='bbox 323 3159 636 3210; x_wconf 85' lang='lat' dir='ltr'><strong>auctoritate</strong></span> <span class='ocrx_word' id='word_1_250' title='bbox 681 3158 897 3223; x_wconf 79' lang='lat' dir='ltr'><strong>factum,</strong></span> <span class='ocrx_word' id='word_1_251' title='bbox 924 3168 1133 3226; x_wconf 81' lang='lat' dir='ltr'><strong>‘postea</strong></span> <span class='ocrx_word' id='word_1_252' title='bbox 1180 3161 1392 3212; x_wconf 64' lang='lat' dir='ltr'><strong>‚nonnisi</strong></span> 
     </span>
     <span class='ocr_line' id='line_1_35' title="bbox 325 3234 1073 3300; baseline 0.001 -13"><span class='ocrx_word' id='word_1_253' title='bbox 325 3234 657 3300; x_wconf 76' lang='lat' dir='ltr'><strong>imperatoris</strong></span> <span class='ocrx_word' id='word_1_254' title='bbox 682 3237 924 3288; x_wconf 79' lang='lat' dir='ltr'><strong>arbitrio.</strong></span> <span class='ocrx_word' id='word_1_255' title='bbox 1066 3294 1073 3298; x_wconf 78' lang='lat'><strong>.</strong></span> 
     </span>
    </p>

    <p class='ocr_par' dir='ltr' id='par_1_16' title="bbox 329 3311 1406 3973">
     <span class='ocr_line' id='line_1_36' title="bbox 332 3311 1394 3378; baseline 0.005 -19"><span class='ocrx_word' id='word_1_256' title='bbox 332 3352 341 3359; x_wconf 84' lang='grc'>,</span> <span class='ocrx_word' id='word_1_257' title='bbox 385 3320 406 3344; x_wconf 85' lang='lat'>²</span> <span class='ocrx_word' id='word_1_258' title='bbox 434 3311 528 3362; x_wconf 83' lang='lat' dir='ltr'><strong>Vir</strong></span> <span class='ocrx_word' id='word_1_259' title='bbox 545 3313 725 3378; x_wconf 65' lang='grc' dir='ltr'><strong>υἰνωπ]</strong></span> <span class='ocrx_word' id='word_1_260' title='bbox 747 3314 866 3364; x_wconf 86' lang='lat' dir='ltr'><strong>Hoc</strong></span> <span class='ocrx_word' id='word_1_261' title='bbox 884 3320 966 3364; x_wconf 85' lang='lat' dir='ltr'><strong>est</strong></span> <span class='ocrx_word' id='word_1_262' title='bbox 985 3315 1207 3365; x_wconf 80' lang='lat' dir='ltr'><strong>Senator</strong></span> <span class='ocrx_word' id='word_1_263' title='bbox 1231 3316 1394 3366; x_wconf 81' lang='lat' dir='ltr'><strong>Sena-</strong></span> 
     </span>
     <span class='ocr_line' id='line_1_37' title="bbox 329 3389 1397 3441; baseline 0.002 -4"><span class='ocrx_word' id='word_1_264' title='bbox 329 3392 527 3438; x_wconf 70' lang='lat' dir='ltr'><strong>tor-emt</strong></span> <span class='ocrx_word' id='word_1_265' title='bbox 563 3389 733 3440; x_wconf 84' lang='lat' dir='ltr'><strong>locum</strong></span> <span class='ocrx_word' id='word_1_266' title='bbox 760 3391 896 3441; x_wconf 80' lang='lat' dir='ltr'><strong>hunc</strong></span> <span class='ocrx_word' id='word_1_267' title='bbox 920 3391 1198 3441; x_wconf 70' lang='lat' dir='ltr'><strong>confirmat</strong></span> <span class='ocrx_word' id='word_1_268' title='bbox 1222 3391 1397 3441; x_wconf 77' lang='lat' dir='ltr'><strong>Galba</strong></span> 
     </span>
     <span class='ocr_line' id='line_1_38' title="bbox 331 3464 1400 3531; baseline -0.001 -15"><span class='ocrx_word' id='word_1_269' title='bbox 331 3464 464 3523; x_wconf 56' lang='lat' dir='ltr'><strong>&amp;md</strong></span> <span class='ocrx_word' id='word_1_270' title='bbox 480 3465 720 3517; x_wconf 78' lang='lat' dir='ltr'><strong>Tacitum</strong></span> <span class='ocrx_word' id='word_1_271' title='bbox 736 3467 831 3517; x_wconf 88' lang='lat' dir='ltr'><strong>lib.</strong></span> <span class='ocrx_word' id='word_1_272' title='bbox 844 3482 899 3518; x_wconf 82' lang='lat' dir='ltr'><strong>v.</strong></span> <span class='ocrx_word' id='word_1_273' title='bbox 918 3468 1196 3517; x_wconf 72' lang='lat' dir='ltr'><strong>Histoi-iar.</strong></span> <span class='ocrx_word' id='word_1_274' title='bbox 1215 3467 1400 3531; x_wconf 81' lang='lat' dir='ltr'><strong>‘Apud</strong></span> 
     </span>
     <span class='ocr_line' id='line_1_39' title="bbox 329 3533 1401 3604; baseline 0.008 -21"><span class='ocrx_word' id='word_1_275' title='bbox 329 3533 657 3600; x_wconf 78' lang='lat' dir='ltr'><strong>frequentem</strong></span> <span class='ocrx_word' id='word_1_276' title='bbox 699 3544 921 3594; x_wconf 87' lang='lat' dir='ltr'><strong>militum</strong></span> <span class='ocrx_word' id='word_1_277' title='bbox 959 3544 1401 3604; x_wconf 42' lang='lat' dir='ltr'><strong>concionemsima</strong></span> 
     </span>
     <span class='ocr_line' id='line_1_40' title="bbox 334 3614 1400 3684; baseline 0.007 -22"><span class='ocrx_word' id='word_1_278' title='bbox 334 3614 599 3674; x_wconf 71' lang='lat' dir='ltr'><strong>perator-ia</strong></span> <span class='ocrx_word' id='word_1_279' title='bbox 648 3614 928 3682; x_wconf 79' lang='lat' dir='ltr'><strong>brevitate,</strong></span> <span class='ocrx_word' id='word_1_280' title='bbox 963 3621 1217 3684; x_wconf 69' lang='lat' dir='ltr'><strong>‘adoptari</strong></span> <span class='ocrx_word' id='word_1_281' title='bbox 1269 3636 1300 3669; x_wconf 92' lang='lat' dir='ltr'><strong>a</strong></span> <span class='ocrx_word' id='word_1_282' title='bbox 1343 3634 1400 3669; x_wconf 84' lang='lat' dir='ltr'><strong>se</strong></span> 
     </span>
     <span class='ocr_line' id='line_1_41' title="bbox 335 3686 1404 3759; baseline 0.007 -23"><span class='ocrx_word' id='word_1_283' title='bbox 335 3686 602 3753; x_wconf 82' lang='lat' dir='ltr'><strong>Pisonem,</strong></span> <span class='ocrx_word' id='word_1_284' title='bbox 638 3695 1045 3756; x_wconf 79' lang='lat' dir='ltr'><strong>exemploDivi</strong></span> <span class='ocrx_word' id='word_1_285' title='bbox 1089 3695 1310 3759; x_wconf 79' lang='lat' dir='ltr'><strong>Augusti</strong></span> <span class='ocrx_word' id='word_1_286' title='bbox 1347 3701 1404 3745; x_wconf 90' lang='lat' dir='ltr'><strong>et</strong></span> 
     </span>
     <span class='ocr_line' id='line_1_42' title="bbox 341 3766 1405 3834; baseline 0.009 -23"><span class='ocrx_word' id='word_1_287' title='bbox 341 3776 481 3812; x_wconf 85' lang='lat' dir='ltr'><strong>more</strong></span> <span class='ocrx_word' id='word_1_288' title='bbox 503 3766 736 3831; x_wconf 87' lang='lat' dir='ltr'><strong>militari,</strong></span> <span class='ocrx_word' id='word_1_289' title='bbox 768 3784 870 3834; x_wconf 90' lang='lat' dir='ltr'><strong>quo</strong></span> <span class='ocrx_word' id='word_1_290' title='bbox 895 3772 974 3819; x_wconf 85' lang='lat' dir='ltr'><strong>vir</strong></span> <span class='ocrx_word' id='word_1_291' title='bbox 998 3772 1161 3821; x_wconf 85' lang='lat' dir='ltr'><strong>virum</strong></span> <span class='ocrx_word' id='word_1_292' title='bbox 1185 3772 1405 3834; x_wconf 82' lang='lat' dir='ltr'><strong>legeret,</strong></span> 
     </span>
     <span class='ocr_line' id='line_1_43' title="bbox 339 3841 1406 3912; baseline 0.007 -24"><span class='ocrx_word' id='word_1_293' title='bbox 339 3841 681 3902; x_wconf 57' lang='lat' dir='ltr'><strong>pronuntiat)</strong></span> <span class='ocrx_word' id='word_1_294' title='bbox 746 3844 907 3895; x_wconf 83' lang='lat' dir='ltr'><strong>Plura</strong></span> <span class='ocrx_word' id='word_1_295' title='bbox 943 3862 1151 3912; x_wconf 85' lang='lat' dir='ltr'><strong>qnoque</strong></span> <span class='ocrx_word' id='word_1_296' title='bbox 1191 3847 1297 3897; x_wconf 89' lang='lat' dir='ltr'><strong>Dio</strong></span> <span class='ocrx_word' id='word_1_297' title='bbox 1317 3847 1406 3896; x_wconf 88' lang='lat' dir='ltr'><strong>lib.</strong></span> 
     </span>
     <span class='ocr_line' id='line_1_44' title="bbox 344 3928 456 3973; baseline 0 -9"><span class='ocrx_word' id='word_1_298' title='bbox 344 3928 456 3973; x_wconf 70' lang='lat' dir='ltr'><strong>mv.</strong></span> 
     </span>
    </p>

    <p class='ocr_par' dir='ltr' id='par_1_17' title="bbox 342 3993 1408 4350">
     <span class='ocr_line' id='line_1_45' title="bbox 406 3993 1408 4057; baseline 0.005 -15"><span class='ocrx_word' id='word_1_299' title='bbox 406 4000 431 4026; x_wconf 76' lang='lat'>⁸</span> <span class='ocrx_word' id='word_1_300' title='bbox 461 3993 663 4057; x_wconf 67' lang='lat' dir='ltr'><strong>Lon-iou]</strong></span> <span class='ocrx_word' id='word_1_301' title='bbox 694 3994 818 4045; x_wconf 83' lang='lat' dir='ltr'><strong>Non</strong></span> <span class='ocrx_word' id='word_1_302' title='bbox 857 4001 981 4047; x_wconf 77' lang='lat' dir='ltr'><strong>tnnc</strong></span> <span class='ocrx_word' id='word_1_303' title='bbox 1012 4000 1195 4056; x_wconf 83' lang='lat' dir='ltr'><strong>solnm,</strong></span> <span class='ocrx_word' id='word_1_304' title='bbox 1229 3998 1324 4049; x_wconf 88' lang='lat' dir='ltr'><strong>sed</strong></span> <span class='ocrx_word' id='word_1_305' title='bbox 1352 4002 1408 4048; x_wconf 92' lang='lat' dir='ltr'><strong>et</strong></span> 
     </span>
     <span class='ocr_line' id='line_1_46' title="bbox 343 4069 1408 4140; baseline 0.005 -22"><span class='ocrx_word' id='word_1_306' title='bbox 343 4069 471 4135; x_wconf 63' lang='lat' dir='ltr'><strong>alias</strong></span> <span class='ocrx_word' id='word_1_307' title='bbox 502 4071 600 4121; x_wconf 89' lang='lat' dir='ltr'><strong>hoc</strong></span> <span class='ocrx_word' id='word_1_308' title='bbox 634 4071 785 4121; x_wconf 87' lang='lat' dir='ltr'><strong>modo</strong></span> <span class='ocrx_word' id='word_1_309' title='bbox 810 4074 1018 4137; x_wconf 86' lang='lat' dir='ltr'><strong>prodire</strong></span> <span class='ocrx_word' id='word_1_310' title='bbox 1043 4076 1094 4124; x_wconf 89' lang='lat' dir='ltr'><strong>in</strong></span> <span class='ocrx_word' id='word_1_311' title='bbox 1121 4074 1408 4140; x_wconf 84' lang='lat' dir='ltr'><strong>publicum,</strong></span> 
     </span>
     <span class='ocr_line' id='line_1_47' title="bbox 342 4145 1407 4213; baseline 0.004 -19"><span class='ocrx_word' id='word_1_312' title='bbox 342 4151 402 4195; x_wconf 88' lang='lat' dir='ltr'><strong>et</strong></span> <span class='ocrx_word' id='word_1_313' title='bbox 422 4145 474 4196; x_wconf 90' lang='lat' dir='ltr'><strong>in</strong></span> <span class='ocrx_word' id='word_1_314' title='bbox 492 4146 739 4199; x_wconf 79' lang='lat' dir='ltr'><strong>Senatum</strong></span> <span class='ocrx_word' id='word_1_315' title='bbox 755 4148 1029 4212; x_wconf 73' lang='lat' dir='ltr'><strong>ventitare,</strong></span> <span class='ocrx_word' id='word_1_316' title='bbox 1043 4157 1212 4199; x_wconf 81' lang='lat' dir='ltr'><strong>metus</strong></span> <span class='ocrx_word' id='word_1_317' title='bbox 1228 4150 1407 4213; x_wconf 80' lang='lat' dir='ltr'><strong>adegit</strong></span> 
     </span>
     <span class='ocr_line' id='line_1_48' title="bbox 345 4221 1408 4289; baseline 0.007 -21"><span class='ocrx_word' id='word_1_318' title='bbox 345 4221 714 4289; x_wconf 74' lang='lat' dir='ltr'><strong>insidiantium,</strong></span> <span class='ocrx_word' id='word_1_319' title='bbox 745 4231 806 4274; x_wconf 81' lang='lat' dir='ltr'><strong>ut</strong></span> <span class='ocrx_word' id='word_1_320' title='bbox 838 4230 991 4275; x_wconf 88' lang='lat' dir='ltr'><strong>notat</strong></span> <span class='ocrx_word' id='word_1_321' title='bbox 1013 4240 1079 4275; x_wconf 83' lang='lat' dir='ltr'><strong>ex</strong></span> <span class='ocrx_word' id='word_1_322' title='bbox 1107 4225 1285 4276; x_wconf 84' lang='lat' dir='ltr'><strong>Dione</strong></span> <span class='ocrx_word' id='word_1_323' title='bbox 1309 4225 1408 4275; x_wconf 85' lang='lat' dir='ltr'><strong>Ca·</strong></span> 
     </span>
     <span class='ocr_line' id='line_1_49' title="bbox 345 4297 618 4350; baseline 0.015 -4"><span class='ocrx_word' id='word_1_324' title='bbox 345 4297 618 4350; x_wconf 76' lang='lat' dir='ltr'><strong>saubonus.</strong></span> 
     </span>
    </p>
   </div>
   <div class='ocr_carea' id='block_1_15' title="bbox 475 4379 1026 4445">
    <p class='ocr_par' dir='ltr' id='par_1_18' title="bbox 475 4379 1026 4445">
     <span class='ocr_line' id='line_1_50' title="bbox 475 4379 1026 4445; baseline 0.005 -16"><span class='ocrx_word' id='word_1_325' title='bbox 475 4379 657 4445; x_wconf 75' lang='lat' dir='ltr'><strong>Delph.</strong></span> <span class='ocrx_word' id='word_1_326' title='bbox 675 4385 724 4430; x_wconf 78' lang='lat' dir='ltr'><strong>et</strong></span> <span class='ocrx_word' id='word_1_327' title='bbox 753 4380 872 4431; x_wconf 84' lang='lat' dir='ltr'><strong>Vur.</strong></span> <span class='ocrx_word' id='word_1_328' title='bbox 895 4381 1026 4432; x_wconf 77' lang='lat' dir='ltr'><strong>Clas.</strong></span> 
     </span>
    </p>
   </div>
   <div class='ocr_carea' id='block_1_16' title="bbox 1465 2618 2598 4362">
    <p class='ocr_par' dir='ltr' id='par_1_19' title="bbox 1465 2618 2537 3298">
     <span class='ocr_line' id='line_1_51' title="bbox 1543 2618 2526 2684; baseline -0.006 -12"><span class='ocrx_word' id='word_1_329' title='bbox 1543 2624 1567 2657; x_wconf 77' lang='lat' dir='ltr'>b</span> <span class='ocrx_word' id='word_1_330' title='bbox 1617 2624 1801 2672; x_wconf 78' lang='lat' dir='ltr'><strong>Cordus</strong></span> <span class='ocrx_word' id='word_1_331' title='bbox 1850 2621 2144 2684; x_wconf 75' lang='lat' dir='ltr'><strong>Cremutius]</strong></span> <span class='ocrx_word' id='word_1_332' title='bbox 2213 2618 2526 2670; x_wconf 85' lang='lat' dir='ltr'><strong>Historicus.</strong></span> 
     </span>
     <span class='ocr_line' id='line_1_52' title="bbox 1468 2695 2525 2763; baseline -0.009 -12"><span class='ocrx_word' id='word_1_333' title='bbox 1468 2702 1713 2752; x_wconf 85' lang='lat' dir='ltr'><strong>Meminit</strong></span> <span class='ocrx_word' id='word_1_334' title='bbox 1734 2714 1877 2763; x_wconf 79' lang='lat' dir='ltr'><strong>saepe</strong></span> <span class='ocrx_word' id='word_1_335' title='bbox 1902 2698 2115 2748; x_wconf 82' lang='lat' dir='ltr'><strong>alterius</strong></span> <span class='ocrx_word' id='word_1_336' title='bbox 2135 2696 2291 2745; x_wconf 87' lang='lat' dir='ltr'><strong>Cordi</strong></span> <span class='ocrx_word' id='word_1_337' title='bbox 2313 2695 2525 2758; x_wconf 85' lang='lat' dir='ltr'><strong>Capito-</strong></span> 
     </span>
     <span class='ocr_line' id='line_1_53' title="bbox 1465 2770 2528 2842; baseline -0.009 -15"><span class='ocrx_word' id='word_1_338' title='bbox 1465 2779 1619 2837; x_wconf 77' lang='lat' dir='ltr'><strong>linus,</strong></span> <span class='ocrx_word' id='word_1_339' title='bbox 1652 2791 1802 2842; x_wconf 87' lang='lat' dir='ltr'><strong>quem</strong></span> <span class='ocrx_word' id='word_1_340' title='bbox 1826 2773 2165 2824; x_wconf 79' lang='lat' dir='ltr'><strong>minutissima</strong></span> <span class='ocrx_word' id='word_1_341' title='bbox 2184 2785 2404 2835; x_wconf 83' lang='lat' dir='ltr'><strong>quaeque</strong></span> <span class='ocrx_word' id='word_1_342' title='bbox 2425 2770 2528 2819; x_wconf 83' lang='lat' dir='ltr'><strong>suis</strong></span> 
     </span>
     <span class='ocr_line' id='line_1_54' title="bbox 1465 2846 2529 2909; baseline -0.008 -7"><span class='ocrx_word' id='word_1_343' title='bbox 1465 2854 1520 2902; x_wconf 90' lang='lat' dir='ltr'><strong>in</strong></span> <span class='ocrx_word' id='word_1_344' title='bbox 1561 2851 1786 2901; x_wconf 82' lang='lat' dir='ltr'><strong>historiis</strong></span> <span class='ocrx_word' id='word_1_345' title='bbox 1828 2854 2080 2898; x_wconf 82' lang='lat' dir='ltr'><strong>sectatum</strong></span> <span class='ocrx_word' id='word_1_346' title='bbox 2124 2847 2199 2896; x_wconf 87' lang='lat' dir='ltr'><strong>ait</strong></span> <span class='ocrx_word' id='word_1_347' title='bbox 2219 2863 2244 2899; x_wconf 70' lang='grc' dir='ltr'><strong>ε,</strong></span> <span class='ocrx_word' id='word_1_348' title='bbox 2281 2863 2331 2896; x_wconf 81' lang='lat' dir='ltr'><strong>v.</strong></span> <span class='ocrx_word' id='word_1_349' title='bbox 2379 2860 2429 2909; x_wconf 82' lang='lat' dir='ltr'><strong>g.</strong></span> <span class='ocrx_word' id='word_1_350' title='bbox 2476 2846 2529 2894; x_wconf 90' lang='lat' dir='ltr'><strong>in</strong></span> 
     </span>
     <span class='ocr_line' id='line_1_55' title="bbox 1465 2924 2533 2992; baseline -0.008 -11"><span class='ocrx_word' id='word_1_351' title='bbox 1465 2929 1753 2981; x_wconf 83' lang='lat' dir='ltr'><strong>Maximino</strong></span> <span class='ocrx_word' id='word_1_352' title='bbox 1764 2930 1799 2980; x_wconf 86' lang='lat' dir='ltr'>J</span> <span class='ocrx_word' id='word_1_353' title='bbox 1803 2929 2001 2988; x_wconf 88' lang='lat' dir='ltr'><strong>uniore,</strong></span> <span class='ocrx_word' id='word_1_354' title='bbox 2017 2928 2034 2956; x_wconf 75' lang='lat'><strong><em>⁶</em></strong></span> <span class='ocrx_word' id='word_1_355' title='bbox 2051 2942 2166 2992; x_wconf 86' lang='lat' dir='ltr'><strong>quae</strong></span> <span class='ocrx_word' id='word_1_356' title='bbox 2186 2925 2273 2991; x_wconf 87' lang='lat' dir='ltr'><strong>qui</strong></span> <span class='ocrx_word' id='word_1_357' title='bbox 2290 2925 2425 2974; x_wconf 83' lang='lat' dir='ltr'><strong>scire</strong></span> <span class='ocrx_word' id='word_1_358' title='bbox 2443 2924 2533 2973; x_wconf 87' lang='lat' dir='ltr'><strong>de·</strong></span> 
     </span>
     <span class='ocr_line' id='line_1_56' title="bbox 1466 3000 2532 3068; baseline -0.008 -12"><span class='ocrx_word' id='word_1_359' title='bbox 1466 3005 1680 3068; x_wconf 86' lang='lat' dir='ltr'><strong>siderat,</strong></span> <span class='ocrx_word' id='word_1_360' title='bbox 1715 3006 1757 3055; x_wconf 85' lang='lat' dir='ltr'><strong>is</strong></span> <span class='ocrx_word' id='word_1_361' title='bbox 1782 3004 1932 3054; x_wconf 83' lang='lat' dir='ltr'><strong>velim</strong></span> <span class='ocrx_word' id='word_1_362' title='bbox 1952 3002 2041 3068; x_wconf 88' lang='lat' dir='ltr'><strong>(ut</strong></span> <span class='ocrx_word' id='word_1_363' title='bbox 2061 3017 2204 3065; x_wconf 80' lang='lat' dir='ltr'><strong>soepe</strong></span> <span class='ocrx_word' id='word_1_364' title='bbox 2223 3000 2364 3066; x_wconf 82' lang='lat' dir='ltr'><strong>dixi)</strong></span> <span class='ocrx_word' id='word_1_365' title='bbox 2389 3002 2532 3064; x_wconf 82' lang='lat' dir='ltr'><strong>legat</strong></span> 
     </span>
     <span class='ocr_line' id='line_1_57' title="bbox 1471 3075 2536 3147; baseline -0.008 -13"><span class='ocrx_word' id='word_1_366' title='bbox 1471 3083 1717 3145; x_wconf 85' lang='lat' dir='ltr'><strong>Cordum,</strong></span> <span class='ocrx_word' id='word_1_367' title='bbox 1755 3081 1843 3147; x_wconf 87' lang='lat' dir='ltr'><strong>qui</strong></span> <span class='ocrx_word' id='word_1_368' title='bbox 1889 3082 2004 3131; x_wconf 75' lang='lat' dir='ltr'><strong>haec</strong></span> <span class='ocrx_word' id='word_1_369' title='bbox 2049 3079 2222 3130; x_wconf 89' lang='lat' dir='ltr'><strong>omnia</strong></span> <span class='ocrx_word' id='word_1_370' title='bbox 2265 3090 2425 3144; x_wconf 86' lang='lat' dir='ltr'><strong>usque</strong></span> <span class='ocrx_word' id='word_1_371' title='bbox 2467 3075 2536 3126; x_wconf 90' lang='lat' dir='ltr'><strong>ad</strong></span> 
     </span>
     <span class='ocr_line' id='line_1_58' title="bbox 1473 3153 2537 3222; baseline -0.007 -13"><span class='ocrx_word' id='word_1_372' title='bbox 1473 3159 1720 3209; x_wconf 83' lang='lat' dir='ltr'><strong>fabellam</strong></span> <span class='ocrx_word' id='word_1_373' title='bbox 1743 3156 1989 3222; x_wconf 60' lang='lat' dir='ltr'><strong>scripsit?</strong></span> <span class='ocrx_word' id='word_1_374' title='bbox 2053 3156 2122 3206; x_wconf 88' lang='lat' dir='ltr'><strong>Et</strong></span> <span class='ocrx_word' id='word_1_375' title='bbox 2144 3156 2195 3205; x_wconf 79' lang='lat' dir='ltr'><strong>in</strong></span> <span class='ocrx_word' id='word_1_376' title='bbox 2221 3153 2411 3205; x_wconf 78' lang='lat' dir='ltr'><strong>Albino</strong></span> <span class='ocrx_word' id='word_1_377' title='bbox 2443 3153 2537 3202; x_wconf 80' lang='lat' dir='ltr'><strong>ite·</strong></span> 
     </span>
     <span class='ocr_line' id='line_1_59' title="bbox 1475 3231 2424 3298; baseline -0.009 -12"><span class='ocrx_word' id='word_1_378' title='bbox 1475 3250 1609 3298; x_wconf 82' lang='lat' dir='ltr'><strong>rum,</strong></span> <span class='ocrx_word' id='word_1_379' title='bbox 1629 3237 1729 3284; x_wconf 75' lang='grc' dir='ltr'><strong>διο.-</strong></span> <span class='ocrx_word' id='word_1_380' title='bbox 2414 3231 2424 3242; x_wconf 81' lang='grc'><em>·</em></span> 
     </span>
    </p>

    <p class='ocr_par' dir='ltr' id='par_1_20' title="bbox 1476 3304 2541 3592">
     <span class='ocr_line' id='line_1_60' title="bbox 1541 3304 2539 3371; baseline -0.009 -11"><span class='ocrx_word' id='word_1_381' title='bbox 1541 3319 1565 3344; x_wconf 77' lang='lat'><strong>⁰</strong></span> <span class='ocrx_word' id='word_1_382' title='bbox 1601 3312 1899 3360; x_wconf 77' lang='lat' dir='ltr'><strong>Proetentato</strong></span> <span class='ocrx_word' id='word_1_383' title='bbox 1919 3308 2051 3371; x_wconf 73' lang='lat' dir='ltr'><strong>sinu]</strong></span> <span class='ocrx_word' id='word_1_384' title='bbox 2082 3308 2200 3358; x_wconf 91' lang='lat' dir='ltr'><strong>Hoc</strong></span> <span class='ocrx_word' id='word_1_385' title='bbox 2233 3313 2331 3369; x_wconf 83' lang='lat' dir='ltr'><strong>est,</strong></span> <span class='ocrx_word' id='word_1_386' title='bbox 2369 3311 2429 3355; x_wconf 91' lang='lat' dir='ltr'><strong>ut</strong></span> <span class='ocrx_word' id='word_1_387' title='bbox 2467 3304 2539 3352; x_wconf 79' lang='lat' dir='ltr'><strong>ait</strong></span> 
     </span>
     <span class='ocr_line' id='line_1_61' title="bbox 1476 3383 2541 3449; baseline -0.01 -13"><span class='ocrx_word' id='word_1_388' title='bbox 1476 3387 1786 3449; x_wconf 78' lang='lat' dir='ltr'><strong>Beroaldus,</strong></span> <span class='ocrx_word' id='word_1_389' title='bbox 1801 3399 2016 3435; x_wconf 78' lang='lat' dir='ltr'><strong>excussa</strong></span> <span class='ocrx_word' id='word_1_390' title='bbox 2026 3389 2171 3433; x_wconf 85' lang='lat' dir='ltr'><strong>veste</strong></span> <span class='ocrx_word' id='word_1_391' title='bbox 2187 3388 2241 3432; x_wconf 86' lang='lat' dir='ltr'><strong>et</strong></span> <span class='ocrx_word' id='word_1_392' title='bbox 2258 3383 2541 3444; x_wconf 86' lang='lat' dir='ltr'><strong>explorata,</strong></span> 
     </span>
     <span class='ocr_line' id='line_1_62' title="bbox 1479 3453 2539 3518; baseline -0.011 -7"><span class='ocrx_word' id='word_1_393' title='bbox 1479 3476 1546 3511; x_wconf 91' lang='lat' dir='ltr'><strong>ne</strong></span> <span class='ocrx_word' id='word_1_394' title='bbox 1569 3461 1760 3510; x_wconf 84' lang='lat' dir='ltr'><strong>ferrum</strong></span> <span class='ocrx_word' id='word_1_395' title='bbox 1782 3461 2162 3510; x_wconf 81' lang='lat' dir='ltr'><strong>occultaretur:</strong></span> <span class='ocrx_word' id='word_1_396' title='bbox 2187 3458 2253 3507; x_wconf 90' lang='lat' dir='ltr'><strong>de</strong></span> <span class='ocrx_word' id='word_1_397' title='bbox 2263 3464 2407 3518; x_wconf 71' lang='lat' dir='ltr'><strong>togae</strong></span> <span class='ocrx_word' id='word_1_398' title='bbox 2427 3453 2539 3500; x_wconf 85' lang='lat' dir='ltr'><strong>sinu</strong></span> 
     </span>
     <span class='ocr_line' id='line_1_63' title="bbox 1480 3541 1907 3592; baseline -0.012 -1"><span class='ocrx_word' id='word_1_399' title='bbox 1480 3543 1534 3591; x_wconf 85' lang='lat' dir='ltr'><strong>in</strong></span> <span class='ocrx_word' id='word_1_400' title='bbox 1549 3541 1662 3592; x_wconf 58' lang='lat' dir='ltr'><strong>dul.</strong></span> <span class='ocrx_word' id='word_1_401' title='bbox 1682 3551 1729 3589; x_wconf 83' lang='lat' dir='ltr'><strong>c.</strong></span> <span class='ocrx_word' id='word_1_402' title='bbox 1753 3543 1835 3589; x_wconf 87' lang='grc'><strong>82.</strong></span> <span class='ocrx_word' id='word_1_403' title='bbox 1858 3543 1907 3587; x_wconf 87' lang='grc'><strong>9.</strong></span> 
     </span>
    </p>

    <p class='ocr_par' dir='ltr' id='par_1_21' title="bbox 1485 3605 2540 3756">
     <span class='ocr_line' id='line_1_64' title="bbox 1547 3605 2540 3676; baseline -0.016 -9"><span class='ocrx_word' id='word_1_404' title='bbox 1547 3615 1571 3649; x_wconf 85' lang='lat'><strong>‘¹</strong></span> <span class='ocrx_word' id='word_1_405' title='bbox 1613 3613 1976 3676; x_wconf 70' lang='lat' dir='ltr'><strong>Verecundiam]</strong></span> <span class='ocrx_word' id='word_1_406' title='bbox 2033 3611 2110 3660; x_wconf 89' lang='lat' dir='ltr'><strong>Ut</strong></span> <span class='ocrx_word' id='word_1_407' title='bbox 2148 3621 2337 3670; x_wconf 82' lang='lat' dir='ltr'><strong>nempe</strong></span> <span class='ocrx_word' id='word_1_408' title='bbox 2364 3605 2540 3655; x_wconf 75' lang='lat' dir='ltr'><strong>&#39;tantae</strong></span> 
     </span>
     <span class='ocr_line' id='line_1_65' title="bbox 1485 3686 2382 3756; baseline -0.013 -13"><span class='ocrx_word' id='word_1_409' title='bbox 1485 3707 1542 3744; x_wconf 81' lang='lat' dir='ltr'><strong>se</strong></span> <span class='ocrx_word' id='word_1_410' title='bbox 1566 3691 1808 3756; x_wconf 82' lang='lat' dir='ltr'><strong>dignitati</strong></span> <span class='ocrx_word' id='word_1_411' title='bbox 1832 3688 2122 3738; x_wconf 84' lang='lat' dir='ltr'><strong>faterentur</strong></span> <span class='ocrx_word' id='word_1_412' title='bbox 2140 3686 2382 3748; x_wconf 85' lang='lat' dir='ltr'><strong>impares.</strong></span> 
     </span>
    </p>

    <p class='ocr_par' dir='ltr' id='par_1_22' title="bbox 1484 3755 2598 3971">
     <span class='ocr_line' id='line_1_66' title="bbox 1551 3755 2547 3830; baseline -0.016 -12"><span class='ocrx_word' id='word_1_413' title='bbox 1551 3777 1574 3804; x_wconf 63' lang='grc' dir='ltr'>θ</span> <span class='ocrx_word' id='word_1_414' title='bbox 1607 3768 1804 3830; x_wconf 76' lang='lat' dir='ltr'><strong>Insigne</strong></span> <span class='ocrx_word' id='word_1_415' title='bbox 1822 3763 1991 3826; x_wconf 76' lang='lat' dir='ltr'><strong>vestis]</strong></span> <span class='ocrx_word' id='word_1_416' title='bbox 2025 3765 2207 3813; x_wconf 82' lang='lat' dir='ltr'><strong>Latum</strong></span> <span class='ocrx_word' id='word_1_417' title='bbox 2248 3772 2371 3809; x_wconf 83' lang='lat' dir='ltr'><strong>vero</strong></span> <span class='ocrx_word' id='word_1_418' title='bbox 2408 3755 2547 3805; x_wconf 87' lang='lat' dir='ltr'><strong>simi·</strong></span> 
     </span>
     <span class='ocr_line' id='line_1_67' title="bbox 1484 3834 2544 3904; baseline -0.013 -9"><span class='ocrx_word' id='word_1_419' title='bbox 1484 3847 1607 3896; x_wconf 86' lang='lat' dir='ltr'><strong>liter</strong></span> <span class='ocrx_word' id='word_1_420' title='bbox 1629 3847 1831 3894; x_wconf 84' lang='lat' dir='ltr'><strong>clav&#39;nm</strong></span> <span class='ocrx_word' id='word_1_421' title='bbox 1854 3840 2114 3902; x_wconf 82' lang='lat' dir='ltr'><strong>intelligit,</strong></span> <span class='ocrx_word' id='word_1_422' title='bbox 2144 3838 2211 3886; x_wconf 88' lang='lat' dir='ltr'><strong>de</strong></span> <span class='ocrx_word' id='word_1_423' title='bbox 2234 3835 2412 3904; x_wconf 86' lang='lat' dir='ltr'><strong>quoin</strong></span> <span class='ocrx_word' id='word_1_424' title='bbox 2435 3834 2544 3886; x_wconf 86' lang='lat' dir='ltr'><strong>Jul.</strong></span> 
     </span>
     <span class='ocr_line' id='line_1_68' title="bbox 1487 3911 2598 3971; baseline -0.01 -1"><span class='ocrx_word' id='word_1_425' title='bbox 1487 3936 1536 3970; x_wconf 85' lang='lat' dir='ltr'><strong>c.</strong></span> <span class='ocrx_word' id='word_1_426' title='bbox 1556 3925 1638 3971; x_wconf 82' lang='grc'><strong>42.</strong></span> <span class='ocrx_word' id='word_1_427' title='bbox 1706 3918 1844 3971; x_wconf 86' lang='lat' dir='ltr'><strong>Quin</strong></span> <span class='ocrx_word' id='word_1_428' title='bbox 1871 3925 1927 3966; x_wconf 92' lang='lat' dir='ltr'><strong>et</strong></span> <span class='ocrx_word' id='word_1_429' title='bbox 1950 3917 2152 3964; x_wconf 81' lang='lat' dir='ltr'><strong>lunatos</strong></span> <span class='ocrx_word' id='word_1_430' title='bbox 2171 3911 2307 3961; x_wconf 85' lang='lat' dir='ltr'><strong>forte</strong></span> <span class='ocrx_word' id='word_1_431' title='bbox 2325 3912 2548 3968; x_wconf 85' lang='lat' dir='ltr'><strong>calceos,</strong></span> <span class='ocrx_word' id='word_1_432' title='bbox 2593 3955 2598 3959; x_wconf 90' lang='lat'><strong>.</strong></span> 
     </span>
    </p>

    <p class='ocr_par' dir='ltr' id='par_1_23' title="bbox 1487 3987 2552 4275">
     <span class='ocr_line' id='line_1_69' title="bbox 1489 3987 2552 4061; baseline -0.011 -15"><span class='ocrx_word' id='word_1_433' title='bbox 1489 3997 1578 4061; x_wconf 88' lang='lat' dir='ltr'><strong>qui</strong></span> <span class='ocrx_word' id='word_1_434' title='bbox 1616 3994 1955 4045; x_wconf 87' lang='lat' dir='ltr'><strong>Senatoribus</strong></span> <span class='ocrx_word' id='word_1_435' title='bbox 1994 3998 2101 4041; x_wconf 78' lang='lat' dir='ltr'><strong>tam</strong></span> <span class='ocrx_word' id='word_1_436' title='bbox 2133 3988 2346 4054; x_wconf 85' lang='lat' dir='ltr'><strong>proprii.</strong></span> <span class='ocrx_word' id='word_1_437' title='bbox 2410 3987 2552 4036; x_wconf 85' lang='lat' dir='ltr'><strong>Mar·</strong></span> 
     </span>
     <span class='ocr_line' id='line_1_70' title="bbox 1489 4064 2549 4133; baseline -0.009 -12"><span class='ocrx_word' id='word_1_438' title='bbox 1489 4074 1601 4122; x_wconf 85' lang='lat' dir='ltr'><strong>tial.</strong></span> <span class='ocrx_word' id='word_1_439' title='bbox 1624 4071 1774 4133; x_wconf 81' lang='lat' dir='ltr'><strong>Epig.</strong></span> <span class='ocrx_word' id='word_1_440' title='bbox 1793 4075 1877 4120; x_wconf 82' lang='grc'><strong>29.</strong></span> <span class='ocrx_word' id='word_1_441' title='bbox 1899 4069 1990 4119; x_wconf 87' lang='lat' dir='ltr'><strong>lib.</strong></span> <span class='ocrx_word' id='word_1_442' title='bbox 2015 4081 2079 4117; x_wconf 83' lang='lat' dir='ltr'><strong>u.</strong></span> <span class='ocrx_word' id='word_1_443' title='bbox 2114 4068 2129 4095; x_wconf 93' lang='lat'>‘</span> <span class='ocrx_word' id='word_1_444' title='bbox 2149 4067 2269 4116; x_wconf 81' lang='lat' dir='ltr'><strong>Non</strong></span> <span class='ocrx_word' id='word_1_445' title='bbox 2304 4064 2549 4114; x_wconf 76' lang='lat' dir='ltr'><strong>hesterna</strong></span> 
     </span>
     <span class='ocr_line' id='line_1_71' title="bbox 1487 4141 2552 4208; baseline -0.007 -11"><span class='ocrx_word' id='word_1_446' title='bbox 1487 4149 1637 4197; x_wconf 82' lang='lat' dir='ltr'><strong>sedet</strong></span> <span class='ocrx_word' id='word_1_447' title='bbox 1657 4150 1838 4195; x_wconf 79' lang='lat' dir='ltr'><strong>lunata</strong></span> <span class='ocrx_word' id='word_1_448' title='bbox 1861 4145 2055 4208; x_wconf 80' lang='lat' dir='ltr'><strong>lingula</strong></span> <span class='ocrx_word' id='word_1_449' title='bbox 2088 4141 2340 4208; x_wconf 69' lang='lat' dir='ltr'><strong>planta.&#39;“&#39;</strong></span> <span class='ocrx_word' id='word_1_450' title='bbox 2364 4141 2552 4191; x_wconf 84' lang='lat' dir='ltr'><strong>Horat.</strong></span> 
     </span>
     <span class='ocr_line' id='line_1_72' title="bbox 1487 4221 2492 4275; baseline -0.005 0"><span class='ocrx_word' id='word_1_451' title='bbox 1487 4224 1668 4275; x_wconf 71' lang='lat' dir='ltr'><strong>Sat-6.</strong></span> <span class='ocrx_word' id='word_1_452' title='bbox 1691 4223 1778 4272; x_wconf 88' lang='lat' dir='ltr'><strong>lib.</strong></span> <span class='ocrx_word' id='word_1_453' title='bbox 1800 4238 1839 4273; x_wconf 87' lang='lat'><strong>1.</strong></span> <span class='ocrx_word' id='word_1_454' title='bbox 1866 4238 1940 4272; x_wconf 81' lang='lat' dir='ltr'><strong>vs.</strong></span> <span class='ocrx_word' id='word_1_455' title='bbox 1960 4227 2040 4272; x_wconf 74' lang='grc'><strong>27.</strong></span> <span class='ocrx_word' id='word_1_456' title='bbox 2228 4221 2232 4227; x_wconf 77' lang='grc'><em>’</em></span> <span class='ocrx_word' id='word_1_457' title='bbox 2487 4241 2492 4247; x_wconf 95' lang='grc'><em>·</em></span> 
     </span>
    </p>

    <p class='ocr_par' dir='ltr' id='par_1_24' title="bbox 1555 4295 2325 4362">
     <span class='ocr_line' id='line_1_73' title="bbox 1555 4295 2325 4362; baseline -0.006 -12"><span class='ocrx_word' id='word_1_458' title='bbox 1555 4299 1579 4331; x_wconf 71' lang='lat' dir='ltr'>f</span> <span class='ocrx_word' id='word_1_459' title='bbox 1611 4297 1889 4362; x_wconf 70' lang='lat' dir='ltr'><strong>Orchestra]</strong></span> <span class='ocrx_word' id='word_1_460' title='bbox 1921 4299 1984 4349; x_wconf 77' lang='lat' dir='ltr'><strong>Iu</strong></span> <span class='ocrx_word' id='word_1_461' title='bbox 2004 4295 2218 4351; x_wconf 83' lang='lat' dir='ltr'><strong>J&#39;ulio&#39;c.</strong></span> <span class='ocrx_word' id='word_1_462' title='bbox 2242 4301 2325 4347; x_wconf 78' lang='grc'><strong>39.</strong></span> 
     </span>
    </p>
   </div>
   <div class='ocr_carea' id='block_1_17' title="bbox 1369 4377 2422 4431">
    <p class='ocr_par' dir='ltr' id='par_1_25' title="bbox 1369 4377 2422 4431">
     <span class='ocr_line' id='line_1_74' title="bbox 1369 4377 2422 4431; baseline -0.006 -1"><span class='ocrx_word' id='word_1_463' title='bbox 1369 4380 1566 4431; x_wconf 77' lang='lat' dir='ltr'><strong>Sueten.</strong></span> <span class='ocrx_word' id='word_1_464' title='bbox 2377 4377 2422 4424; x_wconf 88' lang='lat' dir='ltr'>R</span> 
     </span>
    </p>
   </div>
  </div>
 </body>
</html>
