3019 4922
498 416 630 487 391)

498 600 669 665 puro
715 599 965 656 seren0,
998 577 1326 642 circulust
1373 577 1459 642 ad
1521 578 1817 661 speciem
1873 576 2176 642 coelestis
2223 595 2419 641 arcus
2462 577 2691 645 orbem

500 683 664 747 solis
711 681 985 745 ambiit:
1032 700 1113 744 ac
1142 679 1461 742 subindeu
1504 679 1549 743 J
1557 681 1735 757 uliae,
1771 678 2063 744 Caesaris
2094 679 2272 756 filiae,
2304 699 2693 744 monumen-

498 791 689 849 tumv
722 776 993 847 fulmine
1046 783 1259 846 ictum
1308 790 1466 846 est.⁹
1554 781 1780 846 Primo
1824 789 2046 845 autem
2092 783 2501 846 consulatu*
2551 783 2615 844 ei
2641 788 2694 818 ¹⁰

499 887 846 969 augurium
909 887 1252 969 capienti¹
1325 885 1682 963 duodecim
1735 906 1809 950 se
1863 885 2183 964 vulture5‚
2240 880 2315 949 ut
2373 885 2693 970 Remum,

1358 435 1422 482 G.
1468 432 1824 483 SUE'roNtt

1418 1083 1443 1102 O
1451 1082 1782 1102 “OOOOO‘O‘O

500 1219 589 1268 dat
625 1217 836 1265 Menum.
870 1216 1155 1265 sedem—9
1193 1216 1280 1264 Est
1317 1231 1418 1265 non
1459 1224 1729 1279 comparet
1768 1217 1817 1264 in
1842 1214 1998 1263 Vind.
2033 1217 2208 1263 1.-10
2247 1214 2310 1261 Εἰ
2343 1214 2524 1263 Burm.
2552 1216 2700 1266 malit

498 1286 699 1332 abesse.
753 1282 818 1330 In
843 1281 971 1343 Cop.
996 1281 1154 1330 Polit.
1178 1280 1375 1329 Medic.
1401 1285 1447 1330 1.
1481 1287 1546 1344 et,
1572 1281 1709 1345 quod
1737 1281 1876 1331 Oud.
1905 1280 2091 1342 placet.
2157 1280 2298 1328 Dein
2327 1278 2507 1327 eadem
2534 1282 2702 1329 varie-

502 1358 580 1398 tas
605 1346 967 1407 interjocinora
999 1353 1053 1395 et
1070 1345 1288 1405 jecinora
1309 1346 1411 1409 hic,
1448 1361 1509 1396 ac
1542 1361 1699 1409 supra
1721 1361 1838 1410 cap.
1864 1349 1944 1393 81.
1981 1345 2108 1393 Mox
2129 1343 2180 1391 in
2206 1342 2343 1392 Rom.
2368 1344 2518 1393 Voss.
2544 1354 2601 1394 et
2625 1346 2699 1394 in-

1487 1525 1698 1576 NOTAE

500 1628 625 1685 tem,
669 1623 943 1686 significet.
979 1625 1130 1688 liujus
1164 1626 1279 1674 loco
1321 1624 1558 1673 intellex-

499 1698 619 1755 erit,
647 1699 782 1761 quod
806 1700 874 1750 de
894 1701 981 1749 illa
1006 1709 1203 1753 tantum
1227 1710 1342 1751 erat
1366 1701 1553 1750 intelli·

503 1774 747 1836 gendum.
1484 1831 1486 1833 ,

562 1849 578 1881 6
620 1850 859 1914 circulus]
916 1853 1062 1901 Idem
1110 1861 1288 1902 narrat
1324 1852 1557 1902 Velleius

499 1926 591 1974 lib.
615 1940 674 1976 ιι.
694 1933 774 1977 59.
808 1936 861 1977 et
891 1930 1089 1979 Seneca
1119 1931 1205 1980 lib.
1238 1945 1299 1981 ιι.
1352 1931 1556 1982 Quaest.

504 2002 631 2050 Nat.
657 2017 704 2049 c·
726 2008 774 2051 2.
799 2005 883 2053 ubi
920 2007 935 2033 6
956 2005 1099 2055 halo'
1137 2007 1392 2069 Graecis,‘
1414 2022 1556 2057 coro·

502 2092 619 2126 nam
635 2078 648 2098 ’
675 2080 873 2128 Latinis
897 2082 999 2129 dici
1025 2083 1113 2143 ait,
1146 2091 1201 2132 et
1224 2081 1336 2131 fere
1357 2084 1559 2132 nonnisi

500 2153 744 2202 noctibus
766 2170 1036 2217 apparere,
1059 2171 1120 2206 ac
1143 2157 1282 2206 circa
1313 2159 1480 2206 lunam
1504 2166 1560 2208 et

502 2229 680 2277 stellas
718 2229 1098 2294 frequentiores
1134 2248 1243 2281 esse
1280 2234 1562 2298 subjungit.

504 2303 608 2352 Dio
630 2312 687 2352 et
716 2305 943 2354 Zonaras
985 2309 1150 2370 ipsum
1191 2309 1457 2358 coelestem
1483 2326 1562 2359 ar·

504 2392 618 2428 cum
639 2377 731 2444 ἶριν
752 2382 954 2433 scilicet
990 2382 1147 2432 fuisse
1170 2384 1364 2440 dicunt,
1396 2400 1564 2450 neque

503 2454 725 2518 Augusti
774 2460 1198 2522 magnitudinem,
1247 2460 1336 2511 sed
1384 2463 1563 2512 turbas

505 2547 624 2582 mox
649 2532 848 2583 futuras
873 2537 1150 2588 indicasse.

509 2635 512 2642 ·
569 2616 591 2640 ⁰
625 2609 857 2675 Subinde]
915 2614 1296 2679 Nonnunquam
1344 2618 1567 2667 sumitur

506 2698 602 2746 pro
626 2700 745 2734 mox
769 2689 849 2735 vel
872 2691 1065 2739 statim.
1121 2692 1374 2742 Horatius
1398 2694 1570 2757 Epist.

504 2763 555 2808 6.
580 2760 666 2810 lib.
693 2776 730 2811 1.
767 2766 783 2791 6
810 2766 1029 2827 primum
1069 2768 1314 2834 gaudere,
1350 2772 1568 2820 subinde

505 2835 838 2900 Praeceptum
880 2843 1122 2892 auriculis
1170 2846 1268 2895 hoc
1315 2848 1566 2899 instillare

507 2919 801 2970 memento!
868 2922 985 2972 Quo
1021 2938 1172 2974 sensu
1214 2928 1565 2991 prodigiosum

508 2993 674 3055 magis
697 3004 754 3054 et
777 2997 1075 3058 significans
1097 3002 1221 3052 illud
1258 3013 1394 3061 erat,
1413 3020 1567 3069 quarn

507 3069 551 3117 si
584 3070 864 3119 identidem
905 3073 1210 3127 decidisset:
1245 3081 1407 3129 adbuc
1432 3080 1568 3129 infra

509 3143 574 3191 de
609 3146 706 3195 hac
746 3162 873 3196 voce
914 3151 965 3196 in
1004 3151 1176 3201 Galba
1219 3168 1267 3202 c.
1313 3159 1357 3203 1.
1395 3162 1450 3204 et
1484 3160 1566 3205 10.

510 3219 779 3282 Ejusmodi
808 3221 1020 3274 fulmina
1054 3241 1238 3278 sereno
1268 3231 1401 3279 coelo
1422 3230 1567 3281 deci-

509 3297 687 3347 dentia
712 3298 960 3352 bellorum
991 3304 1218 3355 civilium
1259 3307 1447 3357 indicia
1491 3308 1570 3357 fu·

511 3387 619 3431 ere,
643 3383 700 3424 ut
723 3385 779 3425 et
803 3378 1067 3443 Virgilius,
1093 3382 1183 3432 lib.
1209 3397 1249 3432 1.
1283 3383 1568 3448 Georgico-

513 3466 642 3514 rum,
655 3462 899 3516 portenta
915 3473 1025 3521 quae
1042 3459 1077 3510 J
1083 3461 1168 3509 ulii
1189 3470 1405 3511 mortem
1423 3477 1568 3513 secu·

510 3536 564 3577 ta
586 3538 707 3580 sunt
729 3546 1069 3586 enumerans:
1108 3540 1126 3566 6
1146 3539 1263 3587 Non
1289 3540 1413 3589 alias
1438 3541 1570 3590 coelo

511 3604 815 3657 ceciderunt
838 3611 990 3673 plura
1011 3627 1195 3663 sereno
1218 3616 1443 3679 Fulgura
1460 3601 1572 3666 z'et

512 3682 751 3732 {arcanus
775 3685 862 3735 lib.
885 3700 923 3735 1.
947 3688 1084 3737 iuter
1113 3690 1233 3740 belli
1263 3693 1431 3741 civilis
1457 3708 1570 3755 pro·

512 3758 687 3822 digia:
721 3762 736 3788 6
761 3763 989 3813 Emicuit
1028 3769 1162 3816 coelo
1207 3769 1420 3818 tacitum
1461 3770 1572 3819 sine

512 3835 733 3884 nubibus
757 3839 873 3886 ullis
904 3841 1153 3893 Fulmen!
1220 3845 1372 3896 Quod
1397 3851 1571 3896 tamen

513 3911 566 3959 in
592 3914 774 3962 malam
810 3924 1010 3978 partem
1036 3934 1135 3967 non
1159 3934 1362 3985 semper
1381 3936 1572 3985 accep-

515 3993 625 4110 ἓιπι
661 3997 761 4047 est,
796 4000 853 4041 ut
890 4008 957 4042 ex
995 3997 1217 4060 Virgilio
1250 3999 1453 4049 AEneid.
1494 4012 1575 4049 lx.

570 4078 615 4112 c.

581 4146 619 4171 '-
635 4141 785 4189 Julioe
804 4178 822 4196 ,Α
835 4178 849 4193 .
868 4179 881 4192 .
900 4180 913 4195 ,
937 4152 1302 4214 monumentum]
1344 4150 1405 4199 In
1424 4152 1573 4201 Cam·

517 4228 605 4340 gol
623 4216 835 4279 Martio,
875 4219 940 4269 de
980 4239 1082 4286 quo
1127 4241 1286 4290 supra
1319 4242 1367 4278 c.
1400 4232 1483 4277 84.
1520 4228 1572 4277 in

558 4306 587 4339 u
613 4325 626 4339 .

1701 1631 1733 1655 '¹'
1768 1625 1933 1673 Primo
1976 1629 2134 1674 autem
2172 1623 2437 1686 consulatu]
2499 1621 2699 1683 Auctor

1637 1701 1854 1769 estDio,
1873 1700 1925 1748 id
1944 1702 1991 1749 ei
2014 1701 2296 1764 contigisse
2318 1701 2479 1763 primo
2499 1698 2584 1748 die
2601 1698 2698 1746 Co-

1638 1778 1896 1826 mitiorum
1922 1778 2142 1832 illorum,
2167 1777 2350 1839 quibus
2372 1775 2569 1824 Consul
2591 1771 2696 1821 fac·

1638 1860 1719 1902 tus
1763 1861 1871 1902 est:
1908 1854 2047 1902 unde
2093 1853 2295 1915 colligit
2343 1850 2699 1910 casaubonus,

1639 1945 1791 1979 voces
1812 1933 1826 1957 ‘
1847 1931 2008 1993 primo
2030 1928 2326 1979 consulatu'
2348 1929 2422 1976 ita
2438 1941 2543 1974 non
2558 1925 2698 1974 acc-i·

1641 2007 1855 2070 piendas
1878 2006 2022 2070 quasi
2053 2006 2164 2068 jam
2187 2004 2380 2054 Consul
2403 2000 2592 2051 fuisset
2615 2013 2691 2048 re-

1640 2084 1924 2144 nuntiatus,
1949 2081 2038 2130 sed
2064 2081 2183 2128 dum
2208 2086 2445 2140 captaret
2463 2077 2700 2140 auguria,

1643 2173 1757 2222 quai
1792 2159 2088 2208 consulatus
2124 2155 2412 2206 candidatis
2454 2154 2520 2202 de
2557 2165 2700 2201 more

1642 2234 1895 2299 capienda
1931 2240 2098 2283 erant.
2165 2233 2361 2281 Contra
2381 2238 2575 2289 tamen,
2613 2227 2701 2276 alii

1646 2311 1710 2360 de
1734 2311 1975 2374 Augusto
2008 2311 2330 2360 consulatum
2366 2308 2580 2355 ineunte
2610 2306 2701 2354 s'eu

1644 2389 1947 2451 auspicante
1990 2388 2158 2436 locum
2191 2386 2325 2433 hunc
2362 2381 2598 2432 Suetonii
2648 2387 2703 2429 et

1646 2465 1859 2513 aliorum
1891 2464 2184 2513 testimonia
2216 2463 2280 2511 de
2317 2457 2703 2524 magistratibus

1644 2539 1991 2603 auspicaturis
2016 2537 2330 2599 intelligunt.

1708 2622 1734 2648 ¹
1767 2616 2036 2676 Augurium
2049 2612 2275 2676 capienti]
2300 2612 2449 2660 More
2466 2623 2495 2656 a
2516 2610 2703 2657 Romu·

1643 2692 1694 2741 lo
1719 2692 1979 2750 instituto,
1994 2688 2261 2738 candidati
2290 2685 2597 2735 dicebantur
2618 2699 2702 2732 au-

1644 2770 1844 2832 gurium
1868 2780 2081 2829 capere,
2103 2779 2220 2813 eum
2245 2771 2416 2824 nocte,
2436 2762 2522 2811 cui
2539 2760 2710 2810 Comi·

1645 2846 1835 2896 tiorum
1860 2844 1967 2894 dies
2004 2843 2304 2891 illucescere
2337 2839 2586 2895 debebat,
2607 2836 2709 2900 ipsi

1645 2923 1910 2973 cubabant
1946 2927 2097 2970 extra
2149 2917 2346 2977 urbem,
2385 2930 2448 2964 eo
2493 2916 2548 2963 in
2596 2916 2710 2964 loco

1648 3013 1799 3063 quem
1831 3011 2050 3061 augures
2085 2994 2245 3044 certis
2278 2991 2588 3042 cerimoniis
2616 2990 2709 3038 hac

1647 3076 1711 3123 de
1745 3086 1900 3124 causa
1935 3077 2320 3131 consecrarent,
2355 3068 2549 3134 quique
2573 3074 2709 3117 tem·

1650 3153 1788 3214 plum
1837 3151 2124 3206 dicebatur.
2190 3147 2267 3197 Ibi
2305 3161 2420 3195 cum
2459 3146 2712 3195 illuxerat

1650 3228 1731 3276 vel
1753 3227 1994 3277 sedentes
2018 3226 2182 3276 solida
2209 3225 2353 3280 sella,
2379 3229 2437 3271 ut
2459 3237 2528 3271 ex
2555 3223 2710 3270 Festo

1649 3303 1703 3351 in
1726 3318 1854 3353 voce
1894 3304 1910 3329 6
1933 3301 2125 3352 solida'
2165 3300 2325 3349 tradit
2355 3296 2711 3355 casaubonus,

1650 3382 1732 3429 vel
1768 3387 1987 3443 stantes,
2021 3386 2079 3429 ut
2117 3378 2184 3427 de
2220 3376 2437 3426 Romulo
2474 3374 2713 3423 Halicar-

1650 3473 1860 3508 nasseus
1899 3457 1988 3507 lib.
2026 3470 2088 3505 u.
2122 3454 2286 3508 initio,
2317 3451 2561 3501 mactatis
2595 3452 2712 3499 inde

1651 3536 1898 3594 victimis,
1918 3532 2046 3581 felix
2066 3529 2273 3595 aliquod
2296 3530 2494 3590 signum
2521 3539 2715 3589 expec-

1653 3611 1856 3660 tabant.
1895 3608 2011 3658 Hoc
2043 3608 2096 3655 in
2128 3606 2520 3670 magistratuum
2548 3602 2717 3651 Comi-

1650 3688 1742 3737 tiis
1774 3686 1904 3735 dicit
1929 3685 2263 3733 observatum
2298 3679 2435 3729 idem
2477 3678 2713 3727 Halicar-

1652 3778 1886 3823 nasseus,
1908 3762 2062 3810 etiam
2085 3767 2200 3822 post
2224 3756 2485 3806 sublatam
2510 3767 2715 3801 monar-

1653 3840 1850 3889 chiam:
1886 3852 1978 3887 sua
2013 3850 2133 3883 vero
2169 3841 2349 3890 aetate,
2382 3845 2499 3895 quae
2533 3837 2588 3879 et
2611 3828 2718 3878 Au·

1654 3917 1789 3980 gusti
1810 3914 1928 3969 fuit,
1954 3910 2157 3963 nonnisi
2181 3908 2438 3973 quandam
2453 3906 2587 3969 juris
2622 3904 2719 3953 illi·

1653 4008 1714 4042 us
1750 3992 2027 4055 imaginem
2072 3985 2374 4035 remansisse
2394 4000 2409 4041 3
2449 3996 2546 4031 nec
2577 3981 2716 4029 enim

1654 4067 2009 4133 expectabant
2034 4077 2217 4114 revera
2245 4062 2411 4110 donec
2438 4073 2494 4107 se
2516 4058 2717 4120 signum

1656 4144 1863 4209 aliquod
1912 4141 2235 4197 ostenderet,
2289 4136 2382 4184 sed
2438 4133 2562 4182 satis
2603 4145 2718 4180 esse

1655 4225 1756 4273 rati
1777 4222 1819 4270 si
1838 4222 2030 4271 nullum
2052 4213 2453 4272 intercessisset,
2490 4208 2719 4274 peractis

1653 4297 1961 4350 caerimoniis
2011 4295 2075 4344 ad
2135 4292 2500 4355 magistratum
2541 4294 2721 4350 peten-
