3019 4922
1203 405 1599 457 oc'rAVmS.
2377 405 2508 471 373

322 541 745 624 religiones&
788 546 991 612 talem
1023 551 1424 634 accepimus.
1514 555 1834 624 Tonitrua
1872 567 1942 625 et
1989 562 2255 646 fulgura
2304 569 2501 650 paulo

317 642 637 710 infirmius
668 654 1209 735 expavescebat3
1254 661 1330 719 ut
1375 677 1629 741 semper
1672 666 1740 724 et
1768 663 2016 747 ubique
2049 668 2280 749 pellem
2311 671 2502 734 vituli

316 747 551 820 marini
574 757 602 784 ¹²
631 752 1078 821 circumferret
1095 778 1218 840 pro
1247 761 1559 837 remedio,
1582 768 1786 847 atque
1820 766 1904 829 ad
1937 787 2198 846 omnem
2226 771 2497 855 majoris

317 855 731 933 tempestatis
779 858 1239 939 suspicionem
1285 863 1351 924 in
1401 865 1704 930 abditum
1752 875 1818 932 et
1874 876 2446 937 concameratum⁷
2473 884 2500 910 V

309 951 530 1017 locum
563 975 638 1020 se
668 960 1028 1043 reciperet3
1074 972 1543 1030 consternatus
1595 970 1756 1034 olim
1792 978 1914 1053 'per
1941 974 2340 1039 nocturnum
2375 979 2495 1041 iter

307 1060 685 1123 transcursu
712 1061 1017 1145 fulguriS,
1050 1071 1126 1130 ut
1154 1069 1642 1150 praediximus.⁸
1669 1081 1707 1108 W
1771 1077 1934 1160 [91.]
1966 1076 2238 1142 Somnia
2275 1098 2490 1162 neque

305 1177 451 1237 sua,
509 1181 730 1245 neque
785 1166 1006 1231 aliena
1065 1169 1148 1233 de
1199 1179 1326 1249 se,³‘
1379 1173 1773 1256 negligebat.
1862 1171 2282 1263 Philippensi
2313 1181 2485 1258 acie,

1200 1371 1501 1393 “mOO‘OO
1509 1375 1566 1392 θ’

295 1532 350 1575 et
373 1542 489 1604 mox
512 1531 698 1604 admon.
722 1532 827 1581 sine
850 1549 936 1596 que
958 1535 1182 1598 Cop.—6
1217 1537 1386 1600 Releg.
1421 1539 1632 1589 Memm.
1655 1548 1707 1590 et
1732 1542 1804 1592 ita
1828 1558 2050 1607 semper,
2065 1551 2124 1594 ut
2145 1543 2278 1597 infra
2297 1549 2484 1610 negleg.

297 1592 407 1657 CuJ.
438 1608 669 1670 regiones,
698 1611 810 1647 cum
844 1599 1041 1649 Medic.
1078 1605 1122 1649 1.
1166 1604 1441 1664 religionem
1474 1605 1629 1655 vind.
1657 1614 1703 1657 1.
1772 1609 1879 1657 Pro
1918 1624 2159 1672 expavese.
2188 1625 2347 1675 marg.
2378 1614 2478 1663 Ed.

294 1658 413 1706 Bas.
456 1665 794 1736 extenuem—7
833 1664 1162 1715 Concamarat.
1202 1669 1413 1717 Memm.
1474 1678 1794 1722 concavet-nat.
1830 1674 1976 1724 Cort.
2015 1675 2147 1724 Edd.
2178 1677 2323 1727 Rom.
2361 1693 2477 1740 quae

292 1737 405 1771 mox
418 1721 746 1785 fulgorum—8
780 1728 864 1777 Ita
885 1738 995 1794 opt.
1020 1732 1122 1781 Ms.
1144 1733 1287 1781 Torr·
1322 1734 1452 1796 Cop.
1487 1736 1600 1799 an.
1637 1745 1740 1786 tres
1763 1738 1956 1788 Medic.
1978 1740 2130 1791 Vind.
2164 1748 2332 1806 uterq.
2355 1743 2478 1793 Pin.

293 1787 432 1838 Dun.
459 1791 607 1839 Voss.
632 1807 791 1856 marg.
827 1795 927 1846 Ed.
960 1796 1081 1846 Bas.
1124 1795 1207 1848 Al.
1239 1800 1484 1861 supradix.
1523 1800 1660 1866 quod
1691 1803 1870 1853 Burm.
1890 1804 2129 1869 praefert,
2147 1812 2203 1856 ut
2225 1807 2478 1858 Latinius.

1275 1981 1323 2031 N
1330 1981 1492 2032 OTAE

285 2069 573 2137 hujusmodi
606 2072 871 2135 poetarum
896 2077 1148 2128 exercitio
1165 2079 1338 2128 Satira
1416 2080 1643 2130 Plinium
1689 2080 1889 2146 magica
1929 2082 2092 2149 multa
2140 2087 2193 2130 et
2239 2080 2472 2134 fabulosa

284 2161 320 2194 1.
357 2145 616 2197 ‘Securus
654 2150 776 2199 lieet
811 2152 1023 2201 AEneam
1066 2154 1337 2203 Rutulum·
1413 2167 1692 2208 narrantur
1715 2160 1802 2210 lib.
1823 2174 2025 2211 xxvm.
2051 2176 2098 2210 c.
2121 2165 2168 2210 8.
2197 2161 2471 2213 Palladius

283 2242 381 2291 que
404 2226 631 2278 ferocem
670 2229 993 2295 committas,
1015 2235 1142 2285 nulli
1167 2237 1336 2299 gravis
1411 2237 1497 2286 lib.
1524 2253 1562 2287 1.
1597 2232 1818 2302 cap.‘36.
1841 2240 2108 2304 utriusque
2137 2239 2326 2302 pellem
2362 2232 2469 2289 ani-

281 2310 360 2354 est
385 2319 659 2368 percussus
687 2305 950 2358 Achilleae

338 2388 357 2412 ⁸
383 2382 681 2448 Obsolefieri]
695 2384 926 2435 Ludieris
941 2386 1186 2449 ejusmodi
1202 2405 1332 2453 prae·

276 2467 422 2509 erant
447 2469 733 2523 praetores:
770 2461 886 2511 ideo
932 2466 1174 2514 monebat
1217 2467 1330 2516 illos

274 2550 339 2583 ne
363 2543 419 2584 et
455 2536 659 2586 misceri
701 2551 883 2587 nomen
920 2554 1066 2588 suum
1098 2541 1330 2592 sinerent

271 2620 326 2660 et
358 2612 707 2675 dehonestari,
747 2616 827 2665 vel
859 2617 1061 2666 insulsis
1094 2620 1327 2669 commis·

270 2688 469 2737 sionum
496 2688 749 2751 versibus,
788 2692 866 2741 vel
901 2699 1166 2743 auctorum
1191 2693 1324 2745 forte

271 2764 588 2828 quorundam
614 2766 940 2831 indignitate.

328 2842 346 2873 t
379 2840 680 2905 Religiones]
710 2843 875 2907 Supra
898 2858 1015 2907 cap.
1034 2849 1115 2895 31.
1134 2845 1200 2894 de
1217 2845 1323 2897 Au-

265 2919 403 2981 gusti
421 2933 545 2982 erga
559 2920 700 2970 Deos
722 2918 933 2985 pietate,
952 2936 1086 2971 nunc
1103 2922 1170 2972 de
1188 2924 1323 2987 ejus-

265 2996 380 3046 dem
428 2998 812 3061 superstitione,
860 3014 975 3063 qnae
1014 2999 1320 3052 nihinaliud

246 3080 361 3137 est,
401 3088 554 3139 qnam
610 3076 915 3126 meticulosa
952 3076 1187 3140 quaedam
1230 3079 1320 3130 ob-

261 3152 490 3202 servatio
513 3167 708 3216 eorum,
742 3169 858 3218 quae
893 3169 1007 3203 esse
1032 3170 1062 3204 a
1086 3157 1201 3205 Diis
1230 3173 1318 3206 ex-

262 3227 576 3279 istimantur.

323 3312 346 3338 ¹¹
388 3306 543 3355 Vituli
558 3307 754 3372 marini]
778 3310 862 3358 De
878 3308 974 3359 hac
990 3310 1313 3375 antiquorum

256 3383 611 3445 persuasione,
634 3400 784 3449 quam
808 3386 1035 3449 ineptam
1058 3387 1209 3438 multi
1227 3403 1314 3437 ve-

258 3458 570 3508 rosimillime
594 3460 947 3518 crediderunt,
985 3462 1185 3512 Plinius
1221 3463 1312 3515 lib.

253 3548 317 3584 ιι.
353 3550 399 3587 c.
423 3542 505 3585 ⁵5.
540 3537 875 3587 tabernacula
904 3553 969 3588 ex
1000 3553 1176 3588 eorum
1201 3540 1312 3603 pel-

238 3601 386 3668 ,libus
419 3611 657 3663 factitata
687 3623 881 3673 narrat,
904 3615 1211 3680 ‘quoniam,’
1236 3617 1310 3665 in-

250 3679 381 3753 quit,
420 3690 550 3739 ‘lroc
584 3691 747 3740 solum
787 3691 972 3741 animal
1004 3706 1067 3740 ex
1100 3693 1310 3743 marinis

248 3781 352 3816 non
394 3768 654 3830 percutiat
676 3766 949 3833 (fulmen),
980 3769 1115 3818 sicut
1149 3783 1246 3819 nec
1279 3785 1309 3820 e

250 3844 545 3894 volucribus
568 3844 806 3908 aquilam,
823 3860 938 3909 quae
960 3847 1025 3896 ob
1040 3846 1135 3896 hoc
1158 3848 1307 3897 armi·

247 3935 339 3986 ger
382 3922 536 3986 hujus
576 3923 666 3971 teli
711 3922 957 3987 fingitur.’
1022 3924 1203 3975 Refert
1239 3926 1306 3976 de

244 4000 450 4064 hyaena,
475 4014 589 4064 quae
614 4000 721 4064 lupi
746 4011 904 4064 genus
927 4010 1009 4052 est
1028 4001 1305 4054 Aristoteli

244 4075 334 4125 lib.
360 4090 435 4126 vr.
457 4076 525 4125 de
547 4075 782 4126 Historia
810 4078 1098 4126 animalium
1136 4093 1183 4130 c.
1222 4084 1303 4131 32.

242 4152 412 4216 quiet
435 4152 488 4201 in
517 4150 701 4201 eodem
737 4166 894 4213 opere
931 4155 1120 4218 passim
1153 4156 1301 4206 vituli

240 4228 430 4277 marini
455 4226 703 4291 meminit,
735 4228 917 4278 nullibi
940 4235 1114 4279 tamen
1150 4232 1299 4295 hujus

240 4303 493 4354 miraculi.
564 4303 648 4351 De
690 4304 871 4368 hyaena
912 4318 1113 4370 quoque
1158 4308 1296 4372 apud

1408 2314 1554 2363 malis
1577 2314 1823 2365 adversus
1856 2315 2154 2380 grandinem
2181 2317 2464 2367 remedium

1408 2388 1632 2454 profert.
1692 2391 1704 2403 ⁹

1472 2474 1492 2499 v
1532 2466 1944 2532 concameratum]
1984 2468 2186 2530 Legunt
2198 2468 2284 2516 alii
2301 2484 2464 2518 conca-

1402 2552 1662 2608 canatum,
1707 2546 1842 2610 quod
1896 2535 2124 2599 verbum,
2168 2559 2461 2610 quanquam

1399 2637 1720 2685 novum,non
1740 2623 2278 2687 displicetTorrentio,
2303 2639 2458 2688 prop-

1400 2706 1483 2750 ter
1512 2703 1682 2750 locum
1706 2716 1861 2765 supra
1883 2702 2100 2751 citatum
2123 2714 2188 2749 ex
2212 2700 2302 2749 lib.
2325 2715 2389 2751 n.
2413 2717 2460 2750 c.

1397 2783 1478 2828 55.
1502 2778 1681 2840 Plinii,
1693 2778 1932 2832 dicentis,
1948 2791 2048 2827 non
2061 2777 2215 2826 altius
2233 2776 2459 2843 quinque

1398 2853 1613 2917 pedibus
1652 2868 1875 2919 unquam
1907 2852 2225 2903 descendere
2266 2854 2317 2903 in
2355 2861 2458 2905 ter·

1396 2945 1536 2993 ram3
1562 2946 1721 2995 quare
1744 2931 1920 2996 pavidi
1936 2931 2146 2981 altiores
2169 2927 2355 2994 specus
2373 2938 2455 2982 tu·

1396 3009 1620 3060 tissimus
1643 3003 1916 3073 putabant.
1983 3008 2130 3058 Idem
2162 3016 2217 3058 et
2253 3009 2454 3059 Seneca

1394 3085 1484 3137 lib.
1534 3100 1612 3136 vl.
1669 3086 1995 3136 Naturalium
2049 3085 2249 3136 Qnaest.
2301 3098 2348 3135 c.
2402 3089 2452 3134 1.

1392 3164 1408 3192 ‘
1427 3162 1688 3215 Adversus
1705 3164 1935 3214 tonitrua
1951 3169 2005 3212 et
2025 3162 2188 3211 minas
2201 3162 2318 3211 coeli
2332 3161 2452 3211 sub·

1392 3248 1647 3291 terraneae
1681 3241 1874 3297 domus,
1913 3248 1969 3289 et
1998 3238 2186 3289 defossi
2211 3240 2261 3287 in
2286 3240 2449 3288 altum

1389 3331 1576 3379 specus
1613 3316 1840 3365 remedia
1867 3323 2002 3364 sunt.
2070 3313 2214 3377 Ignis
2235 3315 2320 3364 ille
2343 3329 2446 3363 coe-

1388 3392 1537 3440 lestis
1571 3405 1672 3441 non
1697 3392 2085 3441 transverberat
2119 3397 2324 3445 terram,
2351 3391 2444 3439 sed

1388 3468 1577 3530 exiguo
1594 3468 1705 3532 ejus
1728 3468 1938 3531 objectu
1963 3466 2293 3515 retunditur.'
2438 3483 2441 3488 ·

1449 3552 1483 3577 w
1517 3543 1842 3593 Proedioe‘imus
1863 3544 2028 3607 [supra
2047 3540 2279 3605 diximus]
2311 3542 2442 3606 Cap.

1384 3624 1466 3669 29.
1492 3618 1597 3670 Alii
1619 3622 1798 3684 legunt
1812 3620 2138 3684 proediximus.

1446 3706 1474 3732 ¹
1509 3700 1676 3763 Neque
1691 3700 1845 3748 alienu
1866 3700 1924 3747 de
1943 3697 2016 3761 se]
2054 3694 2243 3746 Forsan
2267 3710 2442 3746 exem·

1384 3777 1472 3839 plo
1501 3775 1536 3825 J
1544 3775 1650 3831 ulii,
1672 3775 1758 3840 qui
1781 3775 1870 3823 illa
1892 3774 2211 3835 neglexerat,
2239 3770 2441 3821 cautior

1382 3851 1715 3909 factusssibi
1759 3864 1958 3916 quoque
2000 3858 2102 3897 tam
2157 3845 2438 3897 infeliciter

1382 3928 1654 3995 aliquando
1707 3943 1772 3978 ne
1821 3926 2051 3988 cederet,
2092 3926 2225 3990 qnod
2270 3926 2438 3976 innuit

1381 4008 1617 4056 Valerius
1662 4006 1748 4055 lib.
1779 4019 1818 4054 1.
1858 4019 1976 4066 cap.
2008 4009 2057 4052 5.
2136 4002 2299 4052 Notat
2339 4002 2434 4052 Ca-

1380 4083 1638 4133 saubonus
1670 4097 1736 4131 ex
1772 4079 2099 4130 Artemidoro
2129 4078 2221 4128 lib.
2244 4092 2285 4127 1.
2318 4093 2436 4141 cap.

1378 4164 1426 4209 2.
1451 4161 1609 4209 moris
1649 4158 1846 4222 antiqui
1883 4155 2058 4218 fnisse,
2097 4162 2154 4205 ut
2189 4155 2433 4220 quicquid

1380 4236 1595 4301 quisque
1617 4234 1684 4285 de
1719 4233 2008 4296 Republica
2029 4231 2352 4285 somniasset,
2375 4232 2433 4279 il·

1377 4303 1474 4362 lud'
1500 4313 1581 4362 vel
1619 4312 1871 4377 praeconis
1908 4324 2055 4367 voce,
2081 4308 2162 4359 vel
2195 4306 2428 4371 pittacio.
