3019 4922
480 377 608 441 150

482 536 691 602 dedit.
778 533 1072 599 Tertium
1105 540 1171 598 et
1189 539 1494 618 quartum
1520 533 1940 597 consulatum
1968 532 2159 597 titulo
2184 538 2374 598 tenus
2400 533 2672 615 gessit‚⁴

485 644 833 705 contentus
866 638 1215 703 dictaturae
1260 634 1630 720 potestate,
1675 637 1960 701 decretae
2010 655 2162 700 cum
2211 635 2672 700 consulatibus

486 742 727 808 simul:
758 750 958 826 atque
985 747 1265 824 utroque
1294 760 1462 805 anno
1485 750 1513 776 ⁸
1539 741 1731 805 binos
1765 739 2099 806 Consules
2123 739 2468 804 substituit
2494 739 2628 803 sibi
2646 736 2678 774 ὓ

484 849 550 910 in
580 856 803 910 ternos
826 846 1232 909 novissimos
1263 863 1566 925 menses;
1596 846 1697 909 ita
1727 853 1800 908 ut
1819 843 2040 908 medio
2069 848 2365 926 tempore
2395 841 2671 906 comitia

481 948 664 1013 nulla
696 948 1054 1024 habuerit,c
1100 954 1338 1031 praeter
1385 948 1831 1012 Tribunorum
1850 945 1878 982 ‘¹
1923 955 1993 1010 et
2044 945 2363 1009 AEdilium
2413 945 2627 1029 plebis
2653 964 2674 1022 ;

485 1051 984 1134 Praesectosque
1015 1069 1138 1133 pro
1171 1050 1619 1114 Praetoribuse
1663 1050 2102 1126 constituerit,
2137 1049 2250 1133 qui
2284 1056 2617 1132 praesente
2644 1053 2669 1091 ⁵

1338 391 1401 436 G.
1449 388 1804 437 Suu'rouu

1408 1227 1772 1252 ”eemeeaeoo

485 1364 646 1417 nullos.
715 1363 819 1413 Pro
850 1380 906 1415 ac
938 1363 1098 1412 Fouc.
1128 1365 1294 1411 ‹za—4
1331 1361 1465 1409 Gess.
1499 1365 1595 1410 ten.
1631 1360 1808 1425 Cujac.
1860 1359 2078 1409 Inferius
2112 1361 2163 1409 in
2185 1365 2381 1422 utroque
2401 1359 2551 1408 Huls.
2606 1358 2707 1408 l'nl

484 1431 653 1479 Periz.
685 1428 1098 1492 distinguebatur
1128 1442 1234 1477 cum
1262 1426 1611 1475 consulatibus.-
1661 1427 1912 1475 σίνηαι-5
1965 1425 2266 1487 corrigebat
2304 1427 2452 1474 Torr.
2487 1425 2678 1474 absente

481 1510 549 1553 se,
583 1496 721 1558 Lips.
752 1509 837 1557 pro
867 1509 936 1557 se,
969 1493 1148 1543 Burin.
1176 1491 1505 1554 praescrihente
1538 1506 1605 1551 se,
1639 1492 1717 1539 vel
1754 1497 1798 1539 et
1832 1497 2063 1552 presente
2084 1506 2150 1552 se,
2182 1490 2423 1540 Perizou.
2458 1489 2676 1553 proficis-

483 1567 612 1609 cente
644 1575 710 1620 se,
742 1561 864 1609 Eru-
891 1564 1136 1623 praeeuute
1167 1572 1235 1614 se,
1270 1555 1408 1605 Oud.
1439 1562 1714 1620 presentes,
1749 1556 1923 1604 Breuni
1956 1558 2100 1605 etiam
2120 1564 2352 1618 proesente
2372 1570 2440 1616 se,
2462 1556 2675 1605 Fabrie.

486 1625 552 1672 ad
577 1625 726 1673 Dion.
753 1638 910 1673 xuni.
936 1627 1016 1672 28.
1035 1638 1122 1687 pro
1142 1637 1220 1685 pr.
1243 1637 1310 1684 se,
1330 1622 1555 1685 Baumg⁸
1581 1637 1664 1684 pro
1686 1621 1872 1671 absente
1893 1637 1960 1670 se.
2004 1620 2108 1670 Alii
2138 1624 2436 1685 presidente.
2456 1622 2676 1671 Casaub.

485 1705 599 1738 cum
623 1689 780 1740 Wolf.
806 1690 1008 1741 Corsin.
1027 1688 1233 1738 Ruhnk.
1264 1687 1675 1736 emendationem
1712 1688 1791 1736 vel
1838 1686 1996 1751 Lipsii
2025 1687 2106 1736 vel
2126 1689 2272 1737 Torr.
2299 1687 2675 1751 praeferunte-

1466 1886 1513 1937 N
1524 1886 1688 1938 01·AE

487 2002 708 2052 Caesaris
765 2002 1072 2064 Dictatoris,
1115 2003 1277 2067 legem
1335 2004 1540 2056 ferente

485 2079 564 2128 Μ.
591 2077 842 2141 Antonio,
862 2078 1034 2128 Marci
1062 2079 1170 2129 filio
1193 2082 1422 2138 consule,
1444 2083 1478 2133 J
1485 2098 1540 2131 u-

485 2158 583 2204 lius
618 2156 910 2219 appellatus
934 2165 1033 2218 est,
1068 2158 1202 2222 quod
1222 2160 1319 2209 hoc
1346 2175 1540 2223 mense,

486 2233 550 2283 ad
596 2242 835 2298 quartum
882 2234 1008 2284 Idus
1054 2237 1322 2302 Quintilis,
1368 2237 1540 2288 Julius

485 2316 785 2373 procreatus
803 2310 907 2360 sit.'

549 2392 574 2417 ²¹
610 2387 780 2435 NuIlos
806 2386 921 2451 non]
957 2387 1178 2439 Codices
1221 2391 1415 2455 vulgati
1447 2407 1541 2443 mm

487 2465 641 2513 nullos
681 2464 896 2525 habent,
945 2465 1086 2529 'qiiod
1145 2481 1241 2517 nec
1305 2468 1540 2533 ineptum

487 2549 596 2589 est:
634 2555 731 2589 nec
773 2542 905 2590 enim
946 2556 1122 2592 omnes
1148 2544 1367 2595 honores
1393 2560 1537 2608 pror-

485 2632 570 2667 sus
610 2618 706 2667 sibi
740 2619 1026 2683 usurpavit,
1050 2621 1302 2685 siquidem
1343 2624 1538 2689 aliquos

484 2694 636 2744 titulo
660 2704 806 2744 tenus
840 2698 1096 2759 exercuit,
1127 2704 1180 2746 et
1202 2712 1290 2746 eos
1316 2698 1537 2748 duntax-

486 2780 543 2821 at
579 2773 725 2836 cepit
779 2771 1048 2839 deditque,
1093 2789 1309 2839 quorum
1337 2775 1430 2840 ,hic
1476 2775 1538 2827 fit

486 2852 822 2901 enumeratio.
1431 2842 1451 2871 ⁰

544 2934 567 2968 5
604 2927 764 2976 Titulo
780 2928 937 2991 tenus]
961 2928 1191 2979 Habenti
1213 2930 1406 2994 quippe
1431 2945 1535 2980 ma-

473 3003 643 3066 jorem
662 3004 1315 3066 potestatem,dictaturam
1334 3021 1539 3072 nempe,

483 3079 677 3127 inutilis
700 3086 814 3127 erat
835 3080 1145 3129 consulatus.

547 3165 568 3188 ²
605 3156 725 3204 Cum
747 3155 1081 3226 consulatibus]
1111 3158 1174 3207 Id
1201 3173 1401 3224 quoque
1419 3175 1540 3210 con-

485 3239 564 3280 tra
589 3234 757 3296 leges;
785 3233 912 3282 duos
936 3235 1072 3283 enim
1096 3237 1429 3299 magistratus
1451 3253 1540 3301 ge-

487 3328 603 3362 rere
626 3314 863 3363 vetitum.

550 3398 574 3423 ⁸
613 3391 824 3454 Utroque
864 3391 1009 3456 anno]
1048 3392 1165 3442 Hoc
1198 3400 1280 3443 est
1304 3395 1462 3445 tertio
1485 3401 1541 3445 et

486 3475 668 3530 quarto
687 3467 799 3532 ejus
820 3469 1105 3518 consulatu.
1157 3469 1275 3520 Quo
1298 3470 1412 3519 loco
1435 3485 1540 3522 nnn

484 3547 725 3596 convenit
744 3547 1023 3597 Suetonius
1039 3563 1153 3598 cum
1179 3550 1240 3598 iis
1261 3551 1347 3615 qui
1374 3549 1538 3601 fastos

482 3624 877 3675 concinnarunt.
948 3625 1127 3675 Tertio
1150 3627 1343 3692 quippe
1366 3628 1539 3678 Caesa-

485 3701 553 3748 ris
600 3703 872 3751 consulatu
917 3703 1171 3752 neminem
1219 3705 1291 3753 illi
1351 3706 1541 3756 substi-

485 3785 657 3840 tuunt,
701 3779 940 3843 solusque
982 3780 1079 3828 hoe
1115 3795 1250 3829 anno
1281 3781 1542 3844 reperitur

483 3869 598 3902 cum
640 3855 846 3904 Caesare
901 3856 976 3905 M.
1024 3855 1258 3907 AEmilius
1294 3857 1544 3921 Lepidus,

483 3931 783 3995 quicollega
805 3933 939 3981 idem
964 3941 1016 3981 et
1033 3935 1291 3999 Magister
1307 3937 1537 4000 equitum

481 4007 530 4055 ei
563 4006 738 4057 fuerit.
806 4010 868 4058 In
908 4019 1092 4072 quarto
1123 4015 1391 4064 consulatu
1421 4014 1538 4063 sub-

484 4083 723 4134 stitutum
749 4098 922 4133 omnes
940 4090 1301 4139 consentiuntx
1328 4089 1419 4138 sed
1434 4090 1539 4145 alii,

484 4169 543 4210 ut
578 4159 677 4209 Dio
713 4161 801 4210 lib.
826 4174 981 4211 κιιιι.
1020 4163 1084 4211 ad
1125 4179 1307 4215 aunum
1331 4171 1445 4216 708.
1468 4168 1538 4220 Q.

483 4239 683 4287 scilicet
710 4238 922 4287 Fabium
944 4238 1242 4301 Maximum,
1259 4251 1312 4292 et
1336 4245 1395 4294 C.
1412 4245 1538 4292 Tre-

484 4314 720 4364 bonium:
760 4314 866 4375 alii,
890 4329 1013 4378 quos
1037 4315 1168 4367 inter
1189 4320 1537 4384 Cassiodorus,

1620 2006 1771 2056 solius
1794 2004 1941 2055 Fabii
1959 2002 2256 2054 meminere.

1686 2083 1711 2117 ¹²
1740 2082 2004 2133 Substituit
2046 2080 2165 2144 sibi]
2234 2078 2337 2129 Hie
2400 2078 2679 2143 dupliciter

1621 2161 1798 2210 Caesar
1821 2157 2189 2223 praevaricatus
2207 2162 2288 2205 est
2311 2162 2491 2205 contra
2513 2156 2677 2220 majo-

1621 2254 1732 2288 rum
1757 2239 1999 2289 instituta
2021 2253 2033 2285 ε
2074 2237 2258 2301 primo,
2278 2234 2416 2300 quod
2439 2237 2679 2284 consula-

1622 2322 1703 2365 tus
1734 2330 1901 2380 neque
1934 2320 2044 2365 toto
2083 2327 2237 2374 anno,
2273 2326 2440 2376 neque
2478 2312 2676 2376 reliquo

1623 2393 1742 2443 anni
1784 2403 2016 2457 tempore
2061 2399 2237 2454 gestus
2275 2397 2397 2450 est;
2436 2389 2525 2437 sed
2563 2390 2678 2452 ipse

1621 2472 1785 2529 vivus,
1822 2485 1921 2519 nec
1963 2469 2154 2533 jussus,
2190 2482 2252 2517 eo
2299 2481 2352 2516 se
2393 2466 2678 2524 abdicavit,

1620 2548 1877 2612 aliumque
1919 2546 2257 2610 subrogavit3
2312 2544 2502 2594 deinde
2537 2544 2676 2609 quod

1620 2625 1867 2693 Caninius
1896 2624 2004 2686 ille,
2035 2623 2101 2673 de
2139 2637 2240 2688 quo
2282 2623 2451 2685 modo,
2491 2622 2676 2671 eodem

1622 2709 1855 2766 tempore
1876 2710 1930 2750 et
1948 2701 2123 2751 consul
2145 2708 2347 2749 creatus
2368 2707 2470 2759 est,
2490 2708 2544 2750 ct
2561 2701 2679 2750 iniit

1621 2787 1676 2828 et
1695 2778 1936 2841 deposuit
1960 2777 2331 2839 magistratum.

1685 2864 1707 2890 ⁰
1743 2856 1948 2906 Comitia
1984 2856 2111 2904 nulla
2132 2854 2369 2919 habuerit]
2400 2854 2502 2903 Vel
2535 2853 2678 2919 qnod

1619 2934 1850 2998 AEgypti,
1871 2933 2049 2994 Ponti,
2066 2940 2120 2980 et
2144 2930 2339 2980 Africae
2363 2931 2510 2980 bellis
2530 2931 2678 2981 disti-

1618 3020 1828 3063 neretur
1849 3032 1863 3076 ;
1895 3013 1979 3060 vel
2005 3018 2060 3060 ut
2084 3010 2422 3072 Magistratus
2440 3025 2551 3064 suo,
2576 3024 2677 3058 non

1619 3089 1795 3153 populi
1832 3086 2103 3147 beneficio,
2142 3086 2445 3148 dignitatem
2480 3086 2680 3149 adepti,

1622 3167 1715 3217 sibi
1740 3165 1910 3215 forent
1933 3163 2384 3229 obsequentiores;
2419 3162 2485 3211 de
2509 3162 2681 3213 Comi.

1623 3245 1709 3294 tiis
1730 3260 1842 3308 cap.
1869 3248 1947 3294 13.

1684 3319 1709 3354 θ
1742 3321 1935 3369 Proeter
1974 3316 2310 3380 Tribunorum]
2344 3316 2675 3379 Singulorum

1619 3398 2033 3461 magistratuum,
2078 3396 2165 3459 qui
2206 3393 2383 3458 populi
2420 3391 2677 3456 suffragiis

1620 3474 1963 3538 eligebantur,
1997 3471 2196 3535 singula
2239 3477 2389 3519 erant
2433 3469 2675 3518 comitia:

1620 3567 1670 3601 v.
1696 3566 1745 3615 g.
1782 3549 2099 3608 Consularis,
2129 3546 2404 3605 Praetoria,
2441 3545 2681 3594 Tribuni·

1620 3628 1713 3689 tia,
1725 3630 1822 3676 «stc.
1874 3624 2204 3687 Consulibus,
2229 3621 2678 3686 Praetoribus,&c.

1622 3703 1879 3755 creandis.

1683 3789 1705 3814 θ
1743 3780 2088 3844 Proefcctosque
2105 3794 2193 3842 pro
2214 3775 2532 3839 Praetoribus]
2557 3777 2675 3831 Non

1621 3858 1773 3908 modo
1797 3857 1883 3920 qui
1922 3864 2224 3921 praetorum,
2247 3853 2339 3902 sed
2377 3859 2431 3902 et
2455 3861 2676 3916 qiiaesto-

1620 3949 1751 3998 rum,
1769 3934 2101 3996 aliorumque,
2121 3945 2333 3995 quorum
2352 3929 2564 3979 comitia
2579 3942 2678 3976 non

1620 4010 1893 4072 habuerat,
1924 4009 2319 4072 magistratuum
2356 4007 2471 4056 vice
2496 4005 2674 4068 funge-

1620 4095 1833 4137 rentur:
1872 4100 1966 4150 pro
2003 4084 2315 4149 praetoribus
2348 4089 2519 4131 autem
2558 4081 2676 4131 ideo

1621 4164 1773 4225 dixit,
1819 4163 1956 4230 quod
2001 4162 2248 4225 praetoria
2291 4160 2392 4210 illis
2427 4173 2677 4210 concessa

1622 4251 1740 4292 sunt
1758 4247 2080 4293 ornamenta.
