3019 4922
523 307 653 371 100
1390 318 1452 363 e.
1494 313 1852 363 sun'rouu

519 466 654 531 diti
685 464 1081 549 deperibat.‘
1168 459 1431 527 Cuncta
1475 459 1829 543 collegiaf·
1861 462 2100 543 praeter
2143 455 2514 540 antiquitus
2562 474 2711 520 con·

527 573 780 646 stituta,
812 566 1176 633 distraxit.⁵
1263 565 1514 631 Poenas
1544 564 1911 629 facinorum
1942 563 2173 627 auxit:
2206 559 2322 625 et⁶
2352 579 2506 626 cum
2531 553 2710 625 locu·-

524 673 744 756 pletes
763 668 784 706 f
811 691 893 735 eo
911 670 1181 735 facilius
1213 669 1465 734 scelere
1495 688 1569 732 se
1601 667 1989 750 obligarent,
2009 666 2188 750 quod
2216 666 2486 749 integris
2508 665 2712 748 patri·-

529 775 820 840 moniisss
864 773 1247 852 exulabant,
1292 767 1723 855 parricidas,¹¹
1774 776 1849 833 ut
1904 769 2142 835 Cicero
2187 760 2469 846 scribit,⁷
2522 768 2713 833 bonis

1445 969 1473 987 O

516 1107 655 1171 “Leg-
681 1108 829 1157 Rom.
852 1105 1125 1156 damnante
1148 1105 1424 1155 Bura—4
1460 1105 1624 1156 Fieret
1648 1105 1861 1168 profers
1879 1104 2070 1155 babent
2093 1104 2305 1153 Memm.
2325 1101 2470 1151 Med.
2494 1104 2542 1151 3.
2564 1101 2716 1151 Polit.

526 1174 645 1223 coll.
680 1173 830 1222 debiti
861 1188 893 1220 a
927 1188 993 1237 m,
1029 1187 1108 1235 pr.
1142 1172 1194 1220 in
1228 1172 1402 1223 Periz.
1430 1186 1550 1235 pene
1579 1170 1713 1221 Edd.
1740 1172 1887 1221 Rom.
1952 1172 2080 1219 Tum
2102 1168 2369 1232 deperiebat
2394 1167 2712 1217 Eadem—5

524 1238 613 1288 Ita
637 1238 842 1301 plurimi
865 1237 1070 1287 codices
1091 1251 1207 1287 cum
1237 1237 1374 1287 Edd.
1413 1238 1558 1285 Rom.
1589 1236 1802 1286 detraxit
1836 1236 1950 1303 Pal.
1975 1241 2022 1285 1.
2047 1240 2096 1284 3.
2130 1234 2265 1299 quod
2290 1249 2387 1282 uon
2412 1231 2719 1296 displicebat

519 1304 726 1366 -Lipsio,
748 1303 834 1368 qui
857 1304 1014 1351 etiam
1044 1302 1179 1364 conj.
1202 1302 1441 1351 destruxit
1460 1302 1509 1351 h.
1531 1302 1565 1350 1.
1584 1301 1952 1365 reponendum.
2015 1301 2156 1350 Male
2183 1307 2239 1349 ut
2265 1299 2405 1350 Oud.
2429 1298 2715 1347 videtur.—

526 1370 685 1439 6,Et,
715 1369 841 1418 licet
865 1368 1154 1432 reperiatur
1174 1368 1226 1415 in
1252 1366 1488 1416 omnibns
1507 1366 1911 1430 exemplaribus,
1928 1365 2212 1416 tollendum
2235 1364 2478 1414 censebat
2502 1362 2714 1413 Casaub.

523 1432 773 1496 probante
796 1434 961 1481 Boxh.
977 1442 1030 1481 et
1048 1432 1286 1495 majorem
1306 1431 1689 1481 distinctionem
1715 1438 1832 1495 post
1852 1432 2107 1481 exulabant
2125 1434 2507 1480 statuente—7
2544 1431 2718 1478 Burm-

519 1498 688 1547 ·verba
724 1497 825 1546 tria
855 1501 909 1547 itt
944 1499 1047 1547 Cic.
1081 1512 1174 1546 scr.
1206 1503 1329 1546 aute
1360 1496 1621 1559 parricidia
1655 1497 1844 1546 rectius
1872 1496 2149 1546 inserenda
2182 1495 2541 1553 existimabat3
2575 1493 2716 1557 cujus

521 1562 877 1613 'emendationi
894 1561 1135 1613 faverent
1156 1563 1283 1612 Ern.
1306 1570 1362 1611 et
1385 1562 1524 1613 Oud.
1545 1562 1589 1612 si
1603 1562 1752 1612 modo
1775 1564 2023 1612 exalarent
2045 1562 2327 1626 legeretur,
2352 1569 2409 1610 ut
2432 1561 2484 1609 in
2503 1560 2648 1610 Med.
2670 1563 2716 1609 3.

1517 1742 1737 1793 NOTAE

1667 1859 1748 1905 12.
1787 1855 1921 1905 unde
1961 1862 2109 1919 patet
2145 1855 2356 1905 biennio
2385 1869 2488 1920 quo
2522 1863 2714 1907 exactae

1666 1931 1878 1984 fuerant
1902 1948 2064 1983 usurae
2095 1937 2177 1986 24.
2213 1941 2512 1982 numeratos
2550 1932 2716 1989 fuisse,

1667 2026 1782 2075 quae
1808 2009 1919 2060 fere
1944 2018 2130 2075 quarta
2149 2025 2269 2074 pars
2287 2016 2387 2060 est.

525 1856 752 1907 merare’
767 1864 847 1908 est
871 1864 1180 1921 praesentem
1198 1856 1467 1921 pecuniam
1488 1856 1587 1905 sol·

522 1948 667 1993 vere,
704 1941 760 1983 et
801 1940 1001 1984 naturae
1041 1934 1208 1998 potius
1260 1948 1415 1998 quarn
1450 1934 1587 1997 juris

522 2009 756 2059 verbnm.
825 2009 1219 2058 “Perscribere’
1256 2024 1379 2077 vero
1406 2017 1586 2061 contra

512 2083 645 2150 juris
681 2087 803 2147 est,
857 2085 1218 2149 significatque
1288 2086 1586 2136 sumendam

519 2161 661 2228 ‚apud
683 2162 1028 2222 argentarium
1052 2177 1143 2210 seu
1169 2162 1499 2225 tabularium,
1518 2163 1584 2212 de

523 2254 623 2303 quo
638 2238 804 2288 adhuc
824 2236 956 2301 Aug·
980 2252 1096 2301 cap.
1120 2243 1168 2287 3.
1194 2246 1249 2288 et
1266 2239 1407 2302 alibi,
1427 2255 1583 2303 pecu-

520 2315 655 2363 niam
680 2314 999 2378 permittere,
1015 2329 1115 2378 quo
1133 2330 1288 2365 sensu
1310 2317 1583 2366 Terentius

520 2376 831 2440 Phormione
873 2388 997 2439 Act.
1047 2405 1102 2439 v.
1159 2393 1305 2441 Scen.
1346 2397 1395 2443 8.
1442 2402 1455 2422 ‘
1487 2393 1584 2443 Ar-

521 2477 731 2533 gentum
752 2467 882 2533 jube
923 2472 1119 2517 rursum
1158 2471 1388 2528 rescribi,
1420 2471 1585 2521 Phor-

522 2545 679 2596 mio!
731 2546 828 2594 hoc
870 2552 969 2608 est,
1003 2544 1088 2595 fac
1123 2547 1374 2598 reddatur
1408 2548 1473 2596 ab
1518 2563 1584 2598 eo

520 2623 772 2673 mensario
796 2638 824 2671 a
849 2637 950 2687 qno
984 2624 1283 2673 sumendum
1320 2624 1447 2674 illud
1487 2624 1583 2674 tibi

521 2700 900 2749 concessimus:
925 2700 1008 2749 cui
1034 2701 1311 2764 respondet
1326 2703 1581 2765 parasitus

518 2776 608 2825 ille
644 2776 926 2826 Phormio:
964 2784 977 2806 ⁸
1000 2777 1184 2828 Quod?
1216 2794 1296 2828 nae
1332 2768 1431 2843 ego
1467 2795 1582 2844 per·

515 2854 708 2916 scripsi
735 2868 891 2916 porro
913 2853 1014 2902 illis
1035 2855 1219 2919 quibus
1244 2856 1435 2906 debui.’
1467 2858 1583 2920 Sig-

518 2929 700 2979 nificat
735 2943 937 2994 quoque
973 2931 1081 2993 ejus
1121 2933 1323 2980 nomine
1360 2947 1416 2981 se
1456 2933 1585 2982 obli-

489 3015 664 3068 ἥξετε,
686 3014 744 3056 ut
762 3005 943 3054 Cicero
963 3005 1055 3055 lib.
1076 3018 1193 3056 xvr.
1214 3008 1278 3056 ad
1297 3006 1459 3059 Attic.
1481 3008 1581 3073 Ep.

515 3087 569 3130 2.
603 3097 718 3147 quae
758 3089 839 3131 est
873 3082 1095 3132 omnium
1132 3085 1248 3134 332.
1284 3084 1424 3134 ‘Sed
1463 3101 1578 3136 cum

519 3159 698 3207 videas
738 3166 984 3223 quantum
1022 3160 1089 3210 de
1116 3161 1237 3223 jure
1273 3168 1446 3212 nostro
1490 3162 1578 3212 de·

517 3232 843 3296 cesserimus,
873 3236 957 3302 qui
994 3236 1059 3287 de
1094 3238 1312 3289 residuis
1334 3240 1574 3304 quadrin-

520 3311 693 3375 gentis
735 3312 991 3362 sestertiis
1036 3313 1262 3364 ducenta
1306 3318 1584 3380 praesentia

517 3387 841 3451 solverimus,
861 3389 1062 3453 reliqua
1083 3390 1498 3454 perscribamus.’

578 3462 604 3497 ‘¹
642 3466 830 3522 Quarta
865 3465 1001 3528 pars]
1040 3467 1313 3517 Rationem
1348 3469 1477 3517 inire
1501 3467 1580 3518 fa-

515 3541 614 3591 cile
639 3550 750 3593 est:
787 3542 938 3592 civile
963 3542 1153 3593 bellum
1178 3558 1311 3595 anno
1336 3545 1400 3595 ab
1425 3546 1491 3594 U.
1515 3547 1574 3595 C.

514 3622 629 3669 705.
648 3620 957 3683 incoeperat,
974 3620 1081 3670 lata
1096 3621 1181 3670 lex
1203 3630 1287 3671 est
1311 3636 1443 3670 anno
1460 3625 1574 3671 707.

515 3696 893 3758 cumprimum
926 3696 1105 3746 Caesar
1143 3698 1285 3748 victo
1324 3699 1576 3761 Pompeio

513 3771 659 3819 venit
694 3773 753 3821 in<
785 3771 960 3821 urbem
995 3779 1050 3822 et
1086 3774 1328 3824 Dictator
1360 3782 1438 3825 est
1471 3775 1576 3824 fac-

514 3852 637 3906 tus3
674 3846 717 3894 si
758 3848 933 3909 igitur,
965 3857 1023 3897 ut
1065 3848 1176 3899 fieri
1212 3863 1576 3915 consueverat,

516 3921 847 3970 centesimam
889 3922 1101 3974 foenoris
1145 3927 1257 3977 loco
1295 3926 1576 3986 solverent,

513 3999 609 4046 hoc
632 4006 728 4054 est,
753 4000 1087 4051 centesimam
1115 4004 1164 4052 in
1182 4005 1408 4068 singulos
1433 4021 1575 4056 men-

512 4089 595 4123 ses
629 4075 795 4125 debiti
830 4084 1028 4140 partem
1068 4078 1277 4145 (usuras
1299 4084 1435 4131 enim
1470 4084 1572 4132 sin·

1730 2094 1752 2121 θ
1788 2088 1971 2138 Cuncta
2003 2085 2225 2149 collegia]
2273 2087 2407 2136 Sunt
2444 2085 2716 2136 societates

1667 2164 1903 2230 quaedam
1937 2172 1992 2215 et
2025 2172 2305 2214 conventus
2328 2164 2411 2213 vel
2449 2162 2718 2224 artificum,

1668 2241 1751 2289 vel
1769 2242 1927 2289 etiam
1943 2241 2172 2304 ejusdem
2198 2239 2421 2289 nationis
2444 2239 2717 2301 hominum,

1667 2318 1731 2366 ad
1748 2319 1974 2367 Deorum
1993 2318 2236 2367 honorem
2255 2317 2571 2365 constitutae.
2605 2315 2716 2364 Col·

1667 2393 1915 2454 legiorum
1939 2395 2133 2456 primus
2154 2400 2333 2442 auctor
2366 2394 2535 2443 Numa
2568 2391 2717 2441 Pom-

1668 2470 1835 2533 pilius,
1855 2471 1943 2540 qui
1968 2486 2030 2520 ea
2053 2485 2147 2535 per
2168 2478 2306 2520 artes
2329 2471 2601 2535 plerasque
2624 2470 2716 2518 dis-

1666 2547 1835 2610 tinxit,
1859 2547 1949 2613 sed
1986 2563 2100 2596 cum
2125 2549 2236 2596 aliis
2261 2556 2419 2612 atque.
2445 2549 2555 2598 aliis
2578 2547 2715 2596 iden·

1665 2622 1824 2672 tidem
1865 2614 2058 2673 additis
2094 2639 2252 2688 supra
2287 2625 2493 2674 modum
2533 2626 2717 2675 crevis-

1664 2706 1799 2754 sent,
1822 2699 2027 2749 sublata
2052 2701 2162 2764 jam
2199 2708 2319 2750 ante
2342 2702 2589 2771 nonnulla
2610 2700 2718 2751 fue·

1665 2783 1802 2837 rant,
1826 2790 1886 2824 ac
1907 2776 2230 2840 postmodum
2268 2793 2296 2827 a
2332 2778 2398 2829 P.
2432 2766 2615 2828 Clodio
2643 2792 2715 2827 re·

1664 2852 1864 2908 stituta,
1891 2866 1952 2902 ac
1976 2854 2140 2903 multa
2163 2870 2229 2903 ex
2252 2856 2467 2906 servitio
2496 2872 2556 2915 ac
2587 2854 2714 2906 faece

1666 2926 1808 2976 urbis
1830 2929 2040 2992 insuper
2057 2930 2252 2992 addita,
2287 2945 2400 2994 quae
2428 2931 2603 2981 Caesar
2625 2933 2716 2985 ite·

1661 3018 1773 3078 rum
1792 3005 2060 3056 dissolvit:
2080 3022 2143 3056 ex
2164 3008 2226 3056 iis
2246 3022 2370 3072 quos
2390 3007 2622 3058 servatos
2633 3022 2718 3056 vo-

1659 3083 1756 3132 luit
1777 3081 1923 3133 fuere
1945 3083 1979 3135 J
1987 3084 2142 3146 udaei,
2165 3084 2344 3148 quibus
2366 3085 2627 3134 concessit
2660 3092 2716 3133 ut

1659 3174 1803 3209 more
1842 3161 2010 3224 patrio
2045 3162 2220 3210 Romae
2255 3156 2615 3216 convenii-eut,
2638 3175 2716 3208 so·

1658 3236 1862 3287 dalibus
1889 3238 2000 3287 aliis
2023 3237 2334 3287 interdictis.
2374 3237 2594 3301 Joseplr.
2615 3236 2715 3286 An·

1663 3314 1833 3380 tiquit.
1853 3315 1942 3364 lib.
1967 3326 2083 3364 xlv.
2108 3328 2225 3377 cap.
2249 3317 2329 3364 17.

1726 3389 2059 3454 fucuptetes]
2079 3390 2227 3440 Idem
2252 3405 2344 3441 suo
2368 3406 2573 3458 quoque
2591 3399 2716 3441 tem·

1662 3481 1786 3531 pore
1809 3467 2123 3532 querebatur
2155 3465 2220 3514 de
2256 3467 2568 3530 praesidibus
2602 3482 2715 3532 pro-

1660 3543 1943 3594 vinciarum
1985 3542 2251 3595 Juv'enalis
2297 3545 2406 3595 Sat.
2445 3559 2485 3595 1.
2523 3560 2599 3596 vs.
2637 3549 2715 3596 48.

1659 3622 1674 3650 ‘
1694 3623 1764 3671 Et
1784 3620 1866 3683 hic
1880 3621 2149 3669 damnatus
2168 3620 2353 3673 inauiJ
2359 3621 2549 3685 udicio,
2568 3620 2713 3687 (qnid

1659 3698 1792 3747 enim
1811 3698 1963 3747 salvis
1978 3695 2188 3747 iufamia
2202 3697 2420 3746 nummis
2438 3695 2482 3763 ?)
2498 3698 2629 3746 Exul
2650 3697 2713 3746 ab

1659 3784 1843 3825 octava
1881 3775 2079 3825 Marius
2112 3776 2262 3838 bibit,
2281 3782 2337 3826 et
2370 3774 2565 3825 fruitur
2601 3775 2713 3825 Diis

1648 3853 1842 3902 'Iratisz
1879 3858 1934 3901 at
1974 3859 2047 3909 tu,
2084 3852 2275 3902 victrix
2299 3851 2586 3917 provincia,
2608 3852 2713 3915 plo·

1659 3943 1977 4065 raZOIntegr-is
1997 4001 2323 4066 patrimoniis]
2357 4002 2552 4052 Libera
2571 4002 2713 4068 quip-

1653 4100 1718 4148 pe
1759 4083 1962 4146 Repub.
1994 4083 2300 4147 cuicumque
2337 4082 2442 4132 civi
2479 4081 2711 4132 Romano

513 4147 646 4216 gulis
684 4153 943 4203 mensibus
985 4156 1294 4224 exigebant)
1333 4174 1426 4222 pro
1456 4164 1568 4231 100.
1649 4165 1889 4210 accusato
1915 4158 2135 4208 abeundi
2155 4164 2383 4223 potestas
2409 4158 2711 4224 fuit,'prius·

511 4238 560 4277 v,
593 4243 642 4292 g.
678 4228 843 4279 aureis
877 4232 1032 4280 annui
1067 4233 1397 4285 solvebantur
1427 4237 1567 4286 aurei
1648 4248 1798 4302 quam
1816 4235 2075 4286 sententia
2100 4235 2708 4300 pronuntiaretur,quam
