3019 4922
1195 368 1212 373 ‘
1291 386 1586 438 sumus.
2409 383 2539 450 119

341 524 756 612 Capitolio?
802 528 1184 596 tantundem
1226 526 1517 616 inaurati
1561 533 1716 601 aeris
1758 538 2078 622 reposuit.
2167 538 2540 614 societates

343 645 423 710 ae
472 642 725 717 regnax
772 633 989 717 pretio
1020 633 1226 712 dedit,
1257 641 1330 701 ut
1358 638 1475 721 qui
1519 640 1632 702 uni
1679 640 2053 709 Ptolemaeo
2073 652 2104 693 5
2161 664 2367 730 prope
2415 617 2540 713 sex

344 736 551 828 millia
602 736 1003 801 talentorum
1026 745 1072 830 Ἀ
1124 757 1248 803 suo
1307 738 1757 826 Pompeiique
1812 746 2079 812 nornine
2143 748 2538 815 abstulerit.⁶

345 839 597 912 Postea
639 858 800 911 vero
841 840 1362 912 evidentissimis¹
1411 843 1667 926 rapinis
1712 866 1793 912 ao
1838 850 2208 935 sacrilegiis
2236 858 2305 916 et
2335 826 2538 918 onera

342 941 666 1034 bellorum
692 944 1014 1021 civilium,
1059 952 1128 1009 et
1156 945 1632 1029 triumphorum
1661 968 1743 1015 ac
1769 970 2115 1017 munerum
2134 961 2162 988 ⁸
2208 956 2535 1020 sustinuit

342 1044 707 1128 impendia.
794 1048 959 1131 [55.]
987 1048 1384 1132 Eloquentia
1413 1049 1823 1137 militarique
1854 1062 1997 1120 arte
2022 1063 2047 1117 ⁷.
2076 1054 2103 1101 t.»
2147 1062 2267 1122 aut
2300 1039 2535 1141 aequa-

343 1148 440 1225 vit
466 1151 1167 1233 praestantissimorum
1190 1152 1486 1235 gloriam,
1515 1160 1630 1220 aut
1653 1157 1970 1223 excessit.
2059 1159 2231 1225 Post
2251 1180 2535 1227 accusa-

340 1250 644 1344 tionem?
686 1253 1064 1326 Dolabellae
1092 1254 1275 1345 haud
1304 1255 1505 1324 dubie
1534 1258 1955 1346 principibus
1985 1263 2291 1346 patronis
2324 1283 2534 1330 annu-

342 1362 636 1434 meratus
662 1363 785 1432 est.
839 1356 1034 1432 Certe,
1064 1358 1302 1431 Cicero
1332 1358 1420 1428 ad
1453 1359 1754 1440 Brutum,
1782 1371 2084 1429 oratores
2113 1384 2529 1447 enumeranS,

341 1466 534 1562 negat
557 1463 583 1494 ¹
604 1480 680 1533 se
709 1458 985 1541 videre,‘¹
1012 1462 1123 1537 oui
1155 1459 1392 1534 Caesar
1419 1462 1671 1532 debeat
1688 1464 1712 1503 ⁸
1745 1453 1977 1532 cedere
1998 1466 2038 1531 :'
2066 1468 2318 1552 aitque,
2341 1472 2362 1502 ‘
2381 1489 2532 1535 eum

1250 1628 1609 1651 OOOOOOOOOOOO

340 1729 423 1773 est.
461 1730 522 1775 ut
557 1730 611 1775 et
633 1725 791 1776 Vind.
814 1731 862 1777 1.
925 1728 1055 1779 Mox
1095 1743 1189 1792 pro
1218 1731 1451 1792 inaurati,
1483 1730 1662 1793 Cujac.
1697 1731 1750 1782 in
1786 1732 2111 1783 «κωπίω-6
2143 1732 2361 1782 Abstulit
2394 1731 2531 1784 Edd.

341 1788 488 1841 Rom.
507 1790 772 1843 abstulerat
788 1794 921 1845 Ven.
947 1800 993 1845 1.
1061 1794 1196 1845 Item
1219 1812 1275 1845 ac
1297 1812 1440 1846 onera
1460 1796 1615 1846 vind.
1644 1800 1789 1847 1.-7
1821 1799 1937 1848 Mil.
1974 1812 2064 1862 qua
2085 1813 2137 1846 re
2161 1799 2244 1848 vel
2277 1813 2420 1861 quare
2442 1798 2531 1847 ha·

340 1856 461 1905 bent
479 1871 660 1934 omnes
682 1859 881 1936 Mna-et
906 1861 1037 1910 Edd.
1057 1863 1204 1911 Vett.
1228 1871 1422 1925 praeter
1441 1861 1592 1911 vind.
1618 1866 1664 1910 1.
1690 1862 1741 1911 in
1767 1877 1868 1925 quo
1890 1863 1991 1912 mil.
2011 1877 2186 1925 quoque
2204 1878 2275 1925 re,
2291 1871 2348 1912 et
2366 1862 2532 1913 Rhed.

337 1924 384 1970 2.
404 1936 493 1997 qui
517 1937 663 2000 quare
684 1933 872 1973 omisit.
936 1926 1100 1989 Lipsii
1127 1942 1248 1976 vero
1282 1926 1694 1977 emendationem
1720 1929 1856 1992 Eloq.
1885 1929 2177 1991 militarique
2196 1944 2266 1985 re,
2290 1936 2532 1993 tanquam

339 1997 699 2052 certissimam,
721 1990 1041 2042 admiserunt
1062 1992 1282 2042 Casaub.
1307 1993 1463 2043 Grut.
1487 1994 1664 2043 Bur-m.
1685 2000 1739 2042 et
1762 1994 1849 2042 alii
1872 1994 1990 2044 VV.
2014 1993 2138 2043 DD.
2167 1993 2336 2057 Magis
2355 2001 2533 2043 tamen

338 2050 712 2113 praeferendam
737 2057 1093 2118 conjecturam
1116 2057 1340 2119 Heinsii‚
1360 2060 1581 2122 legentis
1605 2059 1891 2121 militarique
1912 2065 2035 2119 arte,
2060 2058 2232 2108 visum>
2256 2062 2337 2108 est
2370 2056 2532 2110 Wolf.

336 2117 555 2182 Baumg.
578 2127 794 2171 auetore
812 2122 948 2173 Oud.
973 2124 1059 2187 qui
1087 2122 1258 2173 firmat
1293 2126 1601 2173 sententiam
1625 2138 1655 2171 e
1681 2126 1890 2173 rubrica
1909 2124 2060 2188 hujus
2083 2124 2276 2187 capitis,
2303 2125 2354 2173 in
2377 2123 2533 2174 codd.

336 2191 564 2261 exarata.
595 2185 741 2235 Torr.
768 2188 974 2238 volebat
1001 2190 1080 2239 El.
1101 2205 1192 2253 qua
1212 2194 1314 2240 aut.
1345 2189 1532 2239 omisso
1564 2188 1768 2239 militari
1775 2205 1796 2248 ,⁰
1830 2189 1955 2255 Guj.
1978 2189 2115 2253 conj.
2139 2191 2223 2240 El.
2244 2188 2380 2239 civili
2403 2189 2531 2239 mili-

334 2251 715 2313 tanqueffloxh.
736 2267 766 2317 e
782 2253 935 2304 Vino.
953 2255 1166 2305 Beluae.
1184 2255 1288 2319 legi
1307 2255 1638 2333 malebat-El.
1667 2254 1891 2317 mirabili,
1909 2253 2046 2333 quod
2071 2256 2212 2318 quiesi
2230 2267 2263 2304 a
2280 2255 2422 2304 nullo
2445 2260 2532 2304 oei

336 2316 1792 2457 {⁰3²:f‚⁰,¹3.¹3{3.f⁶.2:¹;¹.‘13⁰3:¹0⁰203³.”.¹..?.2};2⁸:¹2;.2312·{?,
1815 2319 2532 2435 332⁰÷.{{.{2¹.¹⁰3132223225

336 2443 604 2531 Mercibus
628 2449 764 2498 solus
786 2449 851 2499 ad
873 2450 981 2501 Tit.
1001 2468 1049 2504 c.
1084 2455 1131 2504 l.
1158 2453 1296 2518 vulg.
1320 2453 1441 2503 leet.
1471 2450 1830 2503 defendit.—8
1863 2452 2141 2503 Invertunt
2166 2455 2318 2502 voees
2345 2451 2404 2501 G.
2426 2450 2531 2502 deb.

1318 2603 1542 2657 NOTAE

336 2700 442 2745 tura
466 2700 692 2762 pretium
718 2709 927 2759 auctum
949 2704 1173 2759 videtur.

396 2781 429 2811 ¹
451 2777 666 2829 Furatus
684 2796 711 2830 e
730 2782 990 2846 Capitolio]
1010 2782 1157 2833 Idem
1180 2797 1212 2832 a
1235 2782 1387 2833 Cras·

336 2865 389 2899 so
427 2852 652 2905 Consule
698 2854 895 2907 factum
932 2860 1133 2910 notavit
1167 2858 1389 2909 Plinius.

336 2928 395 2977 Id
415 2930 593 2981 Caesar
613 2947 676 2982 eo
698 2931 902 2984 facilius
924 2936 1115 2998 potuit,
1138 2943 1193 2988 et
1214 2937 1389 2990 occul·

336 3005 453 3065 tius,
473 3008 611 3073 quod
635 3016 751 3059 erat
770 3009 1008 3075 pontifex
1025 3013 1304 3063 maximus:
1332 3020 1388 3070 et

334 3081 497 3134 simile
528 3085 581 3134 in
610 3086 827 3138 Vitellio
859 3096 1041 3140 narrat
1073 3104 1191 3155 cap.
1214 3096 1263 3139 5.
1298 3089 1387 3140 ubi

335 3173 428 3222 pro
450 3175 555 3211 aere
580 3162 818 3214 inaurato
843 3165 1188 3216 aurichalcum
1212 3173 1311 3216 est.

394 3243 422 3270 ¹
454 3237 721 3290 Societates
744 3255 801 3290 ae
836 3242 1009 3306 regna]
1057 3243 1215 3292 Tanti
1253 3243 1386 3293 enim

333 3317 613 3385 eemebant
634 3319 830 3371 socium
844 3322 927 3373 vel
950 3323 1147 3387 Regem
1171 3336 1203 3371 a
1223 3336 1386 3387 popu·

333 3393 382 3449 lo
405 3394 636 3449 Romano
672 3398 943 3461 appellari,
972 3404 1029 3454 ut
1066 3413 1387 3465 quocumque

336 3477 488 3532 pacto
509 3471 562 3521 id
588 3473 842 3531 ambirent
858 3490 871 3529 ;
891 3483 1209 3540 quapropter
1224 3484 1282 3526 ut
1295 3491 1389 3525 sua

336 3548 502 3615 gratia
526 3551 702 3603 Caesar
732 3551 936 3605 honoris
965 3553 1218 3622 ejusmodi
1240 3554 1388 3618 cupi·

336 3623 427 3674 dos
449 3625 741 3691 adjuvaret,
761 3643 861 3678 non
884 3630 994 3687 sine
1020 3632 1253 3695 pecuniis
1275 3637 1389 3681 erat

333 3702 601 3764 agendum.
1065 3702 1066 3705 ¹

398 3784 421 3818 5
455 3780 736 3846 Ptolemae]
770 3782 969 3847 Auleti,
998 3785 1067 3836 de
1095 3801 1197 3852 quo
1232 3800 1392 3852 supra

335 3869 450 3921 cap.
473 3862 552 3909 11.
625 3872 628 3873 ’
1379 3868 1382 3875 ’

400 3939 421 3997 ξ
450 3934 551 3993 Sex,
573 3937 729 3988 millia
762 3941 1069 4006 talentorum]
1112 3941 1388 3992 90000001.

342 4020 580 4075 quantam
614 4032 865 4068 summam
899 4019 1107 4084 exigere
1130 4018 1391 4084 promtum

344 4100 409 4141 ex
429 4092 737 4154 supradietis
760 4109 877 4159 cap.
898 4100 948 4147 4.

362 4166 366 4171 ’
408 4169 431 4195 ²
462 4167 733 4233 Munerum]
775 4170 947 4234 Supra
981 4187 1097 4238 cap.
1122 4175 1203 4225 39.
1243 4177 1393 4224 ut'et

351 4238 711 4304 triumphorum
734 4259 851 4308 cap.
876 4250 925 4303 7.
1183 4289 1188 4292 .

413 4315 436 4373 ¹³.
465 4319 760 4394 ⁴Iihumeutia
798 4323 1085 4389 militarique
1142 4331 1249 4397 arte
1297 4323 1395 4390 [re]

1468 2705 1783 2765 Cornrptum
1803 2702 1942 2757 hune
1958 2699 2130 2757 locum
2148 2699 2224 2748 sie
2247 2697 2532 2765 restituunt

1471 2783 1669 2848 Lipsius
1702 2782 1874 2832 Eleet.
1900 2781 1991 2831 lib.
2015 2794 2054 2830 1.
2075 2794 2123 2830 c.
2143 2784 2224 2829 20.
2258 2785 2312 2827 et
2335 2779 2531 2828 Casauss

1467 2857 1666 2911 bonuaz
1700 2872 1815 2909 cum
1841 2856 1995 2921 vulgo
2014 2857 2282 2923 legeretur
2315 2852 2534 2918 eloquens

1466 2939 1539 2988 tia
1561 2935 1766 2986 militari
1787 2950 1880 3000 qua
1902 2949 1974 2999 re,
1993 2941 2050 2983 et
2072 2932 2208 2982 male
2230 2947 2247 2993 ;
2269 2944 2367 2980 nec
2393 2929 2530 2979 enim

1466 3015 1680 3075 militari
1715 3014 1975 3063 duntaxat
2011 3009 2312 3077 eloquentia
2353 3007 2530 3059 Caesar

1469 3085 1651 3155 ualuit,
1671 3091 1763 3141 sed
1781 3098 1837 3142 et
1858 3088 2050 3141 forensi
2066 3103 2081 3150 ;
2099 3093 2283 3151 utpote
2303 3085 2391 3150 qui
2412 3100 2531 3135 eau-

1468 3185 1552 3227 sas
1571 3168 1762 3235 egerit,
1783 3167 1895 3230 ipso
1915 3165 2170 3223 Cicerone
2190 3169 2325 3213 teste
2342 3161 2395 3211 in
2414 3176 2531 3211 ora-

1473 3247 1614 3298 tione
1638 3260 1732 3310 pro
1748 3243 1972 3308 Ligario,
1994 3244 2011 3271 ‘
2026 3255 2206 3291 causas
2224 3241 2401 3291 Caesar
2420 3239 2534 3304 egit

1470 3325 1680 3386 multae,
1699 3330 1757 3373 et
1791 3321 2000 3387 quidem
2033 3326 2226 3381 tecum,
2255 3319 2376 3368 dum
2398 3323 2451 3366 te
2475 3317 2532 3366 iu

1469 3401 1586 3453 foro
1619 3399 1790 3452 tenuit
1825 3398 1958 3449 ratio
1999 3397 2246 3446 honorum
2287 3392 2530 3457 tuorum‚’

1469 3483 1572 3529 διο.
1639 3478 1756 3528 Hac
1778 3476 1936 3540 igitur
1959 3471 2256 3538 eloquentia
2278 3479 2530 3534 praestan·

1468 3556 1780 3606 tissimorum
1826 3550 2040 3616 gloriam
2087 3549 2331 3614 a’quavit,
2369 3552 2426 3595 et
2469 3559 2532 3613 re

1436 3665 1441 3671 -
1468 3629 1812 3693 militari,hoe
1840 3631 1924 3676 est
1956 3623 2141 3690 bellica
2176 3621 2352 3683 laude,
2374 3621 2531 3689 louge

1470 3708 1754 3775 superavit,
1775 3712 1834 3753 ut
1858 3708 2006 3767 patet
2029 3714 2096 3749 ex
2118 3703 2232 3748 tota
2251 3697 2403 3759 hujus
2426 3697 2532 3755 loci

1472 3787 1628 3852 serie,
1649 3789 1705 3834 et
1723 3779 1899 3832 multis
1916 3774 2180 3833 Ciceronis
2201 3773 2382 3838 ipsius,
2404 3772 2531 3823 alio·

1471 3868 1695 3928 rumque·
1711 3853 2040 3914 testimoniis.

1535 3949 1558 3974 ⁰
1590 3941 1714 3992 Post
1733 3929 2103 3994 accusationem]
2140 3930 2220 3989 De
2249 3944 2350 3993 qua
2373 3943 2532 3995 supra

1468 4031 1588 4080 cap.
1608 4020 1659 4066 4.
1726 4011 1843 4067 Hoc
1876 4015 1932 4069 et
1971 4005 2208 4070 sequenti
2244 4005 2422 4071 capite
2461 4004 2529 4069 de
2568 4018 2575 4023 ·

1470 4091 1692 4145 Cesar-is
1707 4083 2004 4151 eloquentia,
2022 4083 2132 4147 agit
2149 4083 2446 4145 Suetonius,
2469 4091 2530 4131 ut

1469 4166 1627 4233 supra
1654 4179 1769 4235 eap.
1791 4165 1874 4212 44.
1913 4163 2147 4221 acturum
2185 4172 2243 4207 se
2281 4157 2528 4223 promise-¹

1472 4251 1574 4298 rat.

1539 4323 1565 4358 ¹¹
1588 4322 1752 4385 Negat
1774 4334 1823 4371 re
1844 4316 2024 4380 nidere]
2073 4313 2208 4376 Ηώς
2245 4309 2401 4374 habet
2436 4308 2530 4371 ibi-
