3019 4922
2382 432 2517 501 473
2573 430 2579 436 ’

344 592 770 677 primipilaris
792 601 818 639 ⁸
861 611 994 657 non
1040 593 1224 677 prius
1272 615 1362 659 ex
1408 592 1632 659 Foroh
1673 592 1986 673 misisset,
2016 612 2213 678 quam
2244 600 2513 659 extorta

345 692 662 778 pecunia*
706 715 823 779 per
851 697 986 761 vim
1015 696 1385 761 haeredibus
1431 698 1520 761 ad
1564 695 2027 778 gladiatorium
2073 716 2352 778 munus3
2399 715 2544 761 co·⁸

344 796 593 861 hortem
639 799 725 862 ab
770 798 979 875 Urbe,
1025 804 1089 862 et
1132 800 1333 864 aliam
1378 821 1420 865 a
1465 798 1726 864 Cottii4
1753 794 1780 834 ¹⁸
1823 817 2050 880 regno,
2089 798 2515 864 dissimulata

345 896 599 963 itineris
643 919 870 977 causa,
925 900 1211 966 detectis
1255 909 1519 986 repente
1563 901 1782 978 armiS,
1838 902 2513 985 concinentibusque⁵

348 999 577 1081 signiS,
609 1022 731 1085 per
760 1002 1056 1068 diversas
1086 1011 1320 1087 portas
1350 1005 1414 1067 in
1443 1003 1766 1087 oppidum
1795 1002 2104 1082 immisit3
2150 1022 2228 1066 ac
2259 1011 2516 1086 partem

346 1103 668 1188 majorem
699 1105 911 1188 plebei
929 1104 957 1145 ⁶
987 1126 1068 1171 ac
1100 1103 1580 1171 Decurionum¹
1611 1107 1678 1171 in
1707 1112 2029 1189 perpetua
2065 1105 2331 1170 vincula
2359 1124 2516 1169 con-

1245 448 1619 500 mantuus.

1257 1304 1611 1338 ‘'OOOOOOOOOOO

348 1432 526 1468 errore
543 1419 857 1481 gladiatorum
878 1421 1072 1471 Medic.
1092 1427 1138 1471 1.
1161 1421 1319 1471 Vind.
1345 1422 1488 1472 Cort.
1512 1422 1641 1484 Cop.
1668 1420 1816 1471 Huls.
1838 1434 1953 1470 cum
1982 1419 2081 1469 Ed.
2104 1419 2287 1481 Camp.
2304 1416 2518 1482 aliisque

350 1484 640 1535 multis.—4
667 1487 798 1535 Cotta·
821 1487 1028 1536 Memm.
1050 1489 1192 1536 Dun.
1215 1486 1410 1537 Medic.
1431 1488 1564 1548 Cop.
1590 1488 1754 1537 Per-iz.
1780 1486 1896 1550 Cuj.
1918 1485 2067 1533 Voss.
2088 1483 2221 1533 Edd.
2248 1485 2392 1532 Rom.
2416 1498 2519 1532 sec.

350 1549 530 1612 Stepb.
554 1549 621 1598 ali
674 1552 807 1600 Cocti
826 1551 981 1600 Vind.
1007 1556 1056 1601 2.
1081 1553 1221 1601 Cort.
1247 1552 1478 1601 Har-lem.
1514 1550 1646 1602 Edd.
1670 1552 1851 1613 Camp.
1875 1549 2020 1599 Med.
2042 1550 2175 1597 Ven.
2193 1552 2239 1598 1.
2279 1547 2440 1611 Lugd.
2464 1554 2521 1598 et

351 1613 540 1672 plures.
577 1614 689 1663 Coti
710 1616 864 1664 vind.
881 1621 927 1664 1.
949 1617 1045 1665 Ed.
1063 1618 1193 1666 Bon.
1244 1616 1346 1666 Alii
1372 1617 1520 1677 Catii,
1541 1617 1629 1665 sed
1656 1617 1807 1665 Cottii
1823 1615 2011 1666 Veneti
2026 1615 2136 1678 jam
2160 1612 2519 1663 exhibuerunt.

349 1678 469 1727 Urs.
489 1678 693 1741 legend.
711 1680 893 1729 statuit
920 1682 1066 1738 Cutis,
1084 1683 1233 1738 male,
1257 1689 1314 1731 ut
1334 1682 1490 1730 visum
1514 1688 1594 1730 est
1617 1682 1835 1731 casaub.
1860 1686 1913 1730 et
1930 1681 2200 1730 Graev.-6
2230 1677 2519 1727 Convenien-

349 1743 523 1806 tibusq.
545 1743 698 1792 vind.
718 1749 762 1793 1.
790 1746 1016 1795 Harlem.
1039 1746 1171 1795 Edd.
1190 1747 1320 1796 Ven.
1345 1746 1490 1795 Cald.
1516 1745 1655 1793 Med.
1682 1761 1793 1810 quae
1819 1745 1870 1794 in
1894 1759 2049 1806 marg.
2074 1744 2165 1792 alt.
2187 1743 2309 1791 lect.
2330 1748 2521 1802 servat,

349 1808 481 1857 Bon.
502 1815 558 1857 et
581 1808 698 1859 Ald.
744 1811 1117 1860 convenientibus
1149 1812 1329 1872 Camp.
1361 1811 1745 1873 continentibusq.
1768 1812 1907 1860 Duu.
1973 1811 2075 1858 Pro
2096 1808 2220 1868 sign.
2243 1807 2293 1856 iu
2316 1807 2449 1856 Ven.
2473 1811 2523 1856 2.

350 1876 399 1921 3.
422 1874 738 1934 singulis.—6
770 1875 855 1924 Ita
875 1877 1085 1923 Memm.
1108 1878 1247 1925 Dun.
1273 1875 1466 1925 Medic.
1492 1880 1543 1923 2.
1567 1875 1684 1938 Cuj.
1703 1877 1848 1924 Voss.
1871 1873 2001 1923 Edd.
2017 1875 2194 1922 Burm.
2217 1871 2355 1921 Ond.
2380 1885 2525 1934 seqq.

353 1937 415 1986 Iu
440 1939 648 2001 reliquis
669 1940 832 2000 plebis.
879 1942 1004 1989 Mox
1027 1940 1310 2003 abolevitque
1331 1941 1457 2002 Cop.
1478 1940 1651 1989 Periz.
1676 1940 1820 1989 Cort.
1846 1939 1976 1988 Edd.
2005 1938 2152 1988 Rom.
2178 1936 2311 1998 qtrod
2339 1935 2523 1999 probat

351 2003 473 2052 Ern.
540 2005 610 2052 Et
647 2004 793 2052 deest
816 2005 970 2053 etiam
1001 2006 1128 2068 Cop.
1196 2005 1327 2053 Dein
1365 2006 1460 2053 vim
1497 2005 1722 2053 restituit
1762 2005 1898 2054 Oud.
1941 2018 2055 2052 cum
2091 2004 2267 2051 Burm.
2302 2008 2357 2051 et
2394 2000 2526 2061 aliis,

351 2082 466 2133 quae
490 2082 588 2117 vox
610 2069 827 2119 habetur
863 2070 913 2118 in
951 2072 1092 2120 Duu.
1124 2071 1252 2135 Cop.
1286 2071 1456 2120 Periz.
1479 2070 1672 2119 Medic.
1695 2074 1741 2121 1.
1762 2075 1813 2121 2.
1835 2067 1993 2118 vind.
2010 2072 2062 2119 2.
2086 2068 2228 2118 Cort.
2248 2065 2379 2116 Edd.
2403 2072 2526 2115 ante

1329 2195 1543 2271 No'rlu

354 2331 455 2379 alia
477 2329 530 2378 in
556 2332 856 2383 Balearibus
881 2334 1074 2394 insulis,
1097 2334 1196 2385 alia
1211 2334 1264 2383 in
1283 2349 1403 2397 agro

353 2407 571 2464 Piceno,
605 2410 762 2457 tertia
786 2409 835 2458 in
862 2411 1150 2475 regionibus
1182 2410 1402 2476 Alpinis.

352 2486 438 2535 De
494 2485 589 2535 bac
645 2486 960 2549 potissimum
1017 2488 1402 2552 intelligendum

1438 2353 1449 2364 ·
1477 2333 1686 2397 Lipsius
1716 2332 1812 2382 lib.
1852 2346 1915 2383 11.
1950 2329 2016 2381 de
2053 2329 2246 2379 Militia
2283 2329 2528 2384 Romana,

1472 2411 1687 2475 Dialog.
1722 2415 1771 2461 8.
1803 2410 1878 2460 sic
1916 2407 2161 2472 intelligit
2198 2406 2333 2455 hunc
2368 2405 2528 2456 Juve-

1473 2490 1603 2538 nalis
1629 2489 1740 2537 Sat.
1757 2500 1877 2536 xlv.
1917 2500 2140 2546 versum,
2178 2483 2530 2545 ‘Utlocuple·

356 2575 472 2610 csse
506 2562 674 2611 locum
722 2563 876 2624 hunc,
910 2563 1132 2627 probare
1177 2566 1403 2623 videtur,

354 2637 489 2699 qumi
536 2636 601 2685 de
644 2637 781 2686 Cotii
827 2653 984 2701 regno
1027 2639 1253 2702 subjicit,
1292 2646 1404 2689 erat

355 2713 491 2761 enim
527 2713 578 2761 iu
611 2713 671 2762 iis
705 2714 1162 2780 regionibus‚quas
1195 2717 1306 2780 ejus
1328 2717 1405 2766 id-

355 2789 494 2838 circo
524 2790 726 2839 nomine
751 2790 926 2840 Cotias
949 2790 1112 2855 Alpes
1143 2806 1407 2856 nuncupa-

357 2879 496 2928 vere,
543 2865 680 2930 quod
726 2880 833 2925 eas,
877 2874 1086 2917 auctore
1119 2867 1406 2932 Ammiano,

356 2942 573 2990 molibus
615 2942 809 3007 magnis
851 2950 970 3006 post
1007 2942 1185 2994 Gallos
1219 2943 1406 3008 perdo-

358 3019 510 3067 mitos
524 3019 822 3081 exstructis,
845 3019 1246 3085 compendiarias
1261 3025 1316 3069 et
1335 3020 1408 3068 vi-

356 3095 589 3145 atoribus
611 3103 926 3159 opportunas
953 3096 1281 3147 reddidisset.
1346 3099 1409 3148 In

357 3185 419 3220 eo
442 3178 615 3221 tractu
639 3179 758 3222 sunt
774 3187 922 3237 quem
939 3173 1089 3223 hodie
1108 3175 1245 3224 Mout
1265 3175 1410 3225 Cenis

359 3249 439 3297 vel
479 3249 597 3298 Mon
638 3249 850 3300 Genebre
884 3252 1216 3314 appellamus.
1286 3252 1408 3302 Pol-

357 3325 521 3374 lentia
545 3340 686 3388 vero,
706 3326 919 3374 Puluuza
942 3327 1022 3375 vel
1039 3327 1261 3383 Palem,
1281 3327 1410 3376 lanis

360 3401 768 3464 quondamsuis
815 3401 1029 3450 celebris
1075 3400 1192 3452 fuit.
1255 3402 1410 3451 Silius

361 3478 576 3528 Italicus
620 3479 709 3529 lib.
744 3493 869 3530 vm.
935 3478 1220 3543 ‘Fuscique
1263 3477 1412 3527 ferax

339 3555 624 3605 ‚Pollentia
665 3555 807 3605 viui!
894 3555 1046 3605 Hanc
1099 3556 1412 3604 Ptolemaeus

361 3630 450 3681 lib.
471 3645 557 3681 ιιι.
578 3647 697 3694 cap.
723 3636 770 3682 1.
807 3631 1079 3694 Liguribus
1102 3631 1359 3682 attribuit.

425 3716 452 3752 s
485 3707 830 3771 Primipilaris]
863 3708 978 3758 Hoc
997 3715 1094 3765 est,
1110 3708 1263 3772 primi
1281 3710 1415 3759 Cen-

363 3785 598 3841 tutionis,
619 3785 706 3850 qui
739 3792 754 3813 ‘
771 3799 870 3835 uon
899 3786 1062 3835 solum
1079 3785 1263 3851 aquilae
1286 3801 1415 3849 prae-

363 3867 496 3923 erat,
527 3860 618 3910 sed
654 3860 809 3910 etiam
835 3870 1050 3925 quatuor
1081 3863 1340 3912 centurias
1361 3862 1415 3911 in

361 3938 532 4001 prima
573 3936 682 3985 acie
728 3936 1081 4002 gubernabat,’
1114 3946 1173 3987 ut
1205 3938 1280 3987 ait
1314 3938 1417 3986 Ve-

367 4014 535 4076 getius
557 4013 646 4062 lib.
672 4026 735 4061 ιι.
759 4028 874 4076 cap.
894 4016 944 4062 8.
1011 4014 1139 4063 Cum
1171 4021 1341 4064 autem
1364 4015 1417 4063 in

340 4090 611 4153 ,primipili
639 4090 802 4139 tutela
824 4088 961 4138 foret
992 4091 1159 4154 aquila
1190 4090 1420 4152 legionis,

370 4165 486 4214 inde
527 4167 766 4230 manavit,
804 4172 860 4215 ut
905 4167 1122 4230 aquilam
1169 4182 1261 4231 pro
1306 4168 1417 4230 ipso

367 4242 699 4305 Principatus
718 4257 929 4293 munere
951 4252 1168 4293 sunnam
1191 4246 1419 4307 reperias
1441 4219 1455 4241 ⁸

371 4319 508 4384 apud
553 4320 766 4385 Plinium
807 4318 1054 4374 lib..xn·.
1097 4324 1283 4387 cap.l.
1350 4322 1421 4371 Et

1478 2574 1581 2615 tem
1607 2565 1832 2628 aquilam
1865 2561 2342 2627 sibiwsexagesimus
2367 2561 2529 2607 annus

1480 2640 1713 2697 Afferat,’
1749 2643 1847 2691 ὅτε.
1912 2641 1998 2689 De
2039 2639 2119 2687 his
2154 2637 2345 2687 videsis
2382 2637 2531 2701 plura

1478 2719 1612 2782 apud
1657 2716 1874 2766 eundem
1921 2714 2150 2778 Lipsium
2199 2713 2391 2762 ibidem
2435 2713 2530 2762 sub

1476 2795 1652 2855 finem,
1689 2793 1775 2843 ubi
1813 2792 1877 2842 de
1914 2791 2287 2856 primipilorum
2310 2801 2529 2836 commo-

1477 2871 1558 2920 dis
1593 2876 1648 2919 et
1670 2867 1860 2918 divitiis
1901 2868 2077 2931 legere
2108 2871 2190 2915 est
2223 2878 2324 2913 non
2349 2878 2531 2925 pauca.

1479 2945 1752 3010 Manipuli,
1793 2959 1858 2993 ex
1897 2943 2142 3006 Polybio,
2165 2942 2319 3005 juxta
2366 2940 2533 3003 Lipsii

1476 3022 1888 3072 emendationem
1922 3020 2009 3070 lib.
2035 3032 2096 3068 ιι.
2133 3017 2330 3080 Dialog.
2352 3019 2401 3065 3.
2433 3016 2533 3065 siu·

1480 3099 1586 3163 guli
1640 3106 1748 3148 tres
1839 3104 1978 3147 artes
2026 3095 2302 3158 habebant,
2358 3107 2531 3142 earum

1481 3190 1800 3242 unaquaeque
1843 3175 2028 3240 prima,
2067 3173 2199 3238 pilus
2244 3169 2533 3231 dicebatur,

1481 3257 1582 3302 διο.

1545 3326 1568 3360 ¹¹
1601 3329 1685 3376 Ex
1702 3326 1854 3388 Foro]
1890 3325 1970 3375 Ad
1991 3338 2228 3388 pompam
2248 3322 2536 3384 funebrem,

1482 3402 1550 3451 de
1588 3417 1690 3466 qua
1726 3416 1883 3465 supra
1920 3402 1974 3450 in
2015 3401 2158 3452 Julio
2196 3414 2313 3463 cap.
2353 3403 2537 3450 84..7et

1482 3477 1620 3540 Aug.
1645 3493 1760 3541 cap.
1787 3482 1896 3528 101.

1551 3554 1805 3604 ¹Extorta
1841 3551 2061 3616 pecunia]
2113 3553 2200 3602 De
2250 3553 2347 3601 hac
2392 3557 2539 3600 tauta

1485 3632 1900 3695 spectaculorum
1946 3629 2197 3681 aviditate
2230 3627 2339 3692 jam
2383 3640 2538 3691 supra

1488 3708 1714 3758 nonnihil
1737 3708 1788 3756 iu
1816 3707 2070 3770 Augusto.

1550 3783 1577 3818 k
1613 3783 1766 3834 coccii
1795 3781 1976 3848 [Cotti]
2010 3780 2231 3830 Ursinus
2264 3776 2539 3840 legendum

1487 3862 1571 3912 hic
1596 3859 1803 3911 volebat
1828 3858 1979 3919 Cutis,
2002 3855 2093 3906 sed
2119 3855 2267 3917 male,
2302 3862 2360 3903 ut
2395 3860 2542 3903 nota-

1490 3940 1566 3987 vit
1601 3936 1946 3987 casaubonus.
2032 3932 2247 3982 Roberti
2288 3931 2538 3994 Stephani
2597 3942 2602 3945 ’

1490 4014 1650 4065 editio
1676 4028 1780 4062 una
1803 4026 1917 4060 cum
1955 4009 2217 4058 veteribus
2250 4006 2403 4057 habet
2424 4009 2540 4056 Cot·

1491 4092 1573 4151 tii,
1598 4089 1733 4138 unde
1760 4087 1937 4138 Cottioe
1959 4085 2107 4148 Alpes
2140 4081 2409 4147 legendum
2435 4085 2541 4133 col·

1494 4168 1528 4216 li
1567 4181 1644 4215 as.
2371 4181 2376 4186 ·

1534 4181 1572 4276 3¹
1603 4237 1946 4301 Decurionum]
1978 4237 2196 4290 Quinam
2230 4236 2281 4286 hi
2318 4235 2370 4285 iu
2406 4237 2540 4303 colo-

1493 4320 1593 4372 niis
1614 4324 1808 4380 essent,
1828 4330 1984 4381 supra
2003 4315 2055 4366 iu
2079 4312 2310 4379 Augusto
2332 4327 2379 4363 c.
2400 4316 2484 4362 46.
