3019 4922
492 421 624 487 284
1353 435 1417 514 c.
1463 432 1819 483 sumomi

496 577 717 645 dens.b
802 578 1207 662 spectaculo
1251 577 1572 661 plurimas
1617 578 1838 656 horaS,
1891 576 2262 660 aliquando
2310 580 2493 641 totos
2542 576 2683 640 dies

496 686 777 760 aberat,¹
799 689 822 716 ⁰
864 681 1073 763 petita
1100 677 1347 752 venia‚‘³
1379 681 2019 763 commendatisque,
2051 682 2167 763 qui
2202 699 2397 744 suam
2428 680 2683 744 vicem²

497 785 965 869 praesidendo²
1007 783 1444 866 fungerentur.
1534 779 1789 847 Verum
1834 783 2100 865 quoties
2146 782 2440 860 adesset,
2483 781 2684 845 nihil³

495 895 817 969 praeterea
844 888 1120 969 agebat:
1169 906 1289 949 seu
1336 884 1585 950 vitandi
1630 885 1911 949 rumoris
1960 904 2186 962 causa,
2239 905 2372 969 quo
2426 891 2685 967 patrem

499 988 839 1054 Gaesarem
890 989 1086 1070 vulgo
1137 987 1601 1071 reprehensum
1653 990 2236 1066 commemorabat,
2284 988 2469 1072 quod
2521 986 2688 1053 inter

498 1093 934 1180 spectandum
986 1091 1290 1176 epistolis
1340 1091 1718 1175 libellisque
1770 1090 2069 1173 legendis
2110 1111 2190 1154 ac
2248 1090 2686 1155 rescribendis

498 1200 803 1275 vacaret3
848 1215 970 1259 seu
1019 1194 1239 1260 studio
1290 1191 1729 1278 spectandi⁴f
1770 1215 1850 1260 ac
1901 1195 2270 1277 voluptate,
2316 1213 2449 1278 qua
2478 1193 2688 1257 teneri

502 1316 578 1359 se
611 1316 829 1380 neque
859 1297 1296 1361 dissimulavit
1322 1317 1643 1381 unquam,
1690 1304 1755 1363 et
1798 1318 1982 1381 saepe
2015 1298 2294 1381 ingenue
2338 1287 2689 1380 professus

503 1407 623 1464 est.
712 1399 956 1485 Itaque
998 1400 1393 1466 corollariass
1444 1408 1512 1466 et
1542 1403 1815 1485 praemia
1846 1401 2083 1467 alienis
2114 1420 2379 1486 quoque
2410 1399 2690 1464 muneri-

1419 1581 1778 1603 OOOOOOOOOOO

503 1726 698 1775 rumque
720 1711 878 1762 Fouc.
941 1711 1081 1760 Dein
1103 1726 1164 1760 ex
1181 1712 1313 1774 pulv.
1333 1711 1546 1762 Memm.
1571 1712 1660 1777 qui
1684 1719 1739 1762 et
1758 1716 2034 1777 spectacula.
2081 1714 2244 1764 Deest
2265 1730 2371 1763 cum
2393 1713 2599 1777 Cuj.—l
2627 1714 2689 1763 In

504 1778 633 1827 Mss.
660 1777 725 1827 0.
748 1780 910 1826 aderat
932 1785 1121 1841 praeter
1138 1778 1251 1827 cod.
1292 1778 1341 1827 N
1346 1778 1505 1838 onnii,
1525 1787 1580 1827 et
1605 1779 1751 1828 Cort.
1774 1782 1826 1827 in
1850 1780 2035 1843 quibus
2057 1779 2237 1840 aberat,
2261 1779 2396 1843 quod
2417 1794 2691 1841 reposuere

500 1840 620 1890 VV.
644 1841 770 1891 Du.
794 1856 979 1904 magno
1000 1856 1267 1891 consensu.
1335 1842 1485 1902 Hanc
1512 1843 1634 1893 lect.
1655 1859 1854 1909 quoque
1873 1843 2210 1908 comprobant
2231 1860 2389 1907 marg.
2408 1844 2609 1908 Grypb.
2634 1851 2692 1892 et

500 1906 636 1956 Edd.
659 1908 780 1955 Bas.
807 1907 1139 1970 posteriores,
1160 1914 1215 1957 et
1238 1907 1498 1970 Frenonii,
1526 1912 1667 1958 1549.
1731 1909 1867 1957 Item
1901 1924 1988 1972 per
2012 1909 2238 1972 plurimos
2264 1915 2310 1958 et
2337 1924 2423 1972 per
2441 1914 2565 1958 totos
2589 1909 2691 1958 dies

503 1986 664 2034 marg.
687 1972 806 2019 Bas.
833 1972 957 2021 Ant.
983 1970 1185 2036 Grypb.
1251 1972 1525 2022 Praeterea
1547 1974 1720 2023 multoe
1746 1974 1880 2024 Edd.
1902 1988 2002 2023 non
2027 1974 2348 2037 distinguunt
2374 1983 2493 2037 post
2512 1974 2692 2028 sedens,

504 2037 595 2084 sed
623 2036 926 2085 continuant
962 2038 1230 2099 periodum
1261 2053 1421 2100 usque
1445 2038 1960 2097 adjuramentum—2
1995 2039 2094 2088 Sua
2124 2040 2225 2088 vice
2257 2038 2360 2087 duo
2391 2039 2540 2087 Torr.
2565 2039 2695 2099 Cop-

505 2101 655 2150 Huls.
679 2101 874 2150 Medic.
901 2106 946 2149 1.
967 2100 1120 2150 vind.
1143 2105 1192 2151 2.
1216 2101 1570 2164 etsungeretur
1592 2103 1844 2153 Dum—8
1865 2102 2029 2153 Abest
2048 2104 2172 2153 nituit
2191 2104 2257 2153 ab
2281 2104 2492 2153 Merum.
2564 2103 2698 2151 Dein

502 2170 589 2213 aut
605 2166 795 2214 rescrib.
814 2165 1005 2215 Medic.
1026 2169 1070 2215 l.
1091 2169 1138 2214 3.
1162 2166 1316 2215 vind.
1339 2178 1558 2232 uterque
1583 2169 1711 2232 Cop.
1731 2169 1847 2231 Cuj.
1871 2169 2123 2219 Huls.—4
2143 2168 2469 2231 Exspectanda*
2488 2168 2698 2216 Menum.

503 2230 630 2278 Mox
668 2229 803 2278 idem
834 2245 910 2293 pr.
945 2231 998 2278 in
1027 2230 1212 2288 alienis,
1234 2246 1349 2279 cum
1388 2232 1588 2283 Medic.
1625 2232 1749 2283 trib.
1781 2234 1937 2283 vind.
1975 2242 2190 2297 utroque
2214 2235 2357 2284 Coi-t.
2382 2234 2531 2282 Voss.
2558 2233 2694 2282 Dun.

506 2295 641 2342 Edd.
668 2295 814 2344 Rom.
840 2296 973 2344 Bon.
996 2295 1233 2344 Beroald.
1255 2296 1436 2359 Stepb.
1461 2298 1584 2347 Ern.
1620 2307 1675 2346 et
1709 2313 1872 2361 marg.
1907 2298 2110 2363 Grypb.
2141 2308 2195 2348 et
2233 2300 2308 2347 ita
2338 2298 2531 2347 dedere
2558 2297 2698 2346 Oud.

506 2357 664 2409 Wolf.
716 2360 886 2424 Supra
904 2375 955 2409 se
978 2367 1093 2423 post
1127 2361 1276 2410 teneri
1306 2375 1409 2410 non
1433 2363 1587 2412 estin
1609 2363 1765 2413 vind.
1795 2367 1844 2413 1.
1879 2378 1928 2413 se
1960 2364 2110 2413 teneri
2135 2364 2230 2414 Ed.
2266 2365 2447 2429 Camp.
2471 2363 2631 2427 itaque
2651 2369 2699 2412 et

1494 2528 1712 2580 No'rAE
1757 2558 1762 2563 ·

572 2640 595 2672 ²²
627 2638 828 2706 Sedens]
863 2642 947 2692 De
971 2641 1221 2693 industria
1238 2643 1446 2694 videtur
1475 2644 1568 2696 ob·
1647 2645 1973 2709 transigeret.

506 2727 783 2779 servatum,
823 2719 889 2768 ad
938 2720 1161 2770 Neronis
1206 2719 1567 2785 differentiam,
1712 2731 1734 2756 θ
1766 2722 1914 2773 Suam
1929 2724 2078 2772 vicen
2096 2722 2411 2786 prendendo,
2431 2718 2536 2782 Era]
2571 2719 2703 2769 Tor·

507 2796 596 2857 qui
633 2794 825 2845 ibidem
868 2797 1146 2858 accubans,
1178 2798 1322 2863 quasi
1359 2807 1415 2848 et
1451 2799 1566 2862 ipse
1647 2806 1783 2849 rent.
1817 2799 1870 2847 in
1906 2797 2106 2847 duobus
2144 2798 2413 2848 codicibus
2454 2797 2585 2859 legit
2616 2810 2704 2844 sua

506 2873 674 2933 Deus,
728 2873 821 2923 sed
867 2874 1014 2923 vivus
1068 2876 1205 2925 inter
1253 2876 1566 2927 simulachra

505 2961 730 3010 mortua,
750 2955 1041 3018 spectabat.
1107 2956 1169 3005 In
1203 2958 1412 3007 Nerone
1447 2971 1564 3021 cap.

512 3033 595 3077 12.

573 3113 595 3138 c
627 3104 811 3155 Aberat
846 3105 1059 3170 [aderat]
1125 3107 1212 3156 Sic
1254 3108 1564 3158 membranae

509 3195 704 3242 omnes,
748 3182 933 3246 quibus
976 3182 1103 3232 licet
1146 3183 1568 3245 reclamantibus,

512 3257 847 3308 Casaubonus
893 3258 1120 3308 scribere
1160 3273 1263 3308 non
1309 3258 1572 3310 dubitavit

507 3335 702 3386 aberat.-
736 3334 871 3399 quod
892 3336 1083 3384 nemini
1105 3336 1229 3385 iicet
1247 3336 1569 3386 animadver-

506 3428 638 3469 sum.
660 3411 872 3476 exigere
895 3410 1102 3461 videtur
1133 3412 1282 3475 hujus
1318 3413 1420 3463 loci
1457 3421 1572 3463 tota

508 3491 689 3552 series,
707 3496 762 3539 et
785 3494 931 3537 certe
954 3487 1137 3543 eodem
1159 3487 1313 3537 modo
1334 3488 1568 3554 loquitur

506 3564 677 3617 adbuc
711 3564 849 3615 infra
886 3564 1053 3626 Calig.
1092 3579 1210 3629 cap.
1232 3569 1311 3615 18.
1345 3579 1412 3614 ne
1453 3567 1572 3630 quis

508 3642 525 3669 ‘
542 3641 820 3705 praesidere
837 3638 853 3663 ’
889 3639 974 3690 bic
995 3640 1228 3704 explicet
1250 3640 1318 3690 de
1345 3642 1467 3705 jure
1491 3641 1570 3691 di-

510 3720 699 3770 cundo.

575 3794 600 3828 ²¹
630 3795 800 3846 Petita
839 3793 1000 3858 venia]
1030 3794 1150 3844 Non
1186 3793 1378 3844 inscius
1416 3809 1572 3859 quam

512 3885 691 3934 parum
713 3871 768 3921 id
788 3872 943 3935 vulgo
967 3869 1302 3935 probaretur:
1328 3878 1384 3920 et
1399 3869 1578 3921 decla-

513 3957 630 3997 rant
666 3947 944 3998 manifeste
984 3947 1108 3997 satis
1150 3962 1375 3998 rumores
1411 3948 1464 3998 in
1493 3949 1580 3998 'ri-

511 4023 711 4073 berium
737 4025 948 4087 jactati,
976 4024 1112 4087 quod
1149 4025 1372 4073 Drusum
1411 4023 1574 4075 filium

508 4098 605 4147 sibi
623 4100 675 4147 in
701 4098 1026 4162 praesidendo
1047 4099 1417 4162 substituisset,
1435 4103 1575 4166 apud

510 4176 681 4224 Tacit.
702 4174 889 4223 Anuai.
914 4175 1001 4222 lib.
1026 4188 1068 4225 1.
1089 4190 1203 4238 cap.
1225 4180 1307 4225 76.
1324 4185 1380 4227 et
1399 4178 1566 4230 Juliu-

513 4265 609 4299 nus
628 4251 738 4314 ipse
764 4250 931 4298 minus
963 4249 1147 4300 iratum
1181 4267 1238 4302 se
1257 4252 1414 4303 fuisse
1437 4255 1568 4304 indi-

513 4334 620 4390 cat,
641 4325 777 4391 quod
810 4324 997 4375 solidos
1020 4325 1130 4374 dies
1154 4329 1440 4390 spectando
1461 4345 1567 4381 non

1644 2875 1774 2924 vice.-
1823 2887 1990 2938 neque
2027 2881 2196 2929 temen
2241 2872 2539 2922 mutandum
2587 2873 2703 2920 ideo

1645 2952 1886 3014 credidit,
1922 2959 2132 3001 servata
2162 2965 2285 3001 voce
2323 2951 2520 2999 aderat:
2552 2949 2704 2998 intel·

1643 3029 1884 3092 ligendus
1906 3036 1988 3078 est
2021 3032 2286 3089 Augustus
2321 3025 2510 3090 privati
2540 3025 2708 3073 instar

1641 3105 1827 3154 adesse
1859 3104 2100 3166 voluisse,
2135 3110 2190 3153 et
2226 3103 2290 3153 ab
2331 3115 2489 3152 onere
2527 3100 2706 3163 praesi-

1644 3179 1804 3229 dendi
1827 3180 1959 3230 iiber
1980 3180 2147 3230 otiose
2179 3186 2437 3243 spectare.
2501 3176 2592 3226 Sin
2615 3178 2707 3224 mi-

1647 3271 1761 3313 um,
1800 3264 1982 3321 aperta
2023 3263 2107 3307 est
2149 3257 2412 3306 sententia
2445 3255 2496 3304 in
2543 3254 2704 3316 Culig.

1650 3346 1698 3382 c.
1725 3337 1805 3381 18.

1714 3405 1736 3439 f
1763 3409 1936 3458 Studio
1946 3407 2211 3472 spectandi]
2247 3406 2484 3457 Affirmat
2498 3420 2709 3470 expres-

1648 3497 1707 3532 se
1730 3483 1973 3533 Aurelius
1996 3485 2181 3534 Victor
2207 3484 2257 3533 in
2284 3483 2541 3546 Augusto,
2562 3488 2710 3531 natu-

1652 3560 1745 3609 rali
1778 3561 1827 3609 in
1862 3574 1976 3609 enm
2005 3561 2326 3623 voluptatem
2365 3558 2709 3622 propensione

1647 3634 1863 3688 factum.
1928 3636 2139 3687 Tacitus
2178 3651 2302 3685 vero
2341 3636 2530 3686 Annal.
2551 3650 2591 3685 1.
2617 3635 2708 3684 lib.

1650 3726 1695 3762 c.
1715 3717 1797 3762 54.
1822 3712 1995 3762 studio
2017 3713 2282 3762 civilitatis
2303 3712 2563 3775 attribuit,
2586 3714 2602 3740 ‘
2622 3725 2713 3760 ne-

1649 3801 1752 3854 que
1773 3791 1888 3855 ipse
1908 3787 2228 3853 (Augustus)
2252 3787 2567 3838 abhorrebat
2599 3787 2713 3837 tati·

1651 3868 1748 3919 bus
1774 3867 1979 3929 studiis,
2002 3876 2057 3917 et
2079 3868 2235 3918 civile
2271 3868 2481 3918 rebatur
2502 3866 2710 3916 misceri

1652 3946 2009 4008 voluptatibus
2032 3943 2207 4008 vulgi.’

1715 4032 1741 4068 s
1776 4020 2066 4084 Corollaria]
2098 4020 2435 4071 Corollarium
2461 4018 2589 4068 illud
2612 4025 2712 4081 est,

1650 4099 1787 4164 qiiod
1827 4105 2020 4162 praeter
2053 4097 2282 4146 debitum
2320 4096 2608 4159 praemium,
2636 4096 2712 4144 in·

1645 4185 1756 4227 star
1800 4176 2016 4226 auctarii
2060 4173 2347 4239 cujusdam,
2391 4173 2711 4233 addebatur3

1647 4269 1678 4303 a
1700 4252 1906 4304 corollis
1928 4252 2144 4313 dictum,
2163 4265 2279 4315 que
2308 4249 2545 4300 Scenicis
2569 4257 2708 4300 ucto-

1646 4329 1809 4392 ribus,
1839 4343 1955 4378 cum
1998 4327 2321 4391 placuerant,
2354 4325 2466 4375 dari
2506 4327 2704 4377 solitae:
