3019 4922
476 408 568 472 ’24

1066 422 1468 472 EL-ENGHUS
1520 423 2123 475 ALPHABB'HGUS.

485 568 708 632 Guelph.
731 572 843 618 1.2.
912 568 1034 619 Duo
1067 568 1272 620 codices
1310 584 1438 634 quos
1473 569 1651 621 habuit
1687 570 1905 622 Woifius
1941 585 2008 621 ex
2041 567 2359 620 bibliotheca
2394 567 2690 633 Guelpher-

486 732 608 795 Guj.

483 891 623 956 Hag.

484 1052 640 1102 Harl.

485 1206 721 1269 Harlem2

486 1381 644 1432 Hnls.

458 1616 461 1617 ⁷
483 1543 646 1595 Jnnk.

483 1623 631 1675 Junt.

487 1784 610 1849 Liql.

486 1867 615 1914 Lov.

488 1946 654 2010 Lugd.

484 2029 606 2092 Lysa

486 2109 654 2158 Marc.

485 2190 630 2240 Med.
655 2194 699 2242 1.
722 2196 772 2245 2.
787 2196 837 2242 3.

485 2352 701 2403 Mediol.
726 2358 771 2404 l.
786 2360 835 2405 2.

487 2434 701 2491 Memm.

486 2679 618 2732 Miil.

485 2841 688 2908 Opsop.

487 2925 628 2974 Oud.

485 3006 612 3055 Par.

485 3086 656 3135 Paris·

485 3166 662 3216 Patin.

485 3246 656 3298 Periz.

381 3388 390 3402 ο
486 3329 611 3378 Pin.

485 3488 630 3541 Pith.

485 3571 672 3620 Pitisc.

485 3650 646 3701 Polit.

486 3813 661 3864 Pulm-

488 3895 662 3947 Rhed.
689 3902 734 3947 1.
758 3901 807 3947 2.

489 4058 636 4108 Rom.

485 4138 654 4190 Ruhn.

486 4217 654 4268 Scriv.

485 4298 667 4363 Steph.

1003 649 1215 714 bytana.

902 731 1080 796 Gujeti
1103 732 1424 797 conjecturae
1459 733 1527 784 ad
1558 732 1819 797 margines
1842 732 1971 783 edit.
2001 730 2271 782 Leidensis
2309 730 2534 795 scriptae,
2555 743 2684 796 quas

1003 814 1133 864 citat
1154 813 1413 865 Graevius.

905 894 1086 944 Codex
1117 909 1185 944 ex
1206 893 1442 958 Hagensi
1464 893 1705 945 auctione
1736 908 1768 945 a
1799 892 2050 959 Longolio
2088 898 2273 954 emtus,
2303 903 2404 955 quo
2428 898 2550 939 usus
2571 894 2686 939 erat

1003 974 1236 1026 Wolfins.

911 1054 1093 1106 Codex
1117 1055 1254 1105 inter
1274 1055 1432 1106 libros
1457 1055 1767 1107 Harleianos
1798 1055 1853 1106 in
1885 1055 2073 1106 Museo
2105 1052 2408 1105 Britannico
2432 1056 2689 1116 servatus,

1000 1144 1055 1189 et
1078 1151 1291 1187 numero
1313 1142 1461 1188 2639.
1483 1138 1735 1205 signatus.

906 1218 1264 1269 Har-lemensis
1289 1218 1476 1282 codex,
1499 1233 1654 1284 quem
1677 1217 2013 1268 contulerunt
2035 1218 2357 1267 Burmannus
2395 1221 2450 1265 et
2476 1212 2690 1265 Ouden-

1002 1299 1230 1364 dorpius.

896 1381 1094 1447 ¹Codex
1129 1380 1357 1431 recentis
1396 1382 1494 1432 aevi
1533 1381 1583 1431 in
1627 1381 1880 1432 Hulsiana
1915 1379 2247 1443 bibliotheca,
2278 1391 2377 1444 qno
2415 1391 2537 1426 usus
2572 1383 2691 1427 erat

1003 1463 1350 1512 Burmannus.

905 1543 1129 1596 Junkeri
1151 1541 1330 1606 editio,
1353 1542 1497 1606 Lips.
1525 1557 1609 1592 an·
1629 1545 1774 1592 1.722
1798 1540 2005 1591 levioris
2030 1538 2204 1603 pretii.

910 1627 1085 1677 Editio
1118 1624 1358 1688 Juntina,
1393 1625 1625 1675 Florent.
1670 1639 1754 1674 an.
1779 1627 1926 1673 1510.
1972 1635 2069 1685 per
2121 1617 2415 1670 Marianum
2436 1596 2686 1667 Tuccium

1008 1712 1206 1755 curata.

913 1785 1090 1836 Lislaei
1111 1787 1245 1837 liber
1258 1787 1504 1850 scriptus,
1530 1800 1681 1851 quem
1699 1785 1833 1836 citat
1854 1783 2203 1836 casaubonus.

908 1868 1087 1918 Codex
1111 1867 1465 1931 Lovaniensis‚
1489 1881 1645 1934 quem
1668 1867 1888 1917 contulit
1910 1865 2235 1916 Torrentius.

911 1947 1270 2013 Lugdunensis
1292 1949 1474 2013 editio,
1499 1965 1582 1998 an.
1604 1953 1751 1999 2508.
1944 1941 1948 1945 ’

905 2029 1085 2080 Codex
1110 2031 1428 2096 Lyserianus
1460 2047 1489 2081 a
1514 2031 1689 2081 Cortio
1711 2032 1946 2081 collatae.

904 2111 1133 2162 Marciiii
1154 2112 1513 2162 commentarii
1539 2113 1590 2161 in
1614 2111 1743 2161 edit.
1763 2124 1874 2173 sua,
1896 2109 2064 2160 Paris.
2089 2123 2171 2158 an.
2197 2110 2343 2157 1603.

907 2193 1128 2245 Codices
1147 2194 1410 2244 Medicei
1399 2208 1450 2242 ιιι
1475 2193 1602 2244 bibl.
1624 2192 1973 2243 Laurentiano
1990 2188 2203 2254 servati,
2226 2187 2413 2254 quibus
2435 2198 2556 2236 usus
2575 2194 2691 2236 erat

1004 2275 1430 2340 Oudendorpius.

904 2358 1028 2407 Duo
1052 2357 1260 2407 codices
1284 2324 1723 2414 Mediolanenses,
1747 2370 1875 2423 quos
1899 2354 2030 2405 citat
2051 2351 2285 2403 wolfius.

902 2438 1082 2490 Codex
1105 2439 1464 2497 Memmianus,
1489 2439 1577 2506 qui
1618 2445 1673 2490 et
1710 2435 2025 2490 Turonensis
2048 2441 2103 2485 et
2134 2431 2479 2484 Salmasianus
2502 2429 2692 2512 dictus,

1005 2522 1123 2587 quia
1146 2522 1267 2572 oiim
1301 2522 1354 2572 in
1389 2521 1609 2572 armario
1630 2522 1683 2571 S.
1709 2521 1942 2572 Martini
1958 2515 2269 2568 Turonensis
2292 2504 2608 2574 servaretur,
2631 2519 2690 2561 et

1005 2603 1222 2667 primum
1247 2619 1277 2653 a
1297 2604 1550 2655 Salmasio
1574 2604 1811 2654 collatus.

899 2684 1111 2733 Miilieri
1138 2683 1569 2742 Observationes,
1606 2693 1710 2735 tam
1734 2682 1935 2734 schedis
1959 2696 2114 2748 quam
2138 2678 2370 2744 publici
2349 2677 2484 2742 Juris
2508 2675 2691 2739 factm,

1004 2765 1133 2831 quas‘
1157 2766 1287 2817 citat
1308 2767 1791 2832 Baumg.-Crusius.

915 2846 1169 2911 Opsopaei
1191 2846 1380 2910 codex,
1401 2848 1530 2899 olim
1551 2847 1803 2912 Longolii,
1831 2861 1981 2912 quem
2001 2843 2222 2895 contulit
2244 2839 2476 2891 Wolfius.

908 2928 1315 2992 Oudendorpius
1340 2930 1393 2978 in
1416 2944 1509 2979 sua
1528 2930 1655 2978 edit.
1680 2927 1844 2991 Lugd.
1867 2928 1988 2977 Bat.
2014 2939 2098 2975 an.
2120 2928 2264 2974 1751.

908 3007 1084 3058 Editio
1105 3008 1430 3073 Parisiensis,
1451 3025 1534 3060 an.
1559 3014 1704 3059 1512.

909 3089 1131 3138 Codices
1156 3090 1206 3138 in
1231 3090 1374 3153 regia
1395 3090 1632 3140 biblioth.
1659 3089 1944 3138 Parisiensi
1967 3087 2202 3152 repositi.

910 3169 970 3218 C.
996 3170 1238 3219 Patinius
1263 3172 1313 3220 in
1339 3169 1466 3221 edit.
1490 3186 1602 3231 sua,
1627 3171 1790 3220 Basil.
1810 3185 1893 3220 an.
1919 3173 2066 3218 1675.

907 3249 1168 3301 Perizonii
1194 3251 1328 3302 liber
1353 3254 1553 3303 calamo
1577 3260 1836 3307 exaratus,
1855 3266 1959 3315 quo
1983 3265 2102 3300 usus
2124 3255 2236 3299 erat
2260 3249 2603 3297 Burmannus.

914 3331 1105 3382 Pinelli
1166 3334 1354 3396 codex,
1403 3336 1524 3383 oiim
1566 3333 1632 3384 ab
1689 3333 1950 3397 Giphanio
1996 3331 2218 3381 collatus
2260 3329 2313 3377 in
2350 3328 2479 3379 Obs.
2532 3327 2692 3378 Misc.

1002 3414 1248 3461 Tom.1x.

909 3491 1088 3543 Codex
1111 3493 1164 3544 J.
1191 3493 1252 3543 F.
1277 3493 1489 3554 Pithoei,
1513 3510 1662 3560 quem
1687 3493 1936 3559 praestitit
1960 3451 2309 3543 casaubonus.
2381 3503 2386 3506 ¹

909 3571 1096 3622 Pitisci
1121 3573 1303 3636 editio,
1327 3575 1586 3625 Leovard.
1611 3591 1693 3625 an
1717 3578 1863 3626 1715.

874 3707 875 3710 ¹
916 3651 1049 3738 Ang.
1092 3654 1344 3704 Politiani
1382 3656 1589 3705 collatio
1628 3657 1783 3705 trium
1835 3628 2253 3704 membranarum
2297 3648 2364 3699 ad
2403 3663 2520 3699 oras
2561 3649 2692 3699 edit.

1005 3734 1222 3785 Mediol.
1245 3749 1326 3784 an.
1348 3739 1494 3784 1475.
1520 3750 1669 3803 qua
1641 3750 1763 3785 usus
1787 3741 1902 3783 erat
1921 3730 2344 3795 Oudendorpius.

911 3813 1086 3865 Editio
1105 3815 1404 3875 Pulmanni,
1425 3814 1586 3865 Antv.
1610 3830 1691 3864 an.
1716 3819 1862 3865 1574.

908 3898 1143 3948 Duorum
1175 3898 1411 3947 codicum
1456 3896 1700 3959 varietas,
1738 3911 1890 3962 quam
1937 3910 2002 3946 ex
2035 3892 2270 3945 biblioth.
2308 3889 2702 3956 Rhedigeriana

1004 3978 1222 4041 Baumg.
1225 3978 1431 4028 ·Crusio
1448 3977 1590 4026 misit
1610 3976 1910 4026 Schneider.

904 4057 1175 4108 Editiones
1199 4059 1470 4119 Romanae,
1490 4072 1573 4108 an.
1597 4062 1743 4107 1470.
1766 4058 2050 4121 impressas.

878 4138 1200 4198 ,Ruhnkenii
1220 4138 1632 4200 observationes,
1650 4152 1775 4203 quas
1797 4136 1928 4186 citat
1950 4133 2189 4188 Wolfius.

905 4218 1146 4267 Scriverii
1168 4217 1347 4277 editio,
1371 4219 1539 4282 Lugd.
1562 4218 1686 4267 Bat.
1711 4232 1791 4267 an.
1812 4208 1957 4267 15'96.

862 4343 865 4348 .
910 4298 1086 4349 Editio
1107 4299 1170 4349 R.
1190 4298 1461 4363 Stephani,
1491 4300 1659 4351 Paris.
1687 4315 1768 4350 an.
1793 4302 1939 4372 1543.
