3019 4922
1209 431 1599 510 ocsrAvms.
2373 422 2499 489 195

326 577 697 664 Apollonia
725 574 947 653 rediit,
980 574 1261 641 Brutum
1292 572 1760 657 Cassiumque,
1802 581 1868 642 et
1902 578 1970 642 vi
1990 587 2010 626 ³
2063 596 2185 646 nec
2219 579 2497 668 opinan-

318 690 442 760 tes,
475 687 567 760 et,
599 680 764 767 quia
795 678 1210 764 praevisum*
1250 677 1620 761 periculum
1638 684 1678 713 ¹¹¹
1735 679 2283 766 subterfugerant,
2335 686 2499 769 legi÷

315 786 438 850 bus
470 783 798 869 aggredi,¹¹
826 801 1111 866 reosque
1142 779 1352 847 caedis
1379 782 1687 847 absentes
1719 780 1978 849 deferre
1998 792 2024 820 ⁰
2054 787 2307 854 statuit.
2362 789 2497 855 Lu-

318 889 443 954 dos
475 896 706 954 autem
726 895 754 935 P
801 885 1102 953 victoriae
1135 883 1429 952 Caesaris
1460 903 1598 949 non
1632 884 2040 953 audentibus
2085 889 2324 969 facere,
2355 894 2498 976 qui·

313 993 442 1057 bus
472 991 808 1074 obtigerat
834 988 902 1053 id
922 996 953 1035 *¹³
994 1006 1259 1066 munuS,
1291 987 1442 1072 ipse
1466 985 1697 1055 edidit.
1794 988 1881 1055 Et
1908 1010 2041 1073 quo
2089 995 2497 1063 constantius

315 1099 544 1159 cetera
577 1112 848 1177 quoque
877 1097 1334 1179 exequeretur,
1377 1092 1447 1156 in
1485 1091 1717 1156 locum
1747 1091 2025 1160 Tribuni
2066 1094 2282 1177 plebis
2323 1095 2494 1164 sorte

316 1196 640 1262 demortui
692 1195 1120 1261 candidatum
1167 1193 1577 1280 [petitorem]
1604 1201 1629 1243 ⁵
1674 1214 1748 1259 se
1776 1196 2086 1275 ostendit,
2115 1217 2494 1281 quanquam
2595 1277 2600 1284 ‚

316 1297 697 1382 patricius,⁶
720 1307 741 1336 Υ
783 1299 1071 1366 necdum
1113 1297 1444 1363 Senator.³⁵
1536 1296 1671 1362 Sed
1723 1296 2108 1365 adversante
2152 1300 2499 1366 conatibus

1223 1463 1585 1486 ‘mOOOOOOOO

317 1565 395 1613 vei
417 1577 607 1613 novam
621 1561 893 1628 periodum
919 1562 1189 1628 incipiunt.
1216 1627 1219 1628 ⁷
1256 1562 1533 1631 Punctum»
1553 1562 1865 1614 sustulerunt
1899 1537 2079 1629 Stepli.
2118 1564 2277 1614 Gron.
2315 1565 2493 1616 Burm.

317 1629 400 1693 qui
422 1628 553 1678 vitio
573 1627 711 1678 forte
733 1641 1004 1691 operarum
1026 1629 1284 1678 minimam
1304 1633 1503 1679 tautum
1522 1629 1786 1677 commatis
1809 1629 2188 1680 distinctionem
2199 1628 2362 1678 habet
2381 1637 2496 1692 post

202 1709 207 1710 ⁷
315 1694 596 1743 main—8
638 1694 701 1743 Et
732 1695 781 1743 vi
813 1694 948 1758 quod
986 1694 1206 1744 restituit
1235 1696 1381 1744 Torr.
1401 1692 1733 1744 confirmatur
1764 1708 1793 1741 a
1815 1696 2027 1756 Merum.
2048 1695 2242 1744 Medic.
2260 1699 2307 1744 8.
2341 1694 2497 1745 Vind.

317 1767 537 1823 utroque
572 1759 685 1809 Pal.
723 1762 770 1808 1.
804 1765 859 1808 ct
890 1773 1050 1824 marg.
1072 1758 1272 1824 Gryph.
1293 1758 1489 1809 necvim
1504 1759 1746 1808 Duneim.
1769 1759 1929 1809 Fouc.
1951 1761 2094 1808 etiam
2114 1774 2197 1809 nec
2215 1775 2288 1821 op.
2313 1759 2426 1808 Pal.
2445 1764 2494 1808 2.

316 1828 364 1872 8.
400 1824 571 1873 Periz.
606 1823 834 1873 Harlem.
867 1825 1002 1875 Ven.
1042 1832 1109 1874 tr.
1143 1833 1199 1875 et
1229 1839 1363 1875 omn.
1399 1823 1466 1872 ad
1515 1823 1731 1873 Casaub.
1757 1829 1813 1873 -et
1842 1840 1925 1874 nec
1954 1840 2027 1885 op.
2061 1823 2163 1873 duo
2191 1825 2319 1873 Mss.
2340 1824 2494 1874 Torr.

316 1889 465 1938 Brut.
484 1894 537 1938 et
563 1888 695 1938 Cass.
718 1904 802 1939 nec
821 1905 896 1953 op.
920 1890 1065 1941 Cort.
1084 1902 1200 1940 cum
1219 1889 1352 1939 Edd.
1374 1888 1621 1938 Rom.——4
1655 1888 1905 1938 Provisum
1934 1890 2146 1939 Memm.
2186 1889 2344 1938 Fouc.
2379 1888 2495 1937 Pin.

315 1954 514 2004 Medic.
540 1957 589 2001 3.
612 1954 767 2004 Vind.
791 1961 1011 2018 uterque
1030 1968 1143 2004 cum
1167 1954 1300 2005 Edd.
1318 1955 1450 2003 Ven.
1471 1957 1521 2003 1.
1554 1952 1719 2016 Lugd.
1744 1954 1923 2017 Stepb.
1952 1954 2284 2017 probantibus
2315 1952 2496 2002 Burm.

316 2018 442 2066 Ern.
455 2027 512 2068 et
530 2017 686 2068 Wolf.
723 2019 954 2083 Reliquae
973 2017 1083 2068 fere
1099 2019 1232 2072 Edd.
1252 2019 1523 2083 pravum,
1536 2019 1669 2083 quod
1688 2020 2031 2082 praetulerunt
2043 2018 2185 2069 Oud.
2206 2024 2261 2067 et
2278 2019 2495 2080 Baumg.

315 2083 465 2132 Solus
504 2083 744 2134 Dunelm.
781 2084 935 2134 habet
965 2086 1215 2147 perviam.
1250 2085 1428 2133 Burm.
1468 2084 1622 2133 etiam
1656 2084 1930 2146 legendum
1969 2083 2124 2133 vellet
2157 2084 2240 2132 sed
2269 2082 2493 2145 quim—5

315 2147 513 2197 Vocem
532 2149 797 2212 petitorem,
819 2164 933 2215 qnae
955 2149 1106 2199 abest
1128 2163 1158 2198 e
1179 2149 1393 2199 Memm.
1419 2148 1562 2199 Pith.
1586 2147 1713 2199 Lisi.
1738 2149 1853 2199 Pal.
1875 2154 1925 2200 2.
1948 2149 2065 2211 an.
2087 2148 2277 2198 Medic.
2295 2151 2342 2196 8.
2377 2147 2498 2197 Pin.

315 2220 370 2260 et
399 2213 453 2261 in
487 2214 841 2278 Torrentianis
877 2215 1076 2263 incerto
1112 2216 1225 2264 loco
1249 2214 1476 2279 ponitur,
1497 2220 1738 2279 tanquam
1762 2216 2012 2278 glossema
2032 2214 2295 2279 ejecerunt
2322 2226 2497 2261 omnes

317 2277 580 2339 Editores,
602 2286 792 2341 praeter
814 2278 1034 2329 Casaub.
1068 2281 1154 2343 qui
1186 2280 1320 2344 conj.
1340 2280 1638 2340 candidatus,
1655 2278 1829 2329 θην.
1851 2294 1969 2329 cum
1987 2279 2191 2338 Vossio,
2216 2278 2302 2342 qui
2328 2276 2498 2339 potins

314 2343 619 2393 candidatum·
642 2343 811 2393 induci
835 2344 1028 2393 debere
1047 2344 1387 2405 contendunt,
1408 2351 1461 2393 et
1481 2344 1645 2395 Gron.
1663 2359 1759 2410 pro
1777 2344 2036 2408 adjectivo
2050 2344 2500 2405 interpretantem.
2533 2379 2541 2386 .

316 2407 568 2472 Superius
588 2409 765 2459 monui
786 2408 930 2459 Cort.
956 2409 1089 2460 Edd.
1109 2410 1357 2459 Rom—6
1380 2408 1536 2460 Fouc.
1555 2414 1691 2474 puter
1710 2409 1810 2472 effus
1831 2410 1944 2461 loco
1964 2409 2051 2457 τοῦ
2067 2408 2238 2474 patric.
2275 2406 2498 2471 Langius

1303 2553 1519 2606 NOTAE

320 2650 456 2701 enim
502 2656 738 2708 cavetur,
781 2658 840 2701 ut
876 2651 1125 2713 haeredes,
1158 2651 1242 2701 vel
1285 2650 1374 2716 qui
1454 2653 1588 2702 latus
1630 2659 1780 2709 esset,
1818 2652 1926 2704 ludi
1961 2658 2015 2703 et
2044 2666 2188 2702 sacra
2224 2650 2409 2701 flerent
2444 2653 2497 2702 in

319 2726 583 2778 baeredum
624 2729 738 2777 loco
781 2735 916 2792 sunt,
952 2726 1178 2779 officiose
1220 2733 1377 2791 agant

319 2805 460 2855 circa
483 2803 716 2854 defuncti
739 2804 1039 2866 vindictam,
1070 2804 1257 2869 alioqui
1279 2803 1379 2852 illis

320 2889 378 2929 ut
402 2879 625 2943 indignis
645 2879 923 2930 haereditas
940 2879 1189 2930 aufertur.
1244 2877 1379 2927 Vide

320 2956 531 3005 titulum
555 2953 612 3006 ff.
638 2963 692 3004 et
715 2956 843 3006 Cod.
879 2953 944 3004 de
965 2955 1044 3006 his
1068 2970 1182 3020 quae
1206 2960 1266 3004 ut
1303 2953 1379 3004 in-

323 3031 492 3096 dignis
514 3031 831 3082 auferuntur.

385 3117 423 3142 ¹¹¹
456 3109 725 3158 Proevisum
764 3108 1043 3173 periculum]
1086 3107 1238 3160 Quod
1278 3106 1377 3157 sibi

217 3174 223 3179 ’
323 3184 628 3235 imminebat
653 3183 721 3234 ab
764 3184 1020 3234 Octavioz
1058 3191 1184 3248 puto
1222 3185 1376 3247 enim,

326 3262 498 3327 inquit
552 3261 909 3325 casaubonus,
962 3260 1240 3313 Octavium
1284 3277 1378 3327 per

327 3337 515 3388 milites
538 3337 862 3388 Caesarianos
895 3338 1102 3389 insidias
1127 3339 1377 3390 struxisse

326 3412 528 3462 illorum
560 3412 703 3476 vitoe,
742 3428 843 3478 quo
882 3420 1114 3480 ternpore
1148 3414 1294 3465 Antii
1326 3428 1378 3463 e-

326 3495 463 3549 rant,
504 3495 560 3537 et
596 3503 690 3552 per
725 3488 931 3539 Italiam
969 3490 1083 3555 vagi
1117 3490 1381 3556 errabant,

328 3574 387 3616 ut
411 3578 477 3615 ex
511 3564 747 3629 epistolis
769 3565 1033 3616 Ciceronis
1057 3572 1294 3630 apparet.

389 3649 415 3675 ¹¹
447 3640 656 3703 Legibus
677 3640 902 3705 aggredi]
933 3642 1006 3692 Iis
1040 3655 1247 3706 nempe,
1267 3655 1382 3707 qnae

325 3716 627 3769 facinorosis
652 3731 827 3791 poenas
862 3718 1179 3782 irrogabant,
1204 3718 1383 3782 quales

320 3794 573 3843 Cornelia
595 3793 660 3842 de
683 3794 915 3858 Sicariis,
936 3794 1365 3858 Majestatis‚&c.

390 3875 418 3900 ⁰
455 3868 664 3931 acusque
692 3884 737 3918 c.
776 3884 822 3918 a.
862 3869 1068 3934 deferre]
1104 3870 1222 3920 Hoc
1260 3884 1385 3935 quo·

324 3943 483 3992 modo
504 3942 675 4005 tieret,
697 3943 749 3992 in
770 3943 807 3994 J
812 3944 915 3994 ulio
938 3944 1134 3995 dictum
1157 3952 1254 3996 est.

395 4026 422 4059 Ρ
453 4018 611 4069 Ludos
630 4019 809 4083 autem]
841 4021 987 4070 Varii
1010 4022 1060 4070 in
1083 4022 1378 4071 memoriam

328 4094 575 4145 Caesariis
620 4095 950 4146 victoriarum
983 4098 1092 4147 ludi
1133 4098 1382 4148 celebrati

333 4179 485 4222 sunt:
518 4173 671 4222 victis
703 4172 839 4222 enim
876 4174 929 4222 in
952 4174 1207 4239 Hispania
1229 4175 1383 4224 Pom-

334 4250 439 4313 peii
460 4249 660 4312 liberis,
681 4250 972 4305 institutum
998 4257 1095 4313 est,
1118 4258 1176 4301 ut
1197 4251 1383 4316 postri-

328 4324 421 4376 'die
442 4339 558 4378 cum
586 4328 800 4378 Romam
825 4327 939 4393 ejus
979 4328 1051 4379 rei
1078 4326 1286 4380 nuntius
1311 4327 1382 4378 al·

1457 2728 1628 2793 Circo,
1670 2734 1726 2778 et
1757 2729 1810 2778 in
1848 2729 2140 2780 memoriam
2175 2720 2504 2790 Pharsalicae,

1460 2818 1564 2868 qua
1597 2802 1843 2866 templum
1884 2803 2075 2853 Veneri
2117 2802 2385 2853 Genetrici
2413 2819 2502 2854 vo·

1460 2884 1623 2940 verat,
1641 2877 1790 2929 ludos
1812 2878 1979 2930 eidem
2019 2878 2270 2943 genetrici
2301 2878 2499 2929 dicatos

1461 2955 1535 3023 ait
1574 2955 1810 3005 Plinius:
1863 2956 2111 3006 horumne
2151 2956 2384 3006 alterutri
2429 2971 2493 3006 an

1460 3032 1568 3097 alii,
1585 3045 1686 3082 non
1705 3038 1927 3083 constat.
1978 3031 2186 3082 Priores
2201 3029 2359 3082 fliisse
2377 3032 2503 3083 'ror-

1458 3108 1657 3158 tentius
1673 3105 1896 3158 affirmat
1913 3125 1930 3169 3
1958 3107 2095 3174 quod
2115 3122 2183 3158 ne
2201 3107 2505 3158 casaubono

1456 3184 1723 3250 probetur,
1768 3186 1943 3236 obstat
1986 3184 2174 3236 merito
2216 3198 2504 3249 repugnan-

1458 3260 1532 3311 tia
1555 3264 1859 3322 temporum.

1521 3343 1547 3377 ‘¹
1582 3334 1763 3391 Quibus
1801 3336 2037 3398 obtigerat
2067 3333 2142 3398 id]
2176 3334 2417 3396 Quidam,
2451 3349 2504 3383 e-

1456 3411 1562 3461 nim
1599 3410 1807 3462 vivente
1846 3413 2073 3474 Caesare,
2099 3409 2325 3460 facturos
2355 3410 2407 3457 id
2448 3423 2502 3464 se

1457 3492 1792 3550 receperant,
1808 3486 1943 3550 qnod
1968 3486 2033 3535 ad
2058 3483 2300 3548 populum
2331 3483 2505 3531 deme-

1458 3562 1693 3616 rendum.
1726 3560 1929 3624 privata
1951 3560 2037 3612 ille
2059 3557 2279 3624 perfecit
2311 3558 2506 3621 impen-

1460 3653 1533 3690 sa.

1524 3721 1545 3747 ¹
1577 3714 1855 3778 Quanquam
1885 3709 2139 3777 patricius]
2192 3708 2414 3772 Legibus
2453 3722 2506 3759 e.

1459 3791 1565 3841 nim
1620 3789 1919 3851 cavebatur,
1958 3802 2023 3837 ne
2081 3785 2329 3851 patricius
2371 3786 2519 3859 hune'

1459 3869 1810 3932 magistratum
1832 3865 2221 3929 adipisceretur,
2245 3868 2306 3910 ut
2338 3862 2390 3910 in
2411 3860 2447 3911 J
2452 3877 2509 3910 n-

1459 3946 1533 3995 lio
1556 3959 1602 3994 c.
1624 3948 1703 3994 19.
1727 3949 1976 3993 notatum.
2030 3939 2348 3989 candidatum
2364 3953 2413 3988 se
2437 3938 2509 3987 os*-

1459 4020 1654 4077 tendit,-
1691 4019 1781 4067 aiii
1825 4018 2127 4067 Cunditatum
2172 4015 2416 4080 petitorem
2457 4029 2508 4065 ee

1460 4096 1679 4147 ostendit.
1747 4095 1913 4144 Nemo
1946 4092 2152 4143 dubitet
2186 4093 2308 4157 quin
2346 4089 2508 4140 dictio

1456 4172 1709 4236 petitorem
1728 4185 1793 4221 ex
1815 4169 2047 4235 margine
2068 4167 2354 4233 irrepserit.
2392 4164 2521 4215 Τοπ

1458 4253 1589 4299 rent.

1524 4334 1545 4360 ⁸
1563 4326 1772 4378 Necdum
1794 4325 2015 4391 Senator]
2049 4322 2270 4374 Videtur
2287 4319 2369 4369 hic
2382 4317 2510 4368 Sue·
