3019 4922
1138 471 1143 480 .
1232 435 1611 485 Tlnmuus.
2378 418 2510 483 513

321 586 705 652 extitisset!
788 585 957 672 [63]
1005 589 1274 671 Quam4
1315 591 1484 655 inter
1512 588 1659 657 baec
1707 609 1840 654 non
1890 590 2088 656 modo
2133 588 2395 655 invisus
2424 608 2506 653 ac

322 689 765 768 detestabiliS,
806 692 927 756 sed
958 693 1416 776 ‘praetrepidus
1436 700 1460 740 ⁵
1493 712 1782 777 quoque,
1814 699 2012 778 atque
2045 693 2242 756 etiam
2274 696 2509 756 contu·

320 793 539 857 meliis
571 795 907 859 obnOXius
945 795 1210 873 vixerit,
1255 795 1472 859 multa
1514 793 1798 859 iudicia⁶
1825 803 2001 859 sunt.
2090 794 2509 877 Haruspices

322 903 583 961 secreto
612 917 695 962 ac
726 899 867 963 sine
896 899 1183 963 testibus
1225 898 1486 962 consuli
1526 897 1755 962 vetuit.
1844 897 2089 961 Vicina
2132 916 2291 964 vero
2336 896 2508 962 Urbi

314 999 594 1063 oracula
609 1007 637 1036 ⁶·
665 1002 865 1066 etiam
896 1001 1244 1085 disjicere⁷
1276 1008 1563 1066 conatus
1594 1009 1702 1065 est
1723 1018 1745 1062 ε
1788 1001 1905 1065 sed
1938 1000 2294 1084 majestate
2322 999 2510 1063 Prae-

319 1102 721 1169 nestinarum
739 1105 764 1144 ⁸
799 1105 1078 1170 sortium
1097 1102 1122 1140 f
1142 1103 1434 1184 territus,
1476 1103 1763 1182 destitit,
1794 1123 1948 1169 cum
1976 1097 2365 1185 obsignatas
2396 1101 2511 1165 de-

321 1210 693 1289 rectusque
724 1206 1014 1273 Romam
1043 1226 1175 1272 non
1220 1208 1580 1291 reperisset
1610 1208 1676 1271 iu
1701 1214 1914 1285 arca,g
1940 1206 2073 1273 nisi
2102 1206 2349 1270 relata⁹
2377 1223 2511 1268 rur·

321 1324 440 1368 sus
470 1307 552 1370 ad
578 1309 918 1392 templum.
1004 1308 1226 1373 Unum
1249 1316 1317 1374 et
1343 1311 1622 1374 alterum
1645 1310 2058 1387 consulareS‚
2089 1308 2334 1374 oblatis
2356 1324 2514 1391 pro-

322 1406 618 1486 vinciiS‚¹²
645 1429 776 1475 non
819 1429 1026 1475 ausus
1068 1430 1110 1475 a
1153 1431 1227 1475 se
1256 1410 1668 1487 dimittere,¹0
1712 1430 1923 1494 usque
1955 1431 2039 1476 eo
2068 1410 2365 1486 detinuit,
2396 1408 2514 1473 do-

319 1529 449 1574 nec
495 1529 930 1578 successores
979 1519 1139 1597 post
1188 1514 1452 1597 aliquot
1509 1531 1725 1578 annos
1784 1513 2234 1596 praesentibus
2278 1512 2516 1576 daret:

319 1631 475 1676 cum
504 1613 792 1695 interim,
837 1624 1150 1681 manente
1188 1616 1391 1681 officii
1422 1617 1641 1694 titulo,
1686 1616 1893 1681 etiam
1926 1610 2286 1698 delegareti
2312 1614 2515 1698 pluri-

320 1734 431 1779 ma
460 1715 754 1796 assidue,
796 1728 984 1802 quae¹
1033 1719 1131 1783 illi
1174 1738 1300 1802 per
1340 1715 1647 1801 legatosk
1679 1727 1745 1785 et
1790 1717 2127 1803 adjutores
2171 1736 2329 1783 suos
2358 1736 2516 1782 exe-

1243 1901 1393 1921 &OOOO
1399 1900 1606 1921 neme

318 2027 477 2077 vind.
504 2032 551 2077 1.
589 2028 640 2078 in
665 2045 768 2093 quo
792 2039 847 2081 et
872 2047 990 2082 mox
1010 2034 1300 2084 abhorreret.
1367 2034 1502 2085 Item
1532 2051 1592 2085 ne
1612 2042 1735 2085 ante
1758 2035 1895 2097 reliq.
1918 2033 2066 2083 deest
2083 2033 2304 2096 Cuj.-—4
2339 2032 2519 2082 Habet

318 2108 456 2155 quam
476 2109 585 2142 vero
607 2095 732 2143 inter
765 2098 977 2147 Merum.
1008 2114 1127 2148 curn
1163 2102 1332 2149 Pei-iz.
1355 2101 1507 2150 Hills.
1534 2102 1679 2151 Cort.
1705 2101 1937 2150 Har-lem.
1961 2099 2051 2148 sed
2083 2098 2321 2148 omuibus
2345 2112 2521 2147 recen-

320 2158 545 2207 tissimis.
614 2161 663 2208 N
669 2176 734 2209 on
772 2170 1044 2226 comparet
1063 2163 1122 2213 τὸ
1142 2180 1254 2215 vero
1276 2167 1327 2214 in
1351 2167 1478 2214 Mes.
1503 2167 1644 2216 Oud.
1666 2166 1899 2230 reliquis,
1930 2178 2101 2228 neque
2125 2164 2294 2214 Pulm.
2318 2163 2429 2213 Pal.
2453 2171 2521 2213 tr.

322 2222 450 2286 Cop.
473 2224 593 2287 Cuj.
621 2226 756 2276 Dun.
798 2229 917 2291 Lys.
951 2229 1085 2279 Edd.
1126 2230 1278 2280 Rom.
1309 2232 1447 2280 Ven.
1472 2236 1519 2280 1.
1559 2233 1689 2280 Bon.
1718 2237 1773 2280 et
1796 2232 1929 2279 duce
1953 2231 2183 2279 Grutero
2207 2228 2522 2277 deleverunt

320 2288 444 2336 Ern.
478 2289 597 2352 Bip.
634 2290 852 2357 Baumg.
875 2294 1176 2358 aliique.-—5
1212 2298 1530 2359 Pet-trepidus
1564 2298 1719 2346 vind.
1739 2301 1790 2345 2.
1859 2295 2103 2355 Quidam,
2119 2302 2262 2352 seete
2282 2295 2427 2343 Torr.
2452 2293 2524 2340 le·

318 2352 474 2413 gend.
498 2363 748 2417 putarunt
777 2360 1068 2421 praeteritus.
1134 2362 1263 2410 Mox
1298 2376 1474 2410 vocem
1511 2364 1771 2411 cantamen
1791 2360 2063 2409 delendam
2096 2374 2207 2408 esse
2248 2364 2526 2407 suaserunt

315 2419 477 2469 Salm.
496 2420 670 2470 Groev.
695 2422 859 2472 Grou.
883 2430 940 2474 et
961 2438 1096 2474 man.
1119 2426 1260 2476 doct.
1279 2428 1344 2475 ad
1363 2441 1437 2477 or.
1460 2428 1560 2477 Ed.
1586 2426 1785 2490 Gryph.
1816 2432 1997 2475 contra
2019 2423 2361 2489 pugnantibus
2381 2421 2523 2472 Oud.

319 2485 445 2533 Ern.
470 2484 788 2548 Baumg.—6
819 2489 1020 2539 Judicia
1042 2491 1195 2540 Vind.
1223 2497 1271 2540 1.
1294 2492 1529 2540 Hau-lem.
1554 2499 1608 2539 et
1630 2492 1680 2540 in
1699 2506 1817 2540 secr.
1840 2491 1991 2539 Huic.
2054 2491 2189 2538 Tum
2211 2489 2383 2537 metuit
2403 2486 2522 2549 Cuj.

317 2553 416 2598 -7
456 2549 694 2601 Discit-ere
722 2553 930 2602 Memm.
954 2554 1149 2603 Medic.
1187 2561 1232 2605 1.
1260 2559 1308 2603 3.
1340 2557 1512 2605 Periz-
1535 2556 1665 2618 cop.
1688 2557 1921 2605 Harlem.
1946 2554 2100 2603 Huls.
2123 2553 2295 2603 ἀίει-ἕω
2314 2552 2459 2601 Med.
2476 2555 2525 2599 2.

318 2614 410 2661 sed
432 2612 656 2664 dissicere
691 2617 740 2664 in
780 2633 943 2682 marg.
981 2620 1161 2668 discere
1186 2621 1302 2684 Cuj.
1325 2621 1470 2669 etiam
1495 2622 1734 2683 ignorant
1760 2627 1976 2683 uterque
2001 2619 2155 2669 vind.
2189 2617 2359 2667 Periz.
2381 2616 2525 2666 Cort.

318 2682 376 2752 et
397 2681 585 2742 priscae
611 2679 742 2730 Edd.
771 2685 1016 2744 plurimae.
1084 2684 1290 2734 Primus
1316 2685 1518 2734 addidit
1539 2683 1787 2735 Beroald.
1808 2698 1922 2733 cum
1948 2684 2069 2731 Bas·
2093 2684 2270 2732 Plani.
2295 2686 2394 2730 διο.
2460 2681 2524 2728 In
2553 2712 2561 2721 -

316 2741 447 2790 libb.
470 2742 627 2793 Polit.
649 2751 813 2795 et.--8
848 2749 1198 2798 Praestinarum
1224 2750 1380 2798 vind.
1409 2755 1454 2799 1.
1521 2751 1649 2800 Mox
1672 2750 1855 2810 obsigna.
1894 2748 2157 2798 destinatas
2193 2749 2300 2795 dev.
2334 2744 2525 2799 Medic.

318 2809 370 2854 l·
398 2808 758 2874 ⁰b⁸iff²²⁰¹a⁸q¹te
778 2812 917 2862 Rom.
937 2829 987 2863 n.
1005 2828 1047 2863 r.
1067 2815 1104 2863 i.
1131 2815 1323 2866 arduam
1343 2814 1504 2865 vind.
1532 2819 1676 2863 1.—9
1710 2816 1878 2878 Vulgo
1901 2815 2098 2862 relatas.
2164 2812 2302 2861 Illud
2328 2816 2524 2859 testan-

320 2876 406 2919 tur
429 2872 640 2923 Memm.
661 2876 856 2926 Medic.
880 2883 930 2928 3.
955 2878 1114 2930 Polit.
1140 2879 1271 2943 Cop-
1296 2880 1448 2928 Huls.
1472 2880 1691 2944 Lougoi.
1714 2878 1812 2928 Ed.
1837 2879 1955 2928 Ald.
1981 2887 2038 2926 nt
2063 2875 2267 2939 legend.
2281 2862 2527 2936 confiece·

322 2945 407 2985 rat
445 2936 584 3000 Lips.
661 2941 917 2992 robantib.
948 2945 1096 2994 Torr.
1139 2945 1281 2994 Oud.
1323 2946 1450 2994 Ern.
1488 2945 1611 3008 Bip.
1648 2942 1807 2994 Wolf.
1887 2943 1952 2992 Iu
1989 2942 2149 2991 Vind.
2189 2946 2234 2990 1.
2267 2940 2528 2988 velatus.—

323 3005 385 3049 10
419 3000 563 3050 Unus
586 3004 620 3052 li
663 3038 678 3054 .
700 3006 846 3054 Torr.
868 3023 961 3056 non
983 3024 1086 3057 aus.
1110 3009 1269 3059 dimit.
1289 3026 1319 3058 a
1339 3024 1406 3059 se.
1474 3010 1598 3059 Nou
1621 3009 1841 3059 habetur
1874 3007 1997 3056 illud
2030 3022 2063 3055 α
2091 3022 2141 3055 ⁸ae
2173 3007 2228 3055 in
2267 3005 2381 3055 Pul.
2405 3007 2450 3052 ἱ.
2475 3005 2526 3051 2.

320 3064 383 3114 In
409 3065 478 3116 0.
499 3067 650 3116 editis
676 3071 835 3136 antiq.
857 3081 1050 3135 praeter
1070 3075 1252 3138 Steph.
1274 3089 1418 3138 usque
1438 3077 1574 3133 adeo,
1606 3074 1698 3123 sed
1721 3090 1773 3124 eo
1799 3074 1923 3123 dant
1945 3074 2159 3121 Mernm.
2192 3071 2352 3120 Fouc.
2376 3069 2527 3117 voca.

319 3138 376 3180 et
396 3144 528 3182 unus
551 3135 700 3185 Tot-r.
721 3151 838 3186 cum
863 3138 999 3188 Edd·
1016 3138 1191 3190 Graev.
1207 3140 1367 3190 Gron.
1388 3141 1513 3190 Ern.
1529 3139 1649 3203 Bip.
1671 3146 1726 3190 et
1742 3139 1806 3189 al.
1823 3137 1964 3188 antiis
1980 3136 2175 3188 Medic.
2192 3139 2336 3188 2.-—-1
2360 3134 2527 3198 Vulgo

1315 3302 1366 3354 N
1375 3303 1534 3354 0¹1·AE

383 3402 408 3427 θ
448 3392 618 3445 Vicina
681 3412 790 3446 vero
850 3398 972 3448 Urbi
1034 3400 1247 3464 oracula]
1308 3401 1386 3451 Ut
1466 3401 1574 3450 nal.
1599 3414 1676 3451 vt.
1710 3398 1989 3461 ‘Oblitus,'
2023 3397 2197 3462 inquit
2221 3399 2401 3444 auctor
2425 3392 2532 3453 ille,¹

322 3477 490 3527 cortes
531 3471 835 3537 Antiatinae,
879 3476 945 3524 de
986 3477 1173 3542 quibus
1218 3477 1386 3540 Calig.
1467 3476 1827 3536 ‘Arruntium,
1859 3473 1925 3524 ne
1966 3475 2020 3523 in
2063 3471 2370 3536 Hispaniam
2415 3481 2532 3530 per·

324 3561 445 3610 cap.
484 3552 566 3598 5⁷.
605 3557 661 3598 et
699 3552 1064 3609 Praenestinae,
1100 3553 1168 3602 de
1200 3554 1387 3617 quibua
1467 3560 1633 3617 geret,
1660 3552 1914 3601 decimum
1940 3551 2049 3614 jam
2071 3562 2258 3597 annum
2282 3542 2537 3600 attineri!

328 3622 439 3671 hic.
1469 3629 1648 3680 Quare
1673 3627 1739 3676 de
1773 3641 1837 3676 eo
1860 3635 1912 3675 et
1936 3626 2002 3676 de
2026 3625 2161 3674 AElio
2190 3622 2367 3673 Lamia
2390 3622 2532 3669 locus

393 3696 412 3730 s
438 3699 854 3751 Proenestinurum
888 3703 1111 3768 sortium]
1158 3705 1243 3753 De
1287 3704 1388 3752 his·
1468 3704 1554 3753 hic
1607 3703 1811 3752 omnino
1874 3701 2081 3751 videtur
2146 3695 2536 3761 intelligendus·

325 3775 460 3823 toria
492 3775 670 3826 hamm
705 3779 918 3828 sortium
943 3780 1061 3830 vide
1087 3781 1389 3832 Ciceronem
1469 3780 1660 3830 Tiberii
1676 3780 1940 3829 consilinm
1958 3781 2053 3828 inoc
2065 3777 2230 3827 secuti
2252 3781 2372 3823 sunt
2395 3777 2537 3836 post-

326 3851 464 3907 libro
487 3865 550 3900 11.
574 3852 639 3901 de
668 3854 1016 3906 Divinatione.
1053 3858 1135 3907 De
1167 3858 1389 3907 oraculis
1472 3872 1536 3906 ea
1558 3862 1612 3906 et
1638 3858 1803 3918 Nero,
1820 3855 2063 3904 Vitellius
2086 3849 2155 3903 ac'
2182 3849 2538 3911 Domitianus,

319 3927 433 3992 jam
455 3942 613 3991 supra
635 3944 752 3993 cap.
773 3934 851 3980 14.
1472 3939 1533 3981 ut
1555 3932 1710 3980 docet
1733 3931 1886 3980 variis
1911 3927 1968 3978 in'
1984 3929 2107 3980 locis
2129 3928 2361 3977 Tacitus·

395 4013 422 4048 ⁸
452 4004 606 4070 Arca]
669 4007 748 4059 Ea
790 4015 966 4057 autem
1008 4022 1078 4058 ex
1124 4009 1242 4059 olea
1278 4007 1394 4071 fuit,
1537 4006 1551 4040 ¹
1582 4007 1868 4069 Delegaret]
1901 4006 2021 4055 Hoc
2039 4011 2142 4064 est,
2178 4018 2244 4052 eu
2270 4001 2540 4051 mandaret

333 4089 468 4132 teste
492 4083 742 4133 Cicerone
765 4084 975 4134 ibidem.
1475 4082 1822 4145 agenda,qnae
1842 4082 1993 4143 vulgo
2014 4078 2389 4144 provinciarum
2411 4091 2536 4140 prae·

398 4155 422 4190 ¹¹
461 4158 617 4207 Unum
638 4165 684 4209 et
705 4162 907 4209 alterum
927 4162 1208 4224 consulares,
1231 4159 1399 4209 oblatis
1475 4158 1671 4209 eidibus
1696 4158 2063 4221 Imperatores.

333 4235 605 4299 provinciis,
620 4238 728 4301 Sca]
767 4237 908 4288 Quas
932 4237 997 4286 ab
1031 4237 1228 4286 idoneis
1252 4250 1399 4285 recu·
1543 4233 1566 4268 Β
1599 4235 1827 4299 Legatos]
1863 4233 2004 4286 Quid
2026 4234 2148 4307 sint,
2173 4246 2330 4296 supra
2352 4246 2398 4281 c.
2418 4235 2503 4281 41.

335 4311 435 4359 sari
471 4313 806 4374 conqueritur
841 4311 975 4376 apud
1019 4314 1257 4364 Tacitum
1294 4311 1397 4362 An·

468 4392 643 4454 Delph.
667 4397 714 4442 et
747 4392 862 4442 Var.
887 4395 1015 4444 Cloe.
1362 4393 1554 4443 Sueten.
1846 4448 1856 4456 ‘
2294 4391 2326 4435 2
2363 4386 2413 4434 K
