3019 4922
512 415 641 481 502

509 597 649 655 reo,
679 574 1004 659 paulatim
1029 582 1048 612 ¹
1080 575 1221 639 hoc·
1243 595 1450 659 genus
1476 576 1835 641 calumniae
1857 573 1883 611 ¹³
1932 597 2013 641 eo
2046 582 2401 661 processit,
2436 588 2512 644 ut
2553 580 2698 645 haec

512 700 784 765 quoque
831 679 1147 763 capitalia
1191 688 1460 744 essent:
1517 681 1696 744 circa
1749 679 2037 761 Augusti
2083 683 2513 748 simulacrum
2571 705 2703 748 ser-

509 779 707 847 vum¹
768 781 1148 859 cecidisse,²
1194 783 1587 846 vestimenta
1616 789 1980 861 mutasse,¹¹¹
2022 804 2292 850 nummo
2323 787 2428 850 vel
2457 787 2702 852 annulo

509 882 787 964 effigiem
806 892 834 920 ¹¹
862 885 1261 968 impressam
1288 886 1588 951 latrinae⁰
1617 891 1731 949 aut
1759 886 2065 970 lupanari
2096 888 2424 965 intulisse,
2455 889 2703 953 dictum

508 987 721 1051 ullum
750 986 1088 1051 factumve
1118 988 1263 1072 ejus
1292 989 1781 1054 existimatione
1805 997 1824 1035 ³
1860 990 2088 1073 aliqua
2113 991 2400 1055 laesisse.
2488 991 2704 1055 Periit

512 1092 798 1178 denique
830 1102 900 1159 et
930 1096 1010 1172 is,
1042 1095 1155 1177 qui
1188 1095 1501 1160 honorem
1524 1101 1556 1143 4
1581 1098 1653 1160 in
1686 1096 1953 1160 colonia
1982 1115 2108 1160 sua
2138 1097 2371 1161 eodem
2402 1097 2512 1160 die
2533 1106 2561 1146 P
2590 1096 2701 1160 de-

1357 431 1423 478 G.
1466 429 1833 481 SUBToNll

1436 1287 1493 1311 oe
1500 1290 1800 1311 eeteomoe

509 1406 765 1470 scriptura
788 1408 1110 1470 clepserint—l
1151 1408 1411 1467 Confestim
1445 1423 1540 1472 pro
1560 1412 1694 1474 pau&
1727 1410 1779 1459 in
1808 1424 1973 1472 marg.
1999 1410 2197 1475 Gryph.
2231 1417 2284 1458 et
2309 1423 2409 1458 uuo
2429 1409 2574 1459 Torr.
2642 1407 2702 1458 Ῑιι

512 1473 674 1522 altero
698 1480 970 1536 utrumque
994 1472 1158 1523 deest.
1227 1476 1396 1523 Etiam
1421 1476 1505 1524 hoc
1532 1478 1713 1524 exulat
1738 1491 1765 1524 a
1788 1475 1946 1525 duob.
1977 1477 2148 1525 Pulm.
2183 1474 2377 1523 Medic.
2410 1475 2526 1538 Cuj.
2553 1475 2704 1525 Voss.

510 1538 648 1585 Dun.
677 1538 828 1588 Vind.
853 1543 898 1587 1.
921 1537 1066 1588 Cort.
1099 1539 1242 1586 Edu.-
1264 1540 1410 1587 Rom.
1444 1540 1575 1590 Ven.
1604 1546 1646 1590 l.
1688 1541 1847 1602 Lugd.
1883 1540 2029 1590 Junt.
2054 1540 2175 1589 Ald-
2197 1540 2478 1602 Steph.—2
2514 1540 2705 1590 Sedisse

510 1617 671 1666 marg.
691 1604 892 1667 Gryph.
962 1604 1091 1652 Dein
1114 1608 1288 1653 vestem
1310 1610 1427 1653 mut.
1465 1607 1638 1653 Periz.
1661 1607 1895 1655 Harlem.
1920 1621 2034 1655 cum
2057 1604 2192 1655 Edd.
2217 1606 2366 1654 Vett.
2391 1605 2454 1653 ad
2479 1606 2701 1653 Casaub.

510 1682 691 1731 usque,
715 1678 769 1717 et
794 1671 1059 1718 revocavit
1081 1669 1257 1718 Burni.
1301 1669 1538 1718 Alterum
1560 1670 1662 1718 fide
1687 1671 1853 1720 Codd.
1875 1686 2078 1720 suorum
2105 1670 2388 1719 vindicavit
2414 1669 2555 1719 Oud.
2604 1670 2702 1718 Ce-

512 1738 679 1781 terum
703 1735 790 1781 lat.
812 1740 864 1782 ut
887 1736 983 1796 lup.
1006 1734 1200 1783 Medic.
1217 1738 1265 1782 3.
1290 1735 1448 1784 Polit.
1486 1738 1561 1784 uel
1596 1737 1693 1798 lup.
1736 1737 1882 1785 Cort.
1924 1735 2058 1785 Edd.
2097 1737 2339 1784 Rome-8
2376 1735 2707 1783 Extimatione

510 1798 690 1848 Periz.
759 1799 1031 1859 corrigere
1057 1800 1217 1848 voluit
1247 1802 1428 1849 Burin.
1462 1801 1590 1850 dicto
1624 1802 1952 1863 ullofactoque
1972 1801 2070 1862 ejus
2090 1800 2487 1850 exisfimationem
2510 1800 2703 1860 lasiae,

510 1864 592 1911 vel
634 1870 835 1912 mutare
857 1864 1017 1927 aliqua
1051 1864 1102 1912 in
1125 1866 1278 1927 aliquo
1301 1880 1352 1914 v.
1375 1866 1576 1929 oblique,
1610 1881 1761 1929 quem
1800 1866 1998 1915 refutat
2037 1865 2175 1915 Oud.
2211 1867 2296 1929 qui
2321 1876 2493 1914 tamen
2517 1866 2703 1927 obliqua

508 1926 803 1990 praeferret,
837 1929 880 1978 si
904 1930 956 1978 in
978 1929 1108 1979 Mss.
1132 1931 1564 1993 reperiretur.—4
1584 1932 1671 1980 Ita
1693 1933 1873 1995 reponi
1887 1932 2051 1995 jussit
2074 1930 2214 1980 Oud.
2236 1932 2549 1981 auctoritate
2573 1931 2704 1980 Mss.

1502 2080 1717 2130 NOTAE

573 2172 597 2206 Β
642 2175 806 2224 Genus
866 2176 1136 2239 calumniae]
1206 2177 1566 2225 Calumniandi
1641 2178 1777 2240 piam
1809 2176 1876 2226 de
1910 2191 2087 2237 causa,
2124 2181 2321 2225 vestem
2355 2172 2615 2221 interdum
2648 2171 2700 2220 ἰιι

507 2249 767 2299 licentiam
805 2249 899 2300 sub
930 2252 1158 2301 Tiberio.
1215 2254 1379 2303 Notat
1403 2256 1565 2303 etiam

506 2327 725 2376 Tacitus
759 2327 846 2375 lib.
882 2342 919 2376 ι.
953 2327 1249 2387 Annalium,
1287 2337 1340 2378 et
1368 2331 1568 2379 Seneca

506 2402 598 2454 lib.
622 2417 710 2453 ιιι.
745 2405 812 2454 de
845 2405 1119 2454 Beneficiis
1153 2421 1268 2471 cap.
1292 2411 1373 2457 26.
1425 2408 1566 2458 ‘Sub

508 2481 714 2531 Tiberio
749 2484 958 2533 Caesare
995 2482 1093 2533 fuit
1135 2486 1418 2535 accusandi
1463 2485 1568 2535 fre·

509 2572 671 2621 quens
715 2566 769 2607 et
806 2574 955 2622 paene
986 2559 1195 2622 publica
1231 2561 1418 2619 rabies,
1453 2576 1567 2626 quae

509 2634 645 2681 omni
670 2633 807 2682 civili
833 2634 969 2683 bello
1006 2637 1210 2698 gravius
1247 2644 1473 2700 togatam
1495 2638 1567 2688 ci·

507 2707 723 2758 vitatem
742 2708 989 2760 confecit.
1016 2712 1566 2776 Exeipiebaturebrio-

505 2798 618 2834 rum
643 2801 829 2850 sermo,
852 2790 1153 2853 simplicitas
1168 2792 1469 2855 jocantium,
1488 2795 1564 2843 ni·

504 2860 578 2910 hil
601 2872 714 2912 erat
736 2865 940 2926 tutum‚'
958 2870 1057 2915 διο.

568 2938 835 3006 ¹Servum]
892 2945 990 2993 His
1021 2946 1215 2997 licebat
1259 2946 1322 2996 ad
1370 2954 1566 2998 statuas

507 3016 792 3082 Principis,
825 3028 1063 3084 tanquam
1091 3022 1154 3071 ad
1194 3024 1409 3085 asylum,
1442 3039 1565 3072 con-

504 3092 718 3154 fugere3
740 3109 907 3158 ¹neque
936 3095 1002 3145 de
1025 3096 1128 3145 illis
1151 3104 1349 3146 tantum
1375 3100 1565 3147 intelli-

504 3166 700 3230 gendus
724 3169 809 3218 hic
834 3171 998 3231 locus,
1021 3172 1109 3221 sed
1135 3172 1200 3221 de
1223 3173 1284 3221 iis
1308 3175 1563 3234 omnibus,

505 3245 590 3311 qui
613 3245 740 3296 inibi
765 3262 796 3296 a
818 3262 1136 3313 quocumque
1166 3250 1286 3298 caesi
1307 3249 1498 3300 forent.

568 3331 605 3357 ¹¹²
647 3324 941 3375 Vestimenta
960 3326 1186 3389 mutasse]
1226 3327 1341 3376 Hoc
1376 3329 1427 3377 in
1453 3329 1563 3378 loco

502 3411 708 3454 sacrato
732 3404 1064 3468 prohibitum,
1088 3413 1145 3456 ut
1179 3416 1327 3470 patet
1359 3423 1424 3456 ex
1457 3410 1562 3458 Va-

503 3480 632 3530 lerio
672 3483 906 3531 Maximo
938 3483 1026 3532 lib.
1071 3497 1134 3532 ιι.
1183 3486 1199 3511 ‘
1225 3484 1561 3535 Manifestum

503 3556 665 3620 igitur
688 3566 768 3608 est
793 3564 994 3608 tantum
1030 3560 1290 3624 religionis
1325 3563 1562 3626 sanguini

500 3641 559 3684 et
592 3633 833 3685 affinitati
859 3644 1109 3698 quantum
1151 3638 1276 3701 ipsis
1311 3640 1426 3688 Diis
1466 3640 1561 3689 im-

502 3712 802 3762 mortalibus
841 3713 1121 3775 tributum3
1156 3716 1276 3778 quia
1301 3716 1437 3766 inter
1459 3717 1562 3767 ista

502 3796 606 3840 tam
640 3799 820 3841 sancta
855 3791 1057 3841 vincula
1086 3807 1189 3841 non
1218 3795 1381 3856 magis
1405 3809 1560 3859 quam

499 3867 552 3916 in
576 3869 751 3933 aliquo
777 3877 982 3918 sacrato
1014 3869 1131 3918 loco
1167 3869 1359 3919 nudare
1383 3885 1458 3933 se,
1480 3870 1561 3922 fas

500 3957 616 3993 esse
639 3943 982 3994 credebatur.'
1034 3945 1190 3997 Quod
1214 3954 1268 3995 et
1286 3948 1560 3998 confirmat

497 4017 810 4071 Plutarchus
847 4023 898 4070 iu
944 4022 1332 4074 Quaestionibus
1370 4025 1557 4074 Roma-

502 4094 602 4157 nis,
621 4103 672 4144 et
696 4097 761 4145 de
787 4112 842 4146 re
875 4100 1052 4161 quavis
1089 4099 1363 4150 inhonesta
1381 4101 1559 4151 Arria-

501 4184 597 4218 nus
634 4171 724 4221 lib.
761 4186 823 4222 ιι.
860 4189 976 4239 cap.
1008 4180 1057 4226 8.
1114 4177 1557 4229 Vestimentorum

502 4246 614 4295 haec
653 4250 870 4298 mutatio
912 4265 1013 4300 non
1050 4254 1182 4303 male
1225 4268 1254 4303 a
1296 4255 1554 4306 Beroaldo

499 4320 725 4374 refertur
746 4324 810 4374 ad
832 4339 942 4387 eos,
965 4329 1052 4392 qui
1089 4329 1231 4395 luxu,
1255 4332 1415 4384 aliave
1435 4350 1555 4399 qua·

1642 2253 1751 2304 foro
1788 2260 2067 2314 mutarent,
2102 2253 2265 2301 instar
2305 2249 2437 2297 illius
2459 2247 2701 2311 Crispini,

1641 2330 1707 2379 de
1734 2346 1833 2394 quo
1857 2331 2107 2380 Martialis
2142 2329 2234 2378 lib.
2271 2342 2399 2377 vm.
2436 2327 2591 2389 Epig.
2621 2328 2701 2374 48.

1642 2410 1657 2437 ‘
1690 2408 1873 2459 Nescit
1906 2409 1987 2456 cui
2022 2406 2230 2455 dederit
2261 2404 2466 2469 Tyriam
2508 2402 2699 2466 Crispi-

1639 2501 1736 2536 nus
1761 2487 2002 2547 abollam,
2026 2488 2159 2536 Dum
2199 2490 2367 2533 mutat
2403 2482 2596 2543 cultus,
2631 2481 2701 2532 ine

1642 2562 1917 2627 duiturque
1941 2565 2133 2611 novos.’
2445 2575 2451 2579 ·

1704 2647 1727 2672 ¹¹
1766 2639 2008 2705 Effigiem]
2045 2638 2297 2701 Exemplo
2332 2644 2413 2684 est
2438 2634 2573 2697 apud
2610 2635 2700 2684 Se-

1640 2731 1818 2765 necam
1844 2716 1973 2764 libro
1993 2729 2078 2764 ιιι.
2099 2715 2164 2764 de
2182 2712 2478 2772 Beneficiis,
2503 2711 2699 2761 Paulus

1642 2794 1718 2841 vir
1743 2793 2047 2855 Praetorius‚
2085 2806 2236 2856 quem
2273 2791 2450 2840 Macro
2490 2787 2699 2852 qnidam

1641 2869 1962 2933 turpissimus
1985 2869 2189 2917 delator
2210 2873 2543 2916 accusaturus
2569 2870 2702 2925 erat,

1641 2946 1781 3009 quod
1818 2945 2012 2994 Tiberii
2060 2943 2333 3007 imaginem
2374 2956 2578 3004 gemma
2611 2955 2698 2989 ex·

1641 3023 1893 3086 sculptam
1916 3022 2131 3083 habens,
2165 3022 2220 3069 in
2258 3019 2496 3068 convivio
2533 3025 2698 3065 matu·

1642 3100 1739 3146 lam
1780 3096 2060 3152 sumsisset,
2106 3089 2157 3144 ni
2200 3094 2336 3144 servi
2390 3094 2699 3143 accessisset

1640 3174 1908 3224 industria.
1940 3174 2107 3223 Testis
2131 3179 2211 3222 est
2234 3172 2389 3220 etiam
2415 3170 2698 3219 Philostra-

1638 3260 1723 3301 tus
1746 3252 2039 3301 damnatum
2063 3250 2317 3316 quendam
2338 3248 2474 3314 quod
2495 3263 2697 3298 servum

1640 3333 1981 3392 verberasset,
2021 3329 2106 3391 qui
2137 3327 2272 3377 forte
2304 3327 2572 3375 denarium
2610 3339 2696 3388 ge-

1638 3407 1807 3463 rebat,
1849 3419 1949 3470 quo
1983 3402 2157 3454 efficta
2198 3411 2338 3452 esset
2380 3401 2552 3465 imago
2583 3401 2695 3450 Cae-

1636 3497 1997 3620 niniati-im]
2052 3557 2222 3606 Varro
2270 3555 2405 3605 libro
2450 3569 2579 3606 vm.
2623 3554 2692 3604 de

1635 3635 1839 3699 Lingua
1862 3634 2042 3685 Latina
2064 3633 2211 3695 dicit,
2232 3631 2469 3683 balneum
2496 3633 2694 3682 ‹lomes-

1636 3714 1794 3763 ticum
1834 3713 1899 3761 ab
1934 3711 2155 3775 antiquis
2192 3711 2535 3759 ‘lavatrinam
2558 3709 2570 3729 ’
2604 3723 2695 3772 ap-

1635 3790 1904 3854 pellatum,
1935 3803 1997 3837 ac
2031 3786 2220 3836 deinde
2244 3787 2516 3836 brevitatis
2538 3799 2694 3836 cansa

1635 3865 1949 3922 ‘latrinaml
1987 3873 2042 3914 et
2089 3864 2392 3914 colluviaria
2432 3864 2589 3914 etiam
2634 3877 2694 3912 ac

1635 3944 1859 3995 sordium
1908 3942 2233 4005 receptacula
2272 3947 2410 3997 sunt,
2454 3947 2513 3988 ut
2553 3944 2695 4001 patet

1627 4033 1701 4071 'ex
1725 4019 1952 4085 ejusdem
1980 4019 2208 4067 auctoris
2243 4017 2373 4065 libro
2407 4031 2487 4067 lv·
2529 4017 2692 4064 Erant

1634 4106 1691 4150 et
1714 4098 1936 4162 publica
1959 4096 2179 4159 latrinae,
2216 4108 2430 4158 quarum
2460 4092 2691 4141 meminit

1633 4176 1912 4227 Suetonius
1937 4174 1987 4223 in
2008 4172 2203 4222 Lucani
2228 4171 2352 4219 vita.

1697 4261 1724 4295 Ρ
1759 4255 1935 4302 Eodem
1954 4248 2055 4311 die]
2096 4246 2392 4298 Notandum
2427 4258 2577 4308 quam
2609 4256 2687 4291 so·

1635 4333 1807 4384 licitus
1842 4336 1976 4380 esset
1998 4328 2196 4378 dierum
2224 4323 2542 4374 observator.
2593 4320 2683 4368 Ta·
