3019 4922
1195 412 1594 465 ocTAans.
2369 403 2497 469 331

318 564 552 643 postea
584 577 878 644 quoque,
910 568 989 624 ut
1014 560 1293 640 ferunt,⁹
1339 561 1424 627 ad
1465 562 1791 627 vitiandas
1836 562 2118 645 virgines
2159 564 2502 646 promtior,

312 683 461 745 quae
485 664 621 727 sibi
643 659 960 748 undique,
981 664 1180 729 etiam
1209 668 1295 731 ab
1321 661 1556 745 uxore,
1578 668 2133 750 conquirerentur.
2176 666 2368 731 Aleae
2391 688 2502 731 ru-

310 785 561 830 morem
591 767 774 831 nullo
807 767 1005 832 modo
1037 771 1332 853 expavit,
1364 772 1662 853 lusitque
1695 770 2083 853 simpliciter
2114 776 2181 833 et
2208 771 2430 853 palam
2454 779 2504 808 ¹0

310 869 781 934 oblectamenti
814 890 1047 946 causa,
1079 873 1281 937 etiam
1314 890 1562 953 senex3
1611 893 1715 947 ac,
1746 878 2183 955 praeterquam
2222 874 2505 937 Decem-

309 970 404 1034 bri
438 970 721 1048 mense,h
751 974 905 1044 aliis
938 995 1202 1058 quoque
1249 976 1447 1040 sestis
1493 976 1943 1059 profestisque
1983 972 2263 1039 diebus.i
2352 975 2504 1040 Nec

307 1073 374 1137 id
404 1082 421 1112 ¹
456 1074 732 1139 dubium
756 1083 879 1141 est.
953 1075 1440 1161 Autographak
1472 1078 1763 1161 quadam
1796 1078 2102 1160 epistola,
2135 1084 2151 1112 ‘
2179 1075 2505 1154 Coenavi,'

311 1175 425 1253 ait,
457 1181 477 1208 ‘
505 1179 594 1242 mi
623 1178 876 1256 Tiberi,
908 1200 1061 1244 cum
1108 1181 1394 1245 iisdem.2
1482 1179 1934 1245 Accesserant
1977 1181 2277 1244 convivae
2311 1179 2505 1243 Vini-

313 1280 457 1344 cius
486 1286 552 1345 et
575 1281 783 1347 Silius
807 1289 826 1328 ³
851 1277 867 1316 ¹
897 1290 1110 1368 pater.
1185 1283 1371 1349 Inter
1401 1304 1668 1348 coenam
1687 1290 1728 1317 ¹¹¹
1757 1284 2040 1347 lusimus
2070 1290 2457 1369 γεροντικῶς,4
2476 1290 2504 1318 ¹³

1224 1452 1287 1470 Ν
1292 1452 1589 1472 OOOOOOOO

313 1550 407 1595 —9
441 1546 674 1607 Referunt
694 1548 746 1598 in
768 1549 874 1598 sola
892 1550 988 1600 Ed.
1006 1552 1179 1601 Paris.
1206 1555 1480 1601 1509.--1o
1516 1551 1675 1601 Pilum
1697 1552 1812 1601 Pal.
1837 1556 1883 1600 1.
1918 1553 2047 1601 Mox
2070 1557 2113 1600 et
2133 1551 2328 1615 profest.
2350 1551 2506 1600 Fouc.

317 1612 511 1661 Medic.
536 1624 603 1663 tr.
631 1615 740 1678 Cuj.
762 1617 915 1666 Voss.
965 1618 1097 1667 Inde
1124 1617 1256 1681 conj.
1283 1616 1421 1666 ond.
1444 1614 1605 1665 fuisse
1630 1618 1808 1681 script.
1820 1616 2056 1680 festisque
2078 1624 2122 1666 et
2144 1616 2370 1680 profestis
2391 1619 2510 1665 d.—

317 1682 341 1726 l
379 1678 438 1726 Id
476 1679 716 1741 ignorant
751 1681 944 1730 Medic.
989 1687 1033 1731 1.
1059 1687 1106 1733 3.
1140 1682 1291 1731 Vind.
1321 1686 1369 1730 2.
1395 1682 1525 1744 Cop.
1565 1682 1713 1731 Huls.
1783 1684 1968 1731 Multae
1997 1683 2127 1731 Edd.
2158 1684 2386 1745 jungunt
2410 1683 2507 1731 hoc

316 1743 496 1792 modo:
535 1745 640 1793 Nec
670 1746 720 1794 id
743 1749 790 1795 d.
813 1752 883 1796 est
921 1753 1107 1808 autogr.
1131 1763 1178 1811 q.
1200 1747 1410 1811 epistola.
1438 1748 1569 1796 Coen.
1603 1743 1689 1795 -In
1729 1748 1863 1796 Edd.
1889 1748 2023 1795 Ven.
2049 1747 2170 1795 trib.
2207 1747 2423 1795 Mediol.
2462 1750 2509 1796 1.

318 1808 461 1857 Cald.
484 1810 668 1871 antigr.
689 1812 856 1875 Lugd.
879 1818 1071 1875 autogr.
1095 1814 1238 1862 Cort.
1260 1812 1577 1873 aphtogr.—2
1615 1813 1768 1861 Isdem
1788 1814 1997 1861 Memm.
2012 1812 2206 1861 Medic.
2230 1817 2278 1860 2.
2301 1816 2349 1860 3.
2374 1811 2508 1861 Edd.

317 1871 465 1922 Junt.
491 1873 618 1937 Arg.
637 1876 816 1925 hisdem
836 1878 1026 1926 Medic.
1047 1882 1095 1926 1.
1118 1893 1223 1927 cum
1245 1878 1384 1926 iidem
1404 1892 1574 1926 necess.
1598 1877 1768 1925 Periz.
1793 1878 2021 1927 Harlem.
2046 1878 2177 1926 Edd.
2204 1878 2352 1926 Rom.
2378 1878 2512 1927 Ven.

317 1945 380 1986 tr.
404 1940 638 2004 aliaeque.
686 1942 843 1991 Liber
866 1949 1150 2006 pervetust.
1171 1945 1314 1993 Torr.
1332 1942 1671 2005 superscript.
1694 1943 1849 1992 habet
1876 1944 1995 1994 alias
2013 1959 2118 1992 cum
2151 1943 2295 1990 Iside.
2351 1944 2367 1970 ‘
2395 1943 2511 1991 Nisi

319 2018 502 2053 nomen
528 2006 734 2070 aliquod
760 2009 886 2057 latet
910 2009 959 2056 in
999 2010 1096 2058 hoc
1119 2023 1232 2058 voc.
1252 2015 1573 2071 corruptum,
1595 2016 1707 2057 est:
1743 2014 1858 2057 cum
1885 2010 2084 2066 iisdem,
2107 2010 2408 2071 quibuscum
2432 2023 2512 2054 so·

317 2070 418 2128 leo,
453 2080 507 2119 et
528 2085 659 2134 quos
682 2072 852 2121 nosti.'
884 2075 1188 2135 Buumg.—3
1225 2074 1356 2123 Haec
1388 2074 1545 2122 lectio
1580 2082 1795 2137 recepta
1820 2085 1897 2121 est
1938 2074 2252 2123 anctoritate
2275 2074 2386 2122 cod.
2409 2073 2513 2121 Pa·
2543 2105 2544 2110 ,

227 2163 230 2167 Δ
318 2136 478 2185 tavin.
503 2136 715 2186 Memm.
741 2138 947 2188 Viterb.
975 2140 1093 2189 Lisl.
1120 2140 1233 2189 Pal.
1260 2144 1307 2188 1.
1328 2138 1525 2189 Medic.
1547 2140 1720 2203 trium,
1739 2140 1859 2188 Pin.
1883 2139 2039 2188 Vind.
2058 2144 2104 2188 2.
2124 2148 2176 2187 et
2204 2138 2317 2201 Cuj.
2339 2146 2393 2186 et
2415 2139 2511 2185 Ed.

315 2200 499 2263 Steph.
526 2201 697 2265 Vulgo
720 2202 920 2264 Silvius,
945 2219 1037 2267 pro
1058 2220 1157 2268 quo
1179 2206 1324 2254 'l'orr-
1346 2213 1497 2266 putat
1532 2205 1735 2268 legend.
1758 2204 1966 2254 Salvius.
2017 2206 2081 2254 In
2106 2203 2217 2252 Pal.
2237 2208 2287 2253 2.
2318 2208 2365 2252 et
2373 2203 2514 2268 filius

320 2265 434 2314 Pal.
453 2270 501 2315 3.
520 2272 566 2315 et
592 2268 855 2332 Consetius,
874 2270 1006 2329 Cop.
1026 2275 1072 2318 et
1088 2272 1254 2333 ipsius.
1290 2270 1456 2319 Paulo
1480 2278 1599 2320 ante
1631 2271 1821 2320 Vintius
1844 2271 2075 2319 Harlem.
2105 2269 2295 2318 Unitz'us
2312 2270 2444 2317 Ven.
2469 2273 2516 2316 l.

325 2330 540 2381 Vinitr'us
575 2333 923 2395 plurimam—4
957 2336 1116 2384 Fouc.
1153 2336 1242 2385 dat
1275 2335 1440 2384 literis
1469 2336 1712 2384 Romanis
1730 2337 2021 2396 ger-amicos,
2042 2340 2094 2383 et
2120 2350 2238 2383 mox
2261 2349 2396 2383 cause
2420 2348 2514 2395 pro

317 2410 494 2447 canem.
528 2397 592 2447 In
616 2398 776 2448 vind.
800 2403 846 2448 1.
868 2405 912 2448 et
941 2401 1046 2450 hod.
1078 2407 1126 2450 et
1146 2400 1266 2450 heri.
1298 2400 1589 2463 Tumjactis
1606 2407 1659 2451 ut
1680 2403 1849 2467 quique
1886 2402 2057 2451 Periz.
2079 2400 2295 2463 jactatus
2316 2405 2368 2449 ut
2386 2400 2513 2463 quiq.

1314 2567 1529 2616 NOTAE

323 2679 542 2742 Scyllaeo
580 2677 667 2727 illo
708 2679 824 2728 aeris
865 2679 1016 2729 alieni
1053 2679 1102 2728 in
1142 2677 1278 2729 freto
1313 2679 1378 2728 ad

320 2756 606 2805 columnam
639 2756 1034 2822 adhaeresceret,
1061 2758 1112 2806 in
1135 2757 1382 2807 Tribuna-

322 2838 405 2880 tus
426 2840 635 2897 portum
657 2831 930 2897 confugit.’

388 2907 411 2941 ¹¹
441 2908 536 2969 Ac,
574 2913 892 2972 proeterquam
916 2911 1168 2962 Decembri
1201 2911 1379 2977 mense]

324 2984 442 3034 Hoc
465 2993 562 3041 est,
585 2995 933 3052 praeterquam
968 2988 1103 3054 quod
1138 3005 1205 3039 ex
1238 3005 1380 3041 more

323 3064 532 3126 publico
556 3063 766 3113 ludebat
798 3065 1000 3115 assidue
1035 3082 1127 3130 per
1149 3081 1377 3117 mensem

322 3140 682 3204 Decembrem,
723 3145 822 3192 &c.
889 3145 1033 3193 Tunc
1071 3146 1208 3194 enim
1250 3153 1379 3195 tem-

324 3217 464 3281 poris
491 3225 598 3267 tota
619 3219 804 3267 civitas
829 3219 1058 3270 ludorum
1083 3230 1137 3272 et
1161 3223 1379 3274 luxuriae

324 3301 576 3356 apparatu
602 3295 932 3358 personabat,
960 3311 1074 3345 cum
1101 3305 1241 3347 totus
1265 3314 1380 3360 pro-

324 3371 601 3433 pemodum
623 3372 709 3422 ille
733 3374 919 3423 mensis
940 3373 1091 3424 festis
1125 3375 1381 3440 transige-

324 3458 490 3511 retur,
513 3456 572 3499 ut
595 3465 712 3514 cap.
744 3455 826 3501 32.
853 3460 1087 3516 notatum
1126 3458 1224 3502 est.
1292 3456 1383 3502 Sa·

327 3528 550 3576 turnalia
581 3528 867 3590 praesertim
901 3530 966 3579 ad
1005 3533 1085 3581 14.
1119 3530 1239 3580 Kal.
1262 3531 1381 3582 Jan.

325 3618 511 3667 magna
543 3605 801 3656 hilaritate
835 3606 1188 3671 celebrabant,
1220 3613 1280 3656 ut
1318 3622 1383 3657 ex

326 3681 596 3731 Macrobio
616 3682 860 3744 colligere
880 3682 1031 3733 facile
1053 3690 1149 3736 est.

389 3758 403 3791 ¹
438 3760 599 3809 Festis
634 3759 947 3824 profestisque
966 3760 1150 3826 diebus]
1190 3762 1276 3811 De
1306 3762 1384 3811 bis

332 3835 631 3885 Macrobius
657 3836 746 3887 lib.
770 3851 809 3886 ι.
833 3852 880 3886 c.
906 3842 986 3887 16.
1007 3838 1024 3866 ‘
1045 3839 1231 3894 Numa,
1249 3846 1308 3889 ut
1329 3839 1383 3888 in

331 3928 532 3963 menses
574 3928 780 3972 annum,
814 3913 886 3963 ita
923 3914 973 3962 in
1005 3913 1117 3963 dies
1156 3930 1385 3965 mensem

331 4005 588 4056 quemque
606 4049 611 4053 ,
630 3990 913 4052 distribuit,
948 3991 1164 4056 diesque
1207 4007 1387 4042 omnes

335 4076 421 4117 aut
459 4066 641 4128 festos,
681 4075 771 4116 aut
797 4066 1071 4130 profestos,
1104 4076 1193 4118 aut
1227 4068 1386 4118 inter-

336 4144 466 4194 cisos
490 4144 715 4193 vocavit.
763 4144 905 4193 Festi
928 4145 1040 4194 Diis
1065 4145 1224 4195 dicati
1248 4152 1385 4210 sunt,

337 4220 564 4271 Profesti
598 4221 906 4283 hominibus,
928 4221 994 4271 ob
1029 4221 1389 4272 administran-

334 4300 449 4351 dam
466 4316 577 4354 rem
604 4299 879 4366 privatam,
893 4300 1247 4368 publicamque
1267 4316 1390 4353 con·

1458 2679 1609 2728 cessi.
1676 2677 1918 2727 Inter-cisi
1970 2679 2195 2728 Deorum
2235 2678 2517 2728 hominum·

1456 2773 1556 2823 que
1580 2771 1875 2807 communes
1898 2756 2055 2818 sunt,’
2076 2760 2174 2806 &c.

1523 2833 1546 2867 k
1577 2832 1912 2896 Autographa]
1967 2832 2137 2897 Ipsius
2168 2848 2317 2881 manu
2352 2832 2517 2898 scrip·

1459 2921 1534 2962 la.

1527 2986 1540 3022 ¹
1577 2988 1792 3038 Vinicius
1815 2994 1862 3038 et
1896 2987 2048 3038 Silius
2071 2986 2307 3051 [Silvius]
2354 2987 2515 3037 Forte

1457 3066 1689 3116 Vinicius
1727 3068 1833 3128 ille,
1871 3067 1934 3116 de
1988 3081 2089 3131 quo
2145 3080 2302 3128 snpra
2348 3079 2395 3113 c.
2438 3067 2519 3115 64.

1458 3145 1565 3194 Pro
1587 3145 1767 3194 Silvius
1790 3145 1969 3194 scribit
1990 3143 2322 3194 casaubonus
2347 3141 2519 3191 Silius.

1458 3225 1610 3274 Torr.
1654 3226 1828 3274 mallet
1866 3223 2073 3273 Salvius.
2139 3223 2257 3271 Fuit
2301 3227 2521 3282 utraque

1460 3315 1588 3361 gens
1615 3301 1865 3363 Romana,
1887 3314 1987 3348 non
2014 3314 2132 3348 vero
2154 3298 2333 3348 Silvia.
2401 3298 2521 3346 Fuit

1461 3376 1664 3441 quidam
1713 3384 1836 3424 tunc
1894 3375 2139 3438 temporis
2187 3375 2263 3422 M.
2320 3374 2521 3422 Salvius

1463 3452 1607 3501 Otho
1636 3451 1794 3499 Liviae
1816 3449 2167 3498 familiaritate
2192 3449 2520 3513 conspicuus,

1463 3528 1607 3590 cujus
1630 3526 1859 3575 meminit
1882 3524 2016 3574 infra
2041 3526 2089 3574 in
2118 3525 2327 3574 Othone
2351 3540 2397 3574 c.
2423 3530 2468 3575 1.

1528 3612 1565 3637 ¹¹¹
1598 3604 1739 3654 Inter
1758 3600 1957 3667 coenar‘n]
1992 3601 2109 3651 Hoc
2134 3609 2235 3663 est,
2263 3603 2397 3651 inter
2420 3619 2525 3652 coe·

1466 3695 1546 3732 nae
1572 3680 1798 3743 fercula3
1820 3680 2062 3728 lautiores
2086 3679 2221 3728 enim
2239 3681 2399 3729 coenis
2419 3683 2524 3731 suis

1466 3760 1605 3809 lusus
1641 3758 1958 3821 inserebant,
1992 3757 2124 3805 unde
2160 3767 2215 3804 et
2249 3771 2365 3805 cum
2400 3773 2524 3822 apo.

1466 3837 1695 3899 phoretis
1720 3833 2074 3885 afferebantur
2104 3847 2305 3898 quoque
2342 3834 2430 3882 tali
2467 3846 2527 3886 et

1462 3920 1699 3975 tesserae,
1721 3919 1780 3962 ut
1813 3928 1878 3960 ex
1916 3911 2090 3965 Plauti
2131 3909 2370 3959 Asinaria
2403 3913 2522 3960 Act.

1463 4005 1520 4041 v.
1544 3993 1626 4040 Sc.
1648 3994 1696 4039 2.
1720 4005 1794 4038 vs,
1819 3994 1899 4037 55.
1934 3987 2236 4051 Propertio,
2273 3988 2525 4037 Martiali-

1465 4083 1583 4132 que,
1608 4071 1701 4117 ἃς.
1724 4066 1957 4129 colligas.
2005 4102 2010 4103 κ

1530 4153 1554 4178 ¹¹
1589 4143 1895 4208 Γεροντικῶς]
1921 4141 2238 4192 Adverbium
2264 4142 2523 4192 Graecum.

1465 4222 1583 4272 Hoc
1599 4221 1920 4282 estseniliter,
1941 4235 2078 4270 more
2100 4221 2301 4270 scilicet
2324 4235 2525 4281 senum,

1465 4299 1834 4352 oblectamenti
1876 4314 2048 4363 carisa,
2090 4314 2192 4350 non
2236 4297 2523 4364 cupiditate
