3019 4922
522 412 652 477 460

522 578 642 650 tet,
674 579 743 636 et
770 573 982 635 bonos
1014 575 1082 634 et
1110 588 1344 653 aequos
1374 575 1437 632 et
1465 568 1778 634 faventes
1806 589 1932 633 vos
1966 568 2168 633 habui
2201 567 2611 648 dominoS,⁴⁰
2653 563 2716 636 et

526 675 744 740 adhuc
774 671 1035 738 habeo!
1119 670 1285 756 [30]
1331 671 1516 752 Quin
1546 673 1746 738 etiam
1777 674 2072 756 speciem
2096 672 2427 737 libertatis
2452 682 2477 721 Ρ
2508 693 2717 757 quana

527 780 679 843 darn
713 778 992 852 induxit,
1021 776 1431 840 conservatis
1453 783 1476 822 ⁵
1524 775 1802 841 Senatui
1832 795 1914 841 ac
1945 777 2449 858 magistratibus
2480 785 2552 842 et
2582 797 2716 841 ma·-

517 882 772 965 jestate
795 881 1080 963 pristina
1111 888 1180 942 et
1207 884 1580 962 potestate:
1628 895 1846 963 neque
1872 886 2002 944 tam
2030 899 2306 963 parvum
2333 882 2714 963 quicquam,

525 1005 738 1070 neque
779 993 919 1049 tam
961 1002 1272 1064 magnum
1315 983 1571 1066 publici
1602 984 1973 1066 privatique
2003 983 2251 1065 negotii
2279 983 2430 1061 suit,
2462 983 2548 1048 de
2582 1002 2717 1066 quo

524 1108 655 1153 non
697 1089 780 1150 ad
815 1086 894 1150 P.
927 1085 1004 1150 C.
1035 1081 1431 1149 referretur.⁶
1517 1085 1624 1149 De
1668 1086 2109 1167 vectigalibus
2149 1107 2231 1151 ac
2270 1088 2719 1171 monopoliiS,⁴¹

527 1192 609 1255 de
665 1189 1123 1255 exstruendis⁷
1169 1188 1635 1253 reficiendisve
1675 1191 2013 1272 operibus,
2059 1190 2259 1254 etiam
2305 1190 2388 1270 de
2433 1190 2718 1272 legendo

524 1295 632 1357 vel
678 1291 1179 1357 exauctorando
1204 1299 1225 1327 ¹
1274 1291 1512 1368 milite,
1555 1311 1638 1355 ac
1682 1292 2006 1374 legionum
2053 1295 2123 1355 et
2162 1292 2566 1356 auxiliorum
2609 1293 2719 1357 de·

524 1396 888 1478 scriptione
912 1416 930 1475 3
976 1395 1286 1478 denique,
1310 1395 1552 1478 quibus
1583 1395 1937 1478 imperium
1971 1396 2332 1476 prorogari,
2358 1400 2474 1458 aut
2502 1401 2720 1457 extra⁴

525 1498 858 1562 ordinaria
905 1498 1078 1562 bella
1121 1498 1442 1576 mandari,
1475 1499 1640 1583 quid
1684 1505 1748 1563 et
1778 1519 1911 1582 qua
1957 1496 2210 1561 forma⁸
2254 1517 2482 1578 regum
2509 1496 2719 1560 literis

525 1600 795 1666 rescribi
825 1601 1147 1685 placeret.
1240 1601 1641 1666 Praefectum
1668 1601 1845 1680 alae,⁸
1873 1601 1954 1666 de
1983 1601 2051 1664 vi
2080 1609 2150 1664 et
2180 1600 2433 1683 rapinis
2457 1608 2485 1651 ⁹
2513 1620 2718 1678 reum,

1426 424 1489 471 0.
1539 423 1826 472 SUETO‘N
1842 424 1900 472 11

1440 1798 1812 1822 “Mb“

525 1933 673 1983 Voss,
697 1933 816 1997 an.
841 1933 1199 1984 desiderantur
1222 1951 1293 1985 me
1308 1935 1437 1999 poeu.
1490 1936 1683 1987 Exulat
1706 1935 1765 1984 τὸ
1794 1936 1847 1985 id
1884 1951 1915 1985 a
1948 1935 2104 1985 vind:
2128 1940 2174 1984 1.
2210 1934 2377 1984 Periz.
2415 1934 2648 1983 Harlem.
2671 1939 2725 1982 et

524 1999 659 2047 Edd.
675 2000 821 2048 Vett.
847 2001 988 2062 Lips.
1012 2001 1282 2064 distinguit
1297 2009 1415 2064 post
1424 2008 1642 2065 pom—4
1660 2002 1887 2052 Dominus
1902 1999 2725 2065 suspectumliabuitBroucklrus.

522 2070 617 2111 —5
646 2065 1022 2113 Conservundum
1055 2066 1214 2116 Fouc.
1285 2068 1420 2117 Dein
1443 2072 1609 2116 senatu
1631 2068 1785 2116 Vind.
1809 2072 1858 2116 2.
1882 2075 1936 2115 et
1964 2083 1995 2115 a
2028 2066 2210 2127 majest.
2235 2066 2464 2115 Har-lem.
2490 2066 2575 2129 qui
2603 2079 2721 2113 mox

520 2143 671 2190 neque
694 2134 952 2190 nangae-6
987 2131 1136 2194 Conj.
1158 2133 1283 2180 Ern.
1309 2132 1590 2193 reponenti.
1613 2131 1829 2193 referret.
1881 2133 1942 2182 In
1966 2134 2124 2182 Fouc.
2147 2131 2495 2192 referrent—'¹1
2534 2131 2724 2179 Instru-

525 2194 660 2241 endis
683 2194 838 2244 Vind.
868 2204 1039 2259 uterq.
1080 2198 1240 2247 Polit.
1278 2198 1444 2247 Periz.
1486 2198 1715 2247 Harlem.
1755 2200 1902 2247 Cort.
1937 2213 2052 2246 cum
2079 2195 2210 2245 Edd.
2236 2197 2471 2245 Beroald.
2510 2195 2725 2257 priorib.

523 2272 639 2318 quae
664 2262 817 2307 etiam
839 2263 1142 2321 auctor-ando,
1177 2263 1580 2311 consentientib.
1607 2264 1776 2312 Periz.
1803 2263 2032 2312 Har-lem.
2057 2261 2215 2329 vind„
2234 2266 2281 2310 1.
2342 2263 2469 2311 Mox
2500 2260 2723 2322 discript.

525 2323 741 2372 Merum.
778 2326 1024 2387 probante
1057 2326 1333 2377 Graan—8
1369 2328 1454 2377 Ita
1485 2328 1536 2375 in
1563 2329 1665 2377 suis
1690 2329 1819 2377 Mss.
1840 2336 1893 2377 et
1921 2329 2013 2376 Ed.
2037 2327 2257 2377 Froben.
2281 2327 2404 2376 Bas.
2428 2340 2543 2375 esse
2569 2333 2725 2375 testa-

526 2396 608 2437 tur
632 2390 780 2438 Torr.
804 2390 986 2452 quibus
1010 2393 1265 2446 accedunt
1306 2393 1453 2441 Huls.
1475 2394 1633 2442 Vind.
1668 2398 1717 2442 1.
1788 2393 1959 2443 Ceteri
2001 2393 2130 2441 Mae.
2167 2400 2221 2442 et
2254 2392 2385 2440 Edd.
2423 2393 2577 2441 Vett.
2601 2391 2727 2442 dant

521 2454 632 2517 quid
654 2460 700 2504 et
723 2457 1096 2519 quamformam,
1132 2458 1266 2508 unde
1292 2459 1496 2521 legend.
1523 2459 1659 2523 conj.
1685 2458 1839 2509 Saltu.
1873 2460 1985 2522 quid
2010 2460 2070 2508 ad
2098 2458 2471 2523 quumformum.
2538 2457 2725 2508 Placet

525 2522 727 2569 omuino
752 2522 892 2572 Oud.
921 2524 1075 2572 lectio
1097 2525 1205 2587 jam
1230 2525 1448 2588 probata
1477 2526 1694 2575 Casaub.
1719 2532 1773 2575 et
1795 2525 1972 2574 Burm.
1998 2529 2045 2574 et
2066 2526 2127 2574 ad
2148 2539 2286 2588 quam
2306 2524 2537 2584 sormam.
2592 2523 2723 2575 Dein

523 2586 679 2642 legum
716 2602 807 2646 pro
839 2603 1003 2649 regum
1038 2590 1226 2639 liabent
1267 2591 1396 2640 Mss,
1435 2590 1502 2638 Ο.
1546 2606 1660 2640 cum
1696 2591 1828 2640 Edd.
1865 2591 2127 2655 plerisque
2153 2591 2297 2638 Vett.
2338 2598 2533 2653 praeter
2557 2586 2720 2643 Codd.

521 2651 669 2699 Tor-r.
691 2652 911 2701 Casaub.
936 2662 990 2701 et
1013 2656 1168 2704 Vind.
1194 2659 1240 2703 1.
1262 2656 1314 2704 in
1337 2670 1436 2717 quo
1452 2670 1621 2717 regum
1651 2656 1812 2704 liberis
1833 2656 2125 2720 littera—9
2162 2654 2354 2717 Rapina
2378 2655 2536 2703 Fouc.
2591 2654 2724 2709 Tum

522 2731 677 2787 rerum
705 2717 934 2767 Harlem.
965 2721 1133 2769 Periz.
1169 2720 1304 2772 Edd.
1337 2721 1472 2770 Veu.
1512 2731 1638 2778 tres,
1671 2736 1856 2769 reorum
1897 2720 2274 2770 Mediol.Cald.
2321 2720 2509 2770 Statim
2533 2724 2584 2769 et
2602 2733 2728 2776 caus,-

1511 2901 1729 2953 No'rAE

587 3020 611 3045 ⁰
644 3011 897 3078 Dominus]
931 3013 1049 3064 Hoc
1073 3021 1154 3064 est
1182 3014 1317 3081 qnod
1341 3015 1473 3065 dixit
1496 3030 1586 3064 ex·
1668 3030 1787 3078 cap.
1807 3019 1892 3066 25.
1917 3021 1972 3064 et
1994 3013 2129 3064 infra
2153 3013 2316 3077 Calig.
2335 3028 2451 3076 cap.
2477 3017 2527 3062 1.
2556 3014 2727 3064 videre

526 3088 742 3136 cessisse
787 3089 1054 3137 civilitatis
1089 3090 1332 3139 modum:
1369 3091 1458 3139 sed
1498 3105 1587 3139 eos
1670 3101 1770 3141 est.

523 3163 614 3212 diu
634 3164 864 3212 dominos
888 3179 990 3213 non
1012 3166 1214 3226 habuit,
1232 3167 1416 3231 quibus
1435 3168 1589 3229 paulo

525 3247 646 3303 post
687 3239 865 3289 durius
911 3256 1063 3305 quam
1101 3243 1259 3291 servis
1294 3243 1587 3292 dominatus

523 3324 624 3366 est.

592 3400 617 3434 Ρ
650 3393 865 3456 Speciem
899 3393 1160 3458 libertatis]
1213 3394 1312 3444 His
1351 3397 1587 3447 omnibus

525 3471 794 3519 civilitatis
841 3470 1066 3535 indiciis,
1112 3486 1227 3534 quae
1272 3473 1367 3521 hoc
1406 3479 1459 3521 et
1505 3488 1587 3522 se-

523 3546 706 3612 quenti
750 3547 926 3610 capite
974 3557 1341 3611 memorantur,
1384 3550 1485 3599 Dio
1537 3551 1588 3599 in

523 3625 655 3675 actis
680 3624 799 3674 anni
828 3629 942 3674 ⁷68.
979 3624 1144 3687 addit,
1159 3626 1367 3675 solitum
1391 3627 1589 3691 dicere,-

523 3718 581 3752 se
605 3703 806 3752 nonnisi
830 3717 1092 3752 servorum
1118 3705 1417 3768 Dominum,
1437 3720 1588 3755 exer-

524 3781 720 3829 cituum
763 3780 1161 3843 Imperatorem,
1200 3783 1412 3847 reliquis
1458 3784 1589 3833 dun·

525 3864 671 3905 taxat
695 3859 1061 3920 antepositum,
1083 3862 1183 3907 διο.
1238 3866 1252 3887 ‘
1272 3861 1390 3909 Non
1413 3867 1585 3909 tamen

522 3932 650 3998 ideo·
692 3933 850 3982 >fidem
908 3932 1132 3983 faciebat
1177 3936 1342 3984 civilis
1393 3936 1585 3986 animi.’

527 4010 723 4058 Auctor
744 4011 962 4059 Tacitus
986 4025 1023 4063 ,1.
1051 4013 1238 4062 Annal.
1282 4015 1475 4063 Verum
1496 4014 1588 4063 do·

523 4097 621 4131 nec
646 4083 932 4134 firuraretur
960 4087 1249 4150 imperium,
1278 4089 1387 4152 eJus
1413 4099 1586 4154 potes·

526 4167 687 4208 tatem
712 4160 807 4208 sub
829 4163 1001 4225 specie
1024 4165 1287 4213 nominum
1322 4175 1584 4215 suetorum

527 4234 808 4297 retinebat,
846 4238 1062 4288 maxime
1105 4239 1348 4303 quamdiu
1402 4241 1584 4290 timen-

526 4309 647 4359 dum
692 4309 872 4364 habuit
907 4312 1291 4390 Germanicum,
1328 4323 1386 4368 ut
1429 4332 1587 4385 supra

1733 3178 1759 3212 a
1793 3167 2104 3232 Monopoliis]
2148 3166 2503 3230 Monopolium
2538 3174 2624 3216 est
2642 3166 2728 3231 jus

1670 3244 1957 3294 vendendae
2003 3251 2163 3294 certae
2206 3242 2468 3307 cujusdam
2527 3245 2731 3306 mercis,

1669 3323 1805 3386 quod
1850 3339 1980 3371 unus
2025 3323 2263 3384 pluresve
2307 3321 2570 3384 Principis
2616 3336 2726 3385 per·

1667 3399 1823 3447 missu
1864 3398 1956 3445 sibi
1995 3397 2280 3458 vindicant,
2317 3396 2410 3445 sub
2431 3411 2592 3446 onere
2616 3412 2727 3446 vec-

1668 3475 1857 3536 tigalis.
1940 3474 2169 3523 Sumitur
2213 3475 2370 3522 etiam
2421 3476 2726 3538 quandoque

1668 3565 1763 3615 pro
1803 3551 1918 3613 ipso
1941 3549 2204 3612 vectigali,
2238 3549 2374 3612 quod
2404 3550 2638 3612 Principi
2659 3551 2724 3599 ad

1668 3627 2012 3690 monopolium
2067 3626 2410 3674 exercendum
2465 3627 2728 3688 pendeba-

1666 3711 1784 3754 tur:
1820 3704 1956 3769 quod
1991 3710 2174 3764 postea
2199 3701 2519 3752 ,lastinianus
2556 3703 2726 3766 Impe-

1668 3790 1809 3830 rator
1832 3779 2100 3842 abrogavit
2126 3779 2306 3827 codice
2330 3793 2442 3842 suo,
2468 3779 2725 3839 prohibito

1668 3871 1881 3919 prorsus
1924 3855 2233 3916 monopolio,
2288 3855 2346 3904 1..
2386 3856 2558 3918 unica,
2595 3855 2726 3905 Cod.

1667 3933 1733 3982 de
1758 3931 2092 3994 Monopoliis.

1732 4017 1752 4043 ¹
1783 4005 2176 4069 Exuuetomndo]
2209 4005 2561 4055 Dimittendo.
2595 4005 2724 4055 Vide

1666 4087 1720 4136 in
1745 4085 1978 4146 Augusto
2000 4099 2121 4146 cap.
2143 4086 2225 4132 24.
2249 4091 2302 4130 et
2326 4076 2484 4144 supra
2506 4096 2622 4146 cap.
2645 4087 2693 4132 7.

1731 4170 1750 4197 ·
1786 4161 2071 4221 Profectum
2098 4157 2386 4222 aloeJ-Vide
2414 4159 2469 4206 in
2495 4160 2721 4222 Augusto

1666 4255 1783 4304 cap.
1819 4242 1899 4287 38.
1935 4244 1989 4286 et
2026 4237 2078 4284 in
2113 4234 2331 4284 Claudio
2369 4249 2487 4298 cap.
2522 4240 2605 4285 25.
2659 4233 2721 4284 Id

1666 4330 1887 4385 quoque,
1908 4322 1967 4367 ut
1988 4316 2212 4366 Senatus
2232 4314 2598 4365 auctoritatem
2620 4326 2716 4363 ma·
