3019 4922
525 427 685 516 508¹

525 589 731 654 etiam
786 587 1110 653 uxoribus
1169 587 1330 651 suis,
1420 584 1879 661 Interdictum,
1936 602 2018 646 ne
2072 584 2299 666 capite
2356 584 2708 649 damnatos

526 691 895 774 propinqui
923 690 1256 774 lugerent:
1278 697 1316 725 ¹¹¹
1344 689 1615 753 decreta
1639 687 2145 752 accusatoribus
2171 688 2518 770 praecipua
2543 708 2709 770 pree-

524 794 681 871 mia,
735 813 1211 876 nonnunquam.
1261 798 1329 856 et
1388 792 1701 856 testibus.
1791 789 2065 854 Nemini
2118 788 2493 854 delatorum
2545 789 2711 853 fides

525 898 866 979 abrogata.
955 897 1172 960 Omne
1220 896 1468 960 crimen
1522 914 1644 977 pro
1697 892 1977 975 capitali
2000 891 2023 930 ⁸
2087 900 2447 977 receptum,
2508 893 2711 957 etiam

516 1019 888 1083 paucorum
928 998 1466 1082 simpliciumque
1496 998 1862 1061 verborum.
1951 990 2301 1079 objectum
2333 1002 2441 1060 est
2466 994 2711 1079 poetae,

526 1103 710 1187 quod
760 1103 829 1168 in
879 1103 1203 1185 tragoedia
1251 1100 1814 1185 Agamemnonem
1839 1107 1866 1134 ¹¹
1925 1100 2237 1183 probris⁹
2290 1099 2712 1165 lacessisset:

524 1207 856 1291 objectum
886 1213 954 1272 et
982 1204 1350 1283 historico,⁰
1378 1204 1556 1289 quod
1612 1207 1630 1239 ‘
1651 1204 1927 1267 Brutum
1959 1199 2411 1286 Cassiumque
2443 1202 2709 1266 ultimos

526 1306 992 1372 Romanorum’
1038 1308 1357 1372 dixisset:
1406 1305 1941 1370 animadversum
1981 1310 2083 1369 est
2104 1311 2156 1342 ¹⁰
2197 1303 2428 1369 statim
2459 1304 2527 1367 in
2557 1324 2712 1368 auc-

522 1411 1136 1493 toreS,›scriptaque
1168 1408 1443 1486 abolita,
1472 1408 1780 1493 quamvis
1821 1408 2242 1490 probarentur
2268 1415 2425 1472 ante
2456 1407 2713 1492 aliquot

524 1520 786 1590 annos,¹
848 1512 1055 1577 etiam
1111 1510 1422 1594 Augusto
1480 1510 1808 1588 audiente,
1869 1511 2169 1576 recitata.
2259 1509 2710 1589 Quibusdam,

1381 443 1444 488 C.
1491 439 1853 490 SUE'roNn

1438 1707 1795 1728 ΟΟΟΟΟΟΟΟΟΟΟ

523 1872 640 1908 cere
667 1861 808 1923 Lips.
835 1866 888 1910 et
917 1862 1096 1909 Burm.
1131 1860 1269 1910 Oud.
1311 1860 1474 1910 suasit
1512 1860 1697 1909 uxorib.
1736 1875 1791 1909 ac
1814 1858 2111 1908 libertis.—8
2147 1857 2363 1921 Capitale
2384 1857 2535 1906 Huls.
2610 1856 2712 1907 Ad·

521 1925 650 1973 dunt
673 1933 744 1975 est
771 1935 886 1988 post
906 1933 1079 1987 recept.
1106 1935 1320 1989 uterque
1345 1925 1501 1974 Vind.
1524 1925 1693 1973 Periz.
1721 1925 1953 1973 Harlem.
1987 1923 2088 1972 duo
2121 1923 2289 1973 Pulm.
2326 1931 2381 1972 et
2414 1922 2548 1972 Edd.
2570 1924 2713 1972 vett.

490 2005 497 2008 ’
523 2000 715 2049 praeter
739 1992 860 2040 Bas.
889 1991 1050 2054 Lugd.
1073 1991 1274 2055 Gryplr.
1297 1991 1469 2039 Plant.
1487 1994 1587 2039 διο.
1609 1990 1973 2052 suppliciumque
1997 1988 2192 2043 Medic.
2216 1992 2361 2037 2.-9
2396 1987 2595 2035 Probris
2610 2003 2710 2036 non

520 2055 708 2104 habent
731 2055 831 2105 duo
854 2057 997 2105 Torr.
1039 2058 1205 2105 Periz.
1247 2057 1389 2105 Cort.
1427 2063 1481 2103 et
1523 2054 1657 2104 Edd.
1681 2055 1825 2103 Vett.
1864 2061 1985 2103 ante
2010 2053 2225 2104 Mediol.
2251 2066 2352 2101 sec.
2377 2053 2458 2106 cui
2485 2054 2711 2101 restituit

520 2120 767 2169 Beroald.
833 2122 894 2169 In
937 2122 1145 2174 Merum.
1164 2121 1502 2181 Agamemnoni
1534 2120 1740 2183 propriis
1761 2122 1848 2174 lac.
1870 2127 1923 2167 et
1943 2118 2148 2182 propriis
2170 2124 2315 2168 extat
2340 2117 2497 2166 etiam
2523 2118 2574 2167 in
2602 2120 2709 2166 Me-

519 2184 620 2233 dic.
645 2189 698 2235 3.
763 2187 948 2235 Mallet
972 2186 1146 2235 Graev.
1166 2187 1413 2241 lacerasset
1431 2185 1593 2249 (quod
1621 2186 1699 2233 sui
1724 2184 2034 2247 exemplaris
2062 2198 2218 2244 marg.
2257 2183 2501 2235 alleverat
2545 2183 2718 2245 Lips.)

520 2248 601 2297 vel
623 2249 838 2304 loesisset,
857 2252 934 2299 vel
959 2251 1231 2313 legendum
1248 2250 1591 2311 Agamemnoni
1610 2251 1814 2312 propriis
1833 2265 1883 2298 se
1906 2251 1993 2298 lac.
2016 2248 2196 2297 Heius.
2216 2263 2352 2297 corr.
2368 2248 2712 2309 Agamemnoni

509 2314 686 2377 probra
723 2313 765 2362 is
799 2315 1085 2376 ingessisset,
1135 2315 1273 2370 Oud.
1310 2317 1660 2375 Agamemnona
1691 2315 1877 2377 probris
1899 2313 2309 2363 incessissete—-lo
2348 2314 2439 2361 Est
2463 2313 2708 2362 omittunt

519 2379 650 2439 Cop.
672 2380 839 2428 Periz.
864 2381 999 2430 Dan.
1022 2381 1209 2443 aliique
1235 2394 1350 2429 curn
1376 2379 1505 2429 Edd.
1527 2381 1673 2428 Vett.
1699 2388 1819 2428 aute
1844 2377 2063 2428 Casaub.
2113 2378 2246 2427 Dein
2271 2379 2443 2427 abolita
2466 2383 2575 2425 sunt
2600 2379 2709 2440 Cuj-

516 2444 696 2494 aboleta
722 2445 874 2496 Viud.
897 2449 942 2496 1.
977 2445 1027 2494 in
1055 2460 1154 2510 quo
1178 2459 1334 2509 supra
1355 2450 1401 2495 et
1427 2445 1689 2497 deest.—l
1728 2445 1813 2494 lta
1838 2445 2064 2493 restituit
2087 2444 2226 2495 Oud.
2250 2443 2352 2492 fide
2376 2448 2509 2506 optt.
2543 2443 2706 2492 Codd.

517 2510 670 2568 Vulg.
695 2511 795 2559 alio
820 2512 930 2561 ord.
953 2512 1065 2576 aliq.
1098 2516 1209 2560 ante
1231 2526 1310 2560 an.
1366 2511 1502 2560 Edd.
1531 2513 1677 2560 Rom.
1701 2526 1803 2560 sec.
1826 2511 2002 2572 Stepb.
2025 2515 2134 2559 ante
2153 2512 2218 2559 al.
2240 2510 2384 2558 etiam
2404 2524 2483 2557 an.
2536 2508 2705 2557 Periz.

515 2588 630 2625 curn
651 2574 782 2626 Edd.
806 2577 979 2632 multis
1000 2577 1144 2635 etiam
1163 2577 1226 2625 al.
1247 2582 1359 2626 ante
1381 2592 1460 2627 an.
1491 2577 1647 2627 Polit.
1684 2590 1713 2624 e
1754 2576 1859 2626 suis
1895 2575 2191 2641 emendavit
2225 2580 2272 2625 et
2297 2575 2429 2636 Aug.
2455 2573 2705 2638 probante

1452 2832 1455 2835 y
1506 2757 1723 2809 Nom:

576 2877 614 2902 ¹¹²
646 2869 912 2933 Lagea-ent]
946 2870 1063 2920 Hoc
1088 2876 1187 2935 est,
1218 2877 1448 2920 mortuos
1477 2870 1568 2919 de-

511 2943 715 3010 flerent,
739 2956 827 2996 aut
854 2950 1089 3011 lugubres
1127 2955 1296 2996 vestes
1328 2953 1570 3009 gererent

512 3036 607 3084 per
629 3022 807 3072 decem
830 3038 1048 3081 menses,
1073 3025 1158 3088 qui
1194 3037 1356 3072 annus
1381 3024 1568 3071 Romu-

508 3099 566 3155 li,
589 3107 644 3148 et
666 3100 953 3163 legitimum
977 3100 1187 3164 lugendi
1212 3108 1433 3162 tempus.
1468 3099 1568 3148 Or-

511 3181 684 3224 natum
709 3190 912 3224 omnem
951 3176 1291 3239 abjiciebaut3
1329 3176 1422 3224 viri
1456 3177 1569 3240 qui·

506 3250 626 3298 dem
652 3251 905 3299 Senatorii
920 3252 1083 3300 latum
1098 3253 1314 3311 clavum,
1332 3258 1388 3302 et
1409 3267 1569 3302 annu-

513 3327 589 3376 los
614 3341 831 3389 aureos;
873 3334 1123 3378 matronae
1156 3343 1276 3378 vero
1309 3344 1487 3378 aurum
1514 3337 1569 3380 et

509 3419 807 3467 purpuram,
851 3406 1296 3468 pullis.duntaxat
1341 3407 1568 3470 atrisque

509 3481 737 3530 vestibus
761 3482 953 3533 amicti.
1021 3484 1101 3532 De
1136 3483 1319 3548 quibus
1344 3484 1567 3532 Alexan-

508 3556 604 3607 der
641 3558 704 3607 ab
729 3558 1024 3608 Alexandro
1061 3559 1192 3608 libro
1227 3572 1352 3608 xm.
1375 3575 1490 3624 cap.
1514 3566 1563 3610 7.

507 3632 750 3697 Cujacius
793 3634 924 3683 libro
983 3647 1061 3685 vr.
1132 3635 1564 3685 Observationum

508 3723 626 3772 cap.
651 3714 730 3759 32.
753 3712 852 3759 ὅτε.

568 3795 594 3820 ¹¹
625 3786 1045 3851 Agamemnonem]
1079 3787 1251 3837 Notus
1290 3788 1374 3837 bic
1412 3786 1563 3852 Argi-

507 3880 683 3914 vorum
720 3879 829 3925 rex,
862 3865 1354 3928 belloqueffl‘rojano
1387 3864 1562 3914 Graeci

506 3943 764 3991 exercitus
790 3942 1098 4004 Imperator.
1166 3941 1246 3988 De
1282 3955 1381 4003 quo
1411 3941 1561 4003 plura

505 4016 642 4079 apud
665 4024 922 4077 auctores,
945 4015 1227 4070 Homerum
1261 4016 1564 4079 praesertim,

500 4091 836 4141 Patercuium
858 4091 945 4140 lib.
968 4104 1007 4140 1.
1025 4105 1138 4154 cap.
1155 4094 1200 4141 1.
1223 4091 1561 4142 Plutarchum

503 4166 557 4214 in
583 4164 840 4227 Agesilao,
881 4168 980 4219 διο.
1047 4165 1155 4216 Sub
1191 4166 1300 4229 ejus
1339 4181 1561 4230 persona

503 4241 739 4291 Tiberius
773 4241 869 4295 sibi
900 4255 1103 4308 quoque
1127 4243 1363 4293 maledici
1389 4245 1557 4295 credi-

505 4316 611 4379 dit;
630 4315 809 4366 Poetae
828 4316 1017 4381 quippe
1031 4317 1424 4369 Homericarum
1440 4335 1559 4385 per-

1649 2883 1887 2919 sonarum
1932 2869 2244 2930 nominibus,
2280 2873 2334 2918 et
2376 2867 2490 2917 aliis
2533 2868 2707 2931 etiam,

1650 2947 1811 2996 malos
1834 2946 2140 3010 quandoque
2162 2946 2503 3008 lacessebant,
2528 2952 2585 2993 ut
2609 2947 2711 2994 col·

1649 3023 1777 3087 ligas
1807 3023 1963 3073 etiam
1987 3037 2050 3073 ex
2075 3022 2244 3071 Persii
2278 3021 2386 3071 Sat.
2409 3035 2446 3069 1.
2482 3037 2557 3070 vs.
2580 3025 2629 3071 4.
2655 3027 2707 3071 et

1652 3099 1873 3163 Augusti
1898 3115 2014 3164 cap.
2036 3103 2119 3151 68.
2186 3098 2290 3148 Dio
2310 3098 2397 3149 lib.
2418 3111 2569 3153 Lvrn.
2593 3113 2706 3148 auc·

1651 3181 1752 3239 tor,
1795 3177 2045 3226 Scaurum
2088 3175 2343 3240 quendam
2379 3174 2442 3223 ad
2490 3181 2706 3227 mortem

1648 3251 1744 3312 sibi
1791 3251 2206 3302 consciscendam
2265 3251 2526 3313 adactum,
2574 3251 2706 3315 quod

1647 3328 1952 3390 Tragoediae,
1969 3328 2052 3376 cui
2069 3342 2254 3376 nomen
2277 3328 2295 3355 ‘
2313 3326 2510 3377 Atreus
2529 3327 2544 3348 '
2566 3325 2705 3377 fece·

1650 3412 1747 3467 rat,
1768 3405 2030 3466 Euripidis
2056 3418 2230 3454 versus
2256 3405 2571 3461 inseruisset,
2597 3405 2705 3469 qui-

1648 3478 1742 3529 bus
1765 3482 2063 3544 imperantis
2099 3480 2367 3531 ferendam
2400 3496 2513 3532 esse
2536 3482 2706 3532 stulti·

1649 3557 1770 3605 tiam
1792 3557 2021 3608 doceret.

1709 3641 1732 3665 0
1765 3633 2038 3697 Historiae]
2094 3636 2303 3685 Tacitus
2344 3635 2434 3685 lib.
2468 3648 2543 3685 ιν.
2600 3635 2704 3686 Au·

1646 3710 1835 3760 nalium
1860 3725 1994 3760 auno
2017 3711 2084 3762 A.
2112 3713 2178 3762 U.
2202 3712 2260 3761 C.
2280 3715 2393 3760 ⁷78.
2449 3711 2466 3739 ‘
2492 3711 2702 3762 Cremu-

1645 3788 1746 3839 tius
1772 3790 2060 3852 postulatur
2081 3802 2230 3844 novo,
2251 3802 2312 3836 ac
2338 3794 2461 3836 tuuc
2486 3789 2702 3852 primum

1643 3865 1819 3913 audito
1858 3865 2088 3927 crimine,
2129 3865 2260 3929 quod
2302 3864 2455 3914 editis
2492 3865 2704 3916 Annali-

1645 3940 1757 3997 bus,
1776 3942 2085 4005 laudatoque
2102 3941 2179 3990 M.
2196 3941 2384 4001 Brut0‚
2399 3941 2699 3993 C.Cassium

1644 4018 1990 4067 Romanorum
2014 4017 2250 4067 ultimum
2271 4017 2520 4067 dixisset?
2577 4021 2698 4068 Tum

1643 4093 1942 4143 defensioue
1981 4095 2094 4158 ejus
2117 4094 2281 4143 relata
2305 4094 2472 4160 addit,
2493 4097 2509 4124 ‘
2529 4111 2696 4160 egres-

1640 4185 1724 4219 sus
1767 4171 1886 4225 dein
1920 4172 2137 4231 Senatu,
2177 4171 2331 4218 vitam
2384 4172 2696 4232 abstinentia

1640 4245 1845 4302 finivit,'
1917 4247 2000 4294 De
2039 4260 2141 4310 quo
2183 4245 2349 4294 adhuc
2373 4244 2507 4295 infra
2530 4247 2692 4309 Calig.

1640 4338 1755 4388 cap.
1777 4327 1857 4374 16.
1883 4330 1939 4372 ut
1961 4331 2017 4371 et
2035 4336 2193 4386 supra
2216 4319 2353 4385 Aug.
2380 4336 2496 4384 cap.
2516 4325 2596 4375 35.
