<?xml version="1.0" encoding="UTF-8"?>
<!DOCTYPE html PUBLIC "-//W3C//DTD XHTML 1.0 Transitional//EN"
    "http://www.w3.org/TR/xhtml1/DTD/xhtml1-transitional.dtd">
<html xmlns="http://www.w3.org/1999/xhtml" xml:lang="en" lang="en">
 <head>
  <title>
</title>
<meta http-equiv="Content-Type" content="text/html;charset=utf-8" />
  <meta name='ocr-system' content='tesseract 3.04.00' />
  <meta name='ocr-capabilities' content='ocr_page ocr_carea ocr_par ocr_line ocrx_word'/>
</head>
<body>
  <div class='ocr_page' id='page_1' title='image "./operaomniaexedi04suetgoog_0407.png"; bbox 0 0 3019 4922; ppageno 0'>
   <div class='ocr_carea' id='block_1_1' title="bbox 1213 362 2513 426">
    <p class='ocr_par' dir='ltr' id='par_1_1' title="bbox 1213 362 2513 426">
     <span class='ocr_line' id='line_1_1' title="bbox 1213 362 2513 426; baseline 0.007 -8"><span class='ocrx_word' id='word_1_1' title='bbox 1213 370 1610 421; x_wconf 75' lang='lat' dir='ltr'><strong>oc&#39;rAvius.</strong></span> <span class='ocrx_word' id='word_1_2' title='bbox 2383 362 2513 426; x_wconf 73' lang='lat'><strong>397</strong></span> 
     </span>
    </p>
   </div>
   <div class='ocr_carea' id='block_1_2' title="bbox 320 514 2512 1626">
    <p class='ocr_par' dir='ltr' id='par_1_2' title="bbox 320 514 2512 906">
     <span class='ocr_line' id='line_1_2' title="bbox 327 514 2512 600; baseline 0.002 -18"><span class='ocrx_word' id='word_1_3' title='bbox 327 523 706 582; x_wconf 82' lang='lat' dir='ltr'><strong>consuerat:</strong></span> <span class='ocrx_word' id='word_1_4' title='bbox 753 514 945 600; x_wconf 86' lang='lat' dir='ltr'><strong>hujus</strong></span> <span class='ocrx_word' id='word_1_5' title='bbox 982 514 1353 598; x_wconf 74' lang='lat' dir='ltr'><strong>Masgabae,</strong></span> <span class='ocrx_word' id='word_1_6' title='bbox 1384 525 1540 582; x_wconf 84' lang='lat' dir='ltr'><strong>ante</strong></span> <span class='ocrx_word' id='word_1_7' title='bbox 1573 537 1813 581; x_wconf 84' lang='lat' dir='ltr'><strong>annum</strong></span> <span class='ocrx_word' id='word_1_8' title='bbox 1848 516 2159 597; x_wconf 80' lang='lat' dir='ltr'><strong>defuncti,</strong></span> <span class='ocrx_word' id='word_1_9' title='bbox 2192 522 2512 587; x_wconf 84' lang='lat' dir='ltr'><strong>tumulum</strong></span> 
     </span>
     <span class='ocr_line' id='line_1_3' title="bbox 325 620 2510 707; baseline 0.003 -24"><span class='ocrx_word' id='word_1_10' title='bbox 325 639 476 683; x_wconf 92' lang='lat' dir='ltr'><strong>cum</strong></span> <span class='ocrx_word' id='word_1_11' title='bbox 539 640 577 684; x_wconf 95' lang='lat' dir='ltr'><strong>e</strong></span> <span class='ocrx_word' id='word_1_12' title='bbox 621 620 902 684; x_wconf 84' lang='lat' dir='ltr'><strong>triclinio</strong></span> <span class='ocrx_word' id='word_1_13' title='bbox 963 620 1537 684; x_wconf 82' lang='lat' dir='ltr'><strong>animadvertisset</strong></span> <span class='ocrx_word' id='word_1_14' title='bbox 1596 641 1837 702; x_wconf 84' lang='lat' dir='ltr'><strong>magna</strong></span> <span class='ocrx_word' id='word_1_15' title='bbox 1897 624 2092 687; x_wconf 86' lang='lat' dir='ltr'><strong>turba</strong></span> <span class='ocrx_word' id='word_1_16' title='bbox 2152 624 2510 707; x_wconf 89' lang='lat' dir='ltr'><strong>multisque</strong></span> 
     </span>
     <span class='ocr_line' id='line_1_4' title="bbox 323 708 2511 810; baseline 0.003 -25"><span class='ocrx_word' id='word_1_17' title='bbox 323 723 684 786; x_wconf 89' lang='lat' dir='ltr'><strong>luminibus</strong></span> <span class='ocrx_word' id='word_1_18' title='bbox 707 730 730 756; x_wconf 71' lang='lat'><em>⁶</em></span> <span class='ocrx_word' id='word_1_19' title='bbox 805 721 1221 805; x_wconf 82' lang='lat' dir='ltr'><strong>frequentari,</strong></span> <span class='ocrx_word' id='word_1_20' title='bbox 1281 708 1540 788; x_wconf 88' lang='lat' dir='ltr'><strong>versum</strong></span> <span class='ocrx_word' id='word_1_21' title='bbox 1612 726 2061 806; x_wconf 86' lang='lat' dir='ltr'><strong>compositum</strong></span> <span class='ocrx_word' id='word_1_22' title='bbox 2119 744 2156 787; x_wconf 89' lang='lat' dir='ltr'><strong>e</strong></span> <span class='ocrx_word' id='word_1_23' title='bbox 2214 732 2511 810; x_wconf 86' lang='lat' dir='ltr'><strong>tempore</strong></span> 
     </span>
     <span class='ocr_line' id='line_1_5' title="bbox 320 825 1015 906; baseline 0.001 -18"><span class='ocrx_word' id='word_1_24' title='bbox 320 825 498 889; x_wconf 85' lang='lat' dir='ltr'><strong>clare</strong></span> <span class='ocrx_word' id='word_1_25' title='bbox 530 825 1015 906; x_wconf 85' lang='lat' dir='ltr'><strong>pronuntiavit:</strong></span> 
     </span>
    </p>

    <p class='ocr_par' dir='ltr' id='par_1_3' title="bbox 322 924 2511 1318">
     <span class='ocr_line' id='line_1_6' title="bbox 713 924 2004 1021; baseline 0.005 -36"><span class='ocrx_word' id='word_1_26' title='bbox 713 976 721 985; x_wconf 69' lang='grc'>,</span> <span class='ocrx_word' id='word_1_27' title='bbox 755 932 1005 989; x_wconf 79' lang='grc' dir='ltr'><em>Κτιστοῢ</em></span> <span class='ocrx_word' id='word_1_28' title='bbox 1036 928 1090 989; x_wconf 80' lang='grc' dir='ltr'><strong>δὲ</strong></span> <span class='ocrx_word' id='word_1_29' title='bbox 1119 924 1336 1007; x_wconf 75' lang='grc' dir='ltr'><strong><em>τύμβον</em></strong></span> <span class='ocrx_word' id='word_1_30' title='bbox 1360 931 1555 1021; x_wconf 60' lang='lat' dir='ltr'><strong>sia-0333</strong></span> <span class='ocrx_word' id='word_1_31' title='bbox 1582 925 1956 1013; x_wconf 52' lang='grc' dir='ltr'><strong><em>πυρούμενον]</em></strong></span> <span class='ocrx_word' id='word_1_32' title='bbox 1975 926 2004 967; x_wconf 84' lang='lat'><strong>⁶</strong></span> 
     </span>
     <span class='ocr_line' id='line_1_7' title="bbox 324 1028 2511 1114; baseline 0.003 -21"><span class='ocrx_word' id='word_1_33' title='bbox 324 1028 832 1114; x_wconf 80' lang='lat' dir='ltr'><strong>conversusque</strong></span> <span class='ocrx_word' id='word_1_34' title='bbox 894 1030 981 1093; x_wconf 85' lang='lat' dir='ltr'><strong>ad</strong></span> <span class='ocrx_word' id='word_1_35' title='bbox 1057 1028 1536 1113; x_wconf 81' lang='lat' dir='ltr'><strong>Thrasyllum,f</strong></span> <span class='ocrx_word' id='word_1_36' title='bbox 1588 1030 1842 1095; x_wconf 87' lang='lat' dir='ltr'><strong>Tiberii</strong></span> <span class='ocrx_word' id='word_1_37' title='bbox 1894 1032 2227 1108; x_wconf 86' lang='lat' dir='ltr'><strong>comitem,</strong></span> <span class='ocrx_word' id='word_1_38' title='bbox 2280 1039 2511 1100; x_wconf 83' lang='lat' dir='ltr'><strong>contra</strong></span> 
     </span>
     <span class='ocr_line' id='line_1_8' title="bbox 322 1124 2507 1219; baseline 0.003 -24"><span class='ocrx_word' id='word_1_39' title='bbox 322 1133 784 1209; x_wconf 86' lang='lat' dir='ltr'><strong>accubantem,</strong></span> <span class='ocrx_word' id='word_1_40' title='bbox 813 1140 883 1195; x_wconf 87' lang='lat' dir='ltr'><strong>et</strong></span> <span class='ocrx_word' id='word_1_41' title='bbox 917 1124 1219 1215; x_wconf 85' lang='lat' dir='ltr'><strong>ignarum</strong></span> <span class='ocrx_word' id='word_1_42' title='bbox 1264 1134 1384 1209; x_wconf 88' lang='lat' dir='ltr'><strong>rei,</strong></span> <span class='ocrx_word' id='word_1_43' title='bbox 1405 1135 1875 1215; x_wconf 74' lang='lat' dir='ltr'><strong>interrogavit,</strong></span> <span class='ocrx_word' id='word_1_44' title='bbox 1908 1133 2255 1217; x_wconf 85' lang='lat' dir='ltr'><strong>cujusnam</strong></span> <span class='ocrx_word' id='word_1_45' title='bbox 2288 1127 2507 1219; x_wconf 73' lang='lat' dir='ltr'><strong>poetae</strong></span> 
     </span>
     <span class='ocr_line' id='line_1_9' title="bbox 322 1235 2237 1318; baseline 0.002 -21"><span class='ocrx_word' id='word_1_46' title='bbox 322 1242 636 1316; x_wconf 85' lang='lat' dir='ltr'><strong>putaret⁷</strong></span> <span class='ocrx_word' id='word_1_47' title='bbox 668 1254 851 1298; x_wconf 87' lang='lat' dir='ltr'><strong>esse:</strong></span> <span class='ocrx_word' id='word_1_48' title='bbox 898 1252 1031 1317; x_wconf 90' lang='lat' dir='ltr'><strong>quo</strong></span> <span class='ocrx_word' id='word_1_49' title='bbox 1054 1235 1429 1311; x_wconf 73' lang='lat' dir='ltr'><strong>haesitante,</strong></span> <span class='ocrx_word' id='word_1_50' title='bbox 1463 1235 1752 1318; x_wconf 89' lang='lat' dir='ltr'><strong>subjecit</strong></span> <span class='ocrx_word' id='word_1_51' title='bbox 1780 1237 2018 1300; x_wconf 88' lang='lat' dir='ltr'><strong>alium:</strong></span> <span class='ocrx_word' id='word_1_52' title='bbox 2234 1240 2237 1243; x_wconf 82' lang='grc'><strong>’</strong></span> 
     </span>
    </p>

    <p class='ocr_par' dir='ltr' id='par_1_4' title="bbox 322 1335 2508 1626">
     <span class='ocr_line' id='line_1_10' title="bbox 745 1335 1950 1421; baseline 0.002 -25"><span class='ocrx_word' id='word_1_53' title='bbox 745 1336 914 1420; x_wconf 78' lang='grc' dir='ltr'><em>Ὁρᾷς</em></span> <span class='ocrx_word' id='word_1_54' title='bbox 940 1335 1152 1412; x_wconf 56' lang='lat' dir='ltr'><strong>&lt;boisum</strong></span> <span class='ocrx_word' id='word_1_55' title='bbox 1187 1336 1531 1421; x_wconf 78' lang='grc' dir='ltr'><strong><em>Μασγίιβαν</em></strong></span> <span class='ocrx_word' id='word_1_56' title='bbox 1561 1335 1887 1418; x_wconf 80' lang='grc' dir='ltr'><strong><em>τιμώμενον·</em></strong></span> <span class='ocrx_word' id='word_1_57' title='bbox 1918 1349 1950 1375; x_wconf 68' lang='lat'><strong>”⁰</strong></span> 
     </span>
     <span class='ocr_line' id='line_1_11' title="bbox 322 1435 2501 1526; baseline 0.002 -25"><span class='ocrx_word' id='word_1_58' title='bbox 322 1435 519 1501; x_wconf 85' lang='lat' dir='ltr'><strong>ac—de</strong></span> <span class='ocrx_word' id='word_1_59' title='bbox 551 1435 677 1499; x_wconf 91' lang='lat' dir='ltr'><strong>hoc</strong></span> <span class='ocrx_word' id='word_1_60' title='bbox 699 1436 723 1473; x_wconf 79' lang='lat'><strong>⁸</strong></span> <span class='ocrx_word' id='word_1_61' title='bbox 750 1457 1020 1521; x_wconf 91' lang='lat' dir='ltr'><strong>quoque</strong></span> <span class='ocrx_word' id='word_1_62' title='bbox 1051 1440 1396 1503; x_wconf 84' lang='lat' dir='ltr'><strong>consuluit.</strong></span> <span class='ocrx_word' id='word_1_63' title='bbox 1472 1439 1643 1503; x_wconf 88' lang='lat' dir='ltr'><strong>Cum</strong></span> <span class='ocrx_word' id='word_1_64' title='bbox 1678 1440 1788 1504; x_wconf 92' lang='lat' dir='ltr'><strong>ille</strong></span> <span class='ocrx_word' id='word_1_65' title='bbox 1818 1441 1979 1505; x_wconf 84' lang='lat' dir='ltr'>nihil</span> <span class='ocrx_word' id='word_1_66' title='bbox 2011 1441 2198 1505; x_wconf 84' lang='lat' dir='ltr'><strong>aliud</strong></span> <span class='ocrx_word' id='word_1_67' title='bbox 2232 1444 2501 1526; x_wconf 77' lang='lat' dir='ltr'><strong>respon-</strong></span> 
     </span>
     <span class='ocr_line' id='line_1_12' title="bbox 324 1540 2508 1626; baseline 0.002 -23"><span class='ocrx_word' id='word_1_68' title='bbox 324 1540 529 1614; x_wconf 89' lang='lat' dir='ltr'><strong>deret,</strong></span> <span class='ocrx_word' id='word_1_69' title='bbox 563 1557 785 1622; x_wconf 83' lang='lat' dir='ltr'><strong>quam,</strong></span> <span class='ocrx_word' id='word_1_70' title='bbox 817 1540 1300 1625; x_wconf 89' lang='lat' dir='ltr'><strong>cujuscumque</strong></span> <span class='ocrx_word' id='word_1_71' title='bbox 1324 1553 1351 1593; x_wconf 89' lang='lat'><strong>⁹</strong></span> <span class='ocrx_word' id='word_1_72' title='bbox 1393 1549 1640 1620; x_wconf 90' lang='lat' dir='ltr'><strong>essent,</strong></span> <span class='ocrx_word' id='word_1_73' title='bbox 1681 1544 1970 1626; x_wconf 89' lang='lat' dir='ltr'><strong>optimos</strong></span> <span class='ocrx_word' id='word_1_74' title='bbox 2001 1564 2198 1626; x_wconf 82' lang='lat' dir='ltr'><strong>csse3</strong></span> <span class='ocrx_word' id='word_1_75' title='bbox 2244 1545 2508 1609; x_wconf 83' lang='lat' dir='ltr'><strong>cachin-</strong></span> 
     </span>
    </p>
   </div>
   <div class='ocr_carea' id='block_1_3' title="bbox 319 1755 1531 1886">
    <p class='ocr_par' dir='ltr' id='par_1_5' title="bbox 319 1755 1531 1886">
     <span class='ocr_line' id='line_1_13' title="bbox 319 1755 1390 1813; baseline 0.006 -11"><span class='ocrx_word' id='word_1_76' title='bbox 319 1808 322 1813; x_wconf 27' lang='lat'><strong>⁴</strong></span> <span class='ocrx_word' id='word_1_77' title='bbox 381 1762 405 1786; x_wconf 75' lang='lat'><strong>¹⁹</strong></span> <span class='ocrx_word' id='word_1_78' title='bbox 442 1755 713 1806; x_wconf 69' lang='lat' dir='ltr'><strong>Conditor-is</strong></span> <span class='ocrx_word' id='word_1_79' title='bbox 734 1760 962 1807; x_wconf 70' lang='lat' dir='ltr'><strong>tumulum</strong></span> <span class='ocrx_word' id='word_1_80' title='bbox 979 1758 1113 1808; x_wconf 77' lang='lat' dir='ltr'><strong>video</strong></span> <span class='ocrx_word' id='word_1_81' title='bbox 1136 1758 1390 1809; x_wconf 76' lang='lat' dir='ltr'><strong>incensum.</strong></span> 
     </span>
     <span class='ocr_line' id='line_1_14' title="bbox 384 1820 1531 1886; baseline 0.003 -17"><span class='ocrx_word' id='word_1_82' title='bbox 384 1827 419 1851; x_wconf 79' lang='lat'><strong>¹⁰</strong></span> <span class='ocrx_word' id='word_1_83' title='bbox 461 1820 603 1871; x_wconf 81' lang='lat' dir='ltr'><strong>Vides</strong></span> <span class='ocrx_word' id='word_1_84' title='bbox 621 1822 873 1872; x_wconf 73' lang='lat' dir='ltr'><strong>luminibus</strong></span> <span class='ocrx_word' id='word_1_85' title='bbox 893 1823 1167 1873; x_wconf 71' lang='lat' dir='ltr'><strong>honoratum</strong></span> <span class='ocrx_word' id='word_1_86' title='bbox 1184 1825 1480 1886; x_wconf 66' lang='lat' dir='ltr'><strong>Magabam.</strong></span> <span class='ocrx_word' id='word_1_87' title='bbox 1530 1822 1531 1827; x_wconf 71' lang='grc'>’</span> 
     </span>
    </p>
   </div>
   <div class='ocr_carea' id='block_1_4' title="bbox 1226 1985 1585 2006">
    <p class='ocr_par' dir='ltr' id='par_1_6' title="bbox 1226 1985 1585 2006">
     <span class='ocr_line' id='line_1_15' title="bbox 1226 1985 1585 2006; baseline 0 -1"><span class='ocrx_word' id='word_1_88' title='bbox 1226 1985 1585 2006; x_wconf 59' lang='grc' dir='ltr'><strong>ΟΟΟΟΟΟΟΟΟΟΟ</strong></span> 
     </span>
    </p>
   </div>
   <div class='ocr_carea' id='block_1_5' title="bbox 310 2096 2509 2749">
    <p class='ocr_par' dir='ltr' id='par_1_7' title="bbox 310 2096 2509 2749">
     <span class='ocr_line' id='line_1_16' title="bbox 317 2096 2507 2169; baseline 0.005 -25"><span class='ocrx_word' id='word_1_89' title='bbox 317 2096 475 2147; x_wconf 66' lang='lat' dir='ltr'><strong>Vind.</strong></span> <span class='ocrx_word' id='word_1_90' title='bbox 497 2102 546 2147; x_wconf 79' lang='lat'><strong>2.</strong></span> <span class='ocrx_word' id='word_1_91' title='bbox 569 2099 713 2148; x_wconf 80' lang='lat' dir='ltr'><strong>Cort.</strong></span> <span class='ocrx_word' id='word_1_92' title='bbox 738 2099 885 2151; x_wconf 85' lang='lat' dir='ltr'><strong>Voss.</strong></span> <span class='ocrx_word' id='word_1_93' title='bbox 921 2100 1055 2151; x_wconf 74' lang='lat' dir='ltr'><strong>Edu.</strong></span> <span class='ocrx_word' id='word_1_94' title='bbox 1090 2104 1236 2152; x_wconf 88' lang='lat' dir='ltr'><strong>Rom.</strong></span> <span class='ocrx_word' id='word_1_95' title='bbox 1260 2105 1543 2153; x_wconf 81' lang='lat' dir='ltr'>accedente</span> <span class='ocrx_word' id='word_1_96' title='bbox 1567 2106 1705 2153; x_wconf 89' lang='lat' dir='ltr'><strong>Dun.</strong></span> <span class='ocrx_word' id='word_1_97' title='bbox 1763 2104 2039 2169; x_wconf 85' lang='lat' dir='ltr'><strong>Pleraeque</strong></span> <span class='ocrx_word' id='word_1_98' title='bbox 2079 2100 2214 2154; x_wconf 85' lang='lat' dir='ltr'><strong>Edd.</strong></span> <span class='ocrx_word' id='word_1_99' title='bbox 2252 2105 2507 2165; x_wconf 56' lang='lat' dir='ltr'><strong>Masgabm</strong></span> 
     </span>
     <span class='ocr_line' id='line_1_17' title="bbox 315 2162 2505 2233; baseline 0.003 -23"><span class='ocrx_word' id='word_1_100' title='bbox 315 2162 431 2211; x_wconf 76' lang='lat' dir='ltr'><strong>aliae</strong></span> <span class='ocrx_word' id='word_1_101' title='bbox 452 2163 694 2222; x_wconf 71' lang='lat' dir='ltr'><strong>Massaba,</strong></span> <span class='ocrx_word' id='word_1_102' title='bbox 716 2165 946 2226; x_wconf 81' lang='lat' dir='ltr'><strong>Magaba.</strong></span> <span class='ocrx_word' id='word_1_103' title='bbox 980 2167 1117 2215; x_wconf 82' lang='lat' dir='ltr'>Dein</span> <span class='ocrx_word' id='word_1_104' title='bbox 1141 2175 1405 2231; x_wconf 77' lang='lat' dir='ltr'><strong>consuerat,</strong></span> <span class='ocrx_word' id='word_1_105' title='bbox 1425 2185 1520 2232; x_wconf 88' lang='lat' dir='ltr'><strong>pro</strong></span> <span class='ocrx_word' id='word_1_106' title='bbox 1544 2171 1683 2233; x_wconf 83' lang='lat' dir='ltr'><strong>vulg.</strong></span> <span class='ocrx_word' id='word_1_107' title='bbox 1705 2177 2022 2231; x_wconf 71' lang='lat' dir='ltr'><strong>consueverat,</strong></span> <span class='ocrx_word' id='word_1_108' title='bbox 2047 2169 2147 2218; x_wconf 88' lang='lat' dir='ltr'><strong>fide</strong></span> <span class='ocrx_word' id='word_1_109' title='bbox 2171 2170 2365 2219; x_wconf 81' lang='lat' dir='ltr'><strong>Medic.</strong></span> <span class='ocrx_word' id='word_1_110' title='bbox 2384 2174 2431 2218; x_wconf 84' lang='grc'><strong>2.</strong></span> <span class='ocrx_word' id='word_1_111' title='bbox 2457 2174 2505 2217; x_wconf 77' lang='lat'><strong>3.</strong></span> 
     </span>
     <span class='ocr_line' id='line_1_18' title="bbox 315 2227 2505 2296; baseline 0.003 -21"><span class='ocrx_word' id='word_1_112' title='bbox 315 2227 435 2290; x_wconf 89' lang='lat' dir='ltr'><strong>Cuj.</strong></span> <span class='ocrx_word' id='word_1_113' title='bbox 491 2228 629 2276; x_wconf 84' lang='lat' dir='ltr'><strong>Item</strong></span> <span class='ocrx_word' id='word_1_114' title='bbox 654 2229 802 2278; x_wconf 83' lang='lat' dir='ltr'>dedit</span> <span class='ocrx_word' id='word_1_115' title='bbox 823 2246 848 2280; x_wconf 87' lang='lat' dir='ltr'><strong>e</strong></span> <span class='ocrx_word' id='word_1_116' title='bbox 871 2232 980 2280; x_wconf 79' lang='lat' dir='ltr'><strong>tric.</strong></span> <span class='ocrx_word' id='word_1_117' title='bbox 1009 2234 1340 2282; x_wconf 79' lang='lat' dir='ltr'><strong>suadentibus</strong></span> <span class='ocrx_word' id='word_1_118' title='bbox 1364 2236 1432 2284; x_wconf 86' lang='lat'><strong>0.</strong></span> <span class='ocrx_word' id='word_1_119' title='bbox 1459 2235 1652 2293; x_wconf 32' lang='lat' dir='ltr'><strong>Medi-c.</strong></span> <span class='ocrx_word' id='word_1_120' title='bbox 1678 2236 1836 2284; x_wconf 90' lang='lat' dir='ltr'><strong>Polit.</strong></span> <span class='ocrx_word' id='word_1_121' title='bbox 1865 2236 2013 2284; x_wconf 91' lang='lat' dir='ltr'><strong>Vind.</strong></span> <span class='ocrx_word' id='word_1_122' title='bbox 2038 2235 2182 2284; x_wconf 84' lang='lat' dir='ltr'><strong>Cort.</strong></span> <span class='ocrx_word' id='word_1_123' title='bbox 2207 2236 2359 2283; x_wconf 83' lang='lat' dir='ltr'><strong>Voss.</strong></span> <span class='ocrx_word' id='word_1_124' title='bbox 2385 2234 2505 2296; x_wconf 77' lang='lat' dir='ltr'><strong>Cuj-</strong></span> 
     </span>
     <span class='ocr_line' id='line_1_19' title="bbox 314 2292 2509 2363; baseline 0.003 -23"><span class='ocrx_word' id='word_1_125' title='bbox 314 2292 449 2341; x_wconf 84' lang='lat' dir='ltr'><strong>Edd.</strong></span> <span class='ocrx_word' id='word_1_126' title='bbox 474 2293 620 2342; x_wconf 88' lang='lat' dir='ltr'><strong>Rom.</strong></span> <span class='ocrx_word' id='word_1_127' title='bbox 678 2292 739 2343; x_wconf 88' lang='lat' dir='ltr'><strong>ln</strong></span> <span class='ocrx_word' id='word_1_128' title='bbox 763 2295 875 2343; x_wconf 83' lang='lat' dir='ltr'><strong>aliis</strong></span> <span class='ocrx_word' id='word_1_129' title='bbox 898 2301 1042 2345; x_wconf 81' lang='lat' dir='ltr'><strong>extr.</strong></span> <span class='ocrx_word' id='word_1_130' title='bbox 1093 2298 1255 2347; x_wconf 80' lang='lat' dir='ltr'><strong>Abest</strong></span> <span class='ocrx_word' id='word_1_131' title='bbox 1276 2299 1473 2357; x_wconf 67' lang='grc' dir='ltr'><strong><em>’πιστὴν</em></strong></span> <span class='ocrx_word' id='word_1_132' title='bbox 1501 2315 1532 2348; x_wconf 90' lang='lat' dir='ltr'><strong>a</strong></span> <span class='ocrx_word' id='word_1_133' title='bbox 1565 2300 1757 2350; x_wconf 80' lang='lat' dir='ltr'><strong>Medic.</strong></span> <span class='ocrx_word' id='word_1_134' title='bbox 1796 2300 2023 2350; x_wconf 87' lang='lat' dir='ltr'><strong>l..Vind.</strong></span> <span class='ocrx_word' id='word_1_135' title='bbox 2052 2305 2095 2347; x_wconf 88' lang='lat' dir='ltr'><strong>l.</strong></span> <span class='ocrx_word' id='word_1_136' title='bbox 2126 2299 2177 2347; x_wconf 92' lang='lat' dir='ltr'><strong>in</strong></span> <span class='ocrx_word' id='word_1_137' title='bbox 2218 2315 2319 2363; x_wconf 87' lang='lat' dir='ltr'><strong>quo</strong></span> <span class='ocrx_word' id='word_1_138' title='bbox 2347 2298 2509 2347; x_wconf 81' lang='lat' dir='ltr'><strong>multis</strong></span> 
     </span>
     <span class='ocr_line' id='line_1_20' title="bbox 313 2357 2505 2427; baseline 0.002 -23"><span class='ocrx_word' id='word_1_139' title='bbox 313 2357 541 2406; x_wconf 65' lang='lat' dir='ltr'><strong>lum—6·</strong></span> <span class='ocrx_word' id='word_1_140' title='bbox 560 2357 764 2408; x_wconf 86' lang='lat' dir='ltr'><strong>Absunt</strong></span> <span class='ocrx_word' id='word_1_141' title='bbox 789 2360 962 2409; x_wconf 79' lang='lat' dir='ltr'><strong>Graeei</strong></span> <span class='ocrx_word' id='word_1_142' title='bbox 998 2376 1173 2410; x_wconf 81' lang='lat' dir='ltr'><strong>versus</strong></span> <span class='ocrx_word' id='word_1_143' title='bbox 1196 2378 1228 2412; x_wconf 90' lang='lat' dir='ltr'><strong>a</strong></span> <span class='ocrx_word' id='word_1_144' title='bbox 1247 2363 1403 2412; x_wconf 88' lang='lat' dir='ltr'><strong>Vind.</strong></span> <span class='ocrx_word' id='word_1_145' title='bbox 1431 2370 1475 2411; x_wconf 90' lang='grc' dir='ltr'><strong>Ι.</strong></span> <span class='ocrx_word' id='word_1_146' title='bbox 1531 2364 1596 2412; x_wconf 89' lang='lat' dir='ltr'><strong>In</strong></span> <span class='ocrx_word' id='word_1_147' title='bbox 1634 2365 1844 2414; x_wconf 88' lang='lat' dir='ltr'><strong>Memm.</strong></span> <span class='ocrx_word' id='word_1_148' title='bbox 1879 2362 2154 2427; x_wconf 76' lang='grc' dir='ltr'><strong>πυρόμενον.</strong></span> <span class='ocrx_word' id='word_1_149' title='bbox 2187 2364 2296 2414; x_wconf 80' lang='lat' dir='ltr'><strong>Jos.</strong></span> <span class='ocrx_word' id='word_1_150' title='bbox 2316 2363 2505 2424; x_wconf 86' lang='lat' dir='ltr'><strong>Scalig.</strong></span> 
     </span>
     <span class='ocr_line' id='line_1_21' title="bbox 313 2421 2504 2493; baseline 0.004 -24"><span class='ocrx_word' id='word_1_151' title='bbox 313 2421 510 2484; x_wconf 75' lang='lat' dir='ltr'><strong>placuit</strong></span> <span class='ocrx_word' id='word_1_152' title='bbox 531 2423 862 2487; x_wconf 76' lang='grc' dir='ltr'><strong>πυρα-σύμενον.</strong></span> <span class='ocrx_word' id='word_1_153' title='bbox 914 2426 1046 2476; x_wconf 80' lang='lat' dir='ltr'><strong>Tum</strong></span> <span class='ocrx_word' id='word_1_154' title='bbox 1074 2427 1278 2477; x_wconf 75' lang='lat' dir='ltr'><strong>Thrasil.</strong></span> <span class='ocrx_word' id='word_1_155' title='bbox 1303 2429 1381 2477; x_wconf 84' lang='lat' dir='ltr'><strong>vel</strong></span> <span class='ocrx_word' id='word_1_156' title='bbox 1411 2429 1688 2493; x_wconf 76' lang='lat' dir='ltr'><strong>Thrasylum</strong></span> <span class='ocrx_word' id='word_1_157' title='bbox 1711 2430 1834 2479; x_wconf 89' lang='lat' dir='ltr'><strong>Mss.</strong></span> <span class='ocrx_word' id='word_1_158' title='bbox 1862 2430 2095 2493; x_wconf 81' lang='lat' dir='ltr'><strong>plerique</strong></span> <span class='ocrx_word' id='word_1_159' title='bbox 2123 2435 2177 2478; x_wconf 87' lang='lat' dir='ltr'><strong>et</strong></span> <span class='ocrx_word' id='word_1_160' title='bbox 2204 2428 2334 2477; x_wconf 85' lang='lat' dir='ltr'><strong>Edd.</strong></span> <span class='ocrx_word' id='word_1_161' title='bbox 2358 2428 2504 2477; x_wconf 84' lang='lat' dir='ltr'><strong>Vett.</strong></span> 
     </span>
     <span class='ocr_line' id='line_1_22' title="bbox 314 2487 2505 2556; baseline 0.002 -19"><span class='ocrx_word' id='word_1_162' title='bbox 314 2491 411 2537; x_wconf 84' lang='grc'><strong>-7</strong></span> <span class='ocrx_word' id='word_1_163' title='bbox 445 2487 648 2537; x_wconf 73' lang='lat' dir='ltr'><strong>Putavit</strong></span> <span class='ocrx_word' id='word_1_164' title='bbox 684 2491 842 2540; x_wconf 87' lang='lat' dir='ltr'><strong>Polit.</strong></span> <span class='ocrx_word' id='word_1_165' title='bbox 879 2491 1074 2540; x_wconf 82' lang='lat' dir='ltr'><strong>Medir.</strong></span> <span class='ocrx_word' id='word_1_166' title='bbox 1108 2497 1157 2541; x_wconf 80' lang='lat'><strong>3.</strong></span> <span class='ocrx_word' id='word_1_167' title='bbox 1180 2492 1337 2542; x_wconf 82' lang='lat' dir='ltr'><strong>vind.</strong></span> <span class='ocrx_word' id='word_1_168' title='bbox 1377 2498 1529 2543; x_wconf 84' lang='lat'><strong>2.—8</strong></span> <span class='ocrx_word' id='word_1_169' title='bbox 1562 2495 1701 2543; x_wconf 77' lang='lat' dir='ltr'><strong>Adde</strong></span> <span class='ocrx_word' id='word_1_170' title='bbox 1739 2495 1823 2542; x_wconf 76' lang='lat' dir='ltr'><strong>hoc</strong></span> <span class='ocrx_word' id='word_1_171' title='bbox 1860 2509 1938 2556; x_wconf 82' lang='lat' dir='ltr'><strong>qu.</strong></span> <span class='ocrx_word' id='word_1_172' title='bbox 1969 2494 2180 2542; x_wconf 86' lang='lat' dir='ltr'><strong>Memm.</strong></span> <span class='ocrx_word' id='word_1_173' title='bbox 2205 2494 2333 2552; x_wconf 89' lang='lat' dir='ltr'><strong>Cop.</strong></span> <span class='ocrx_word' id='word_1_174' title='bbox 2368 2491 2505 2541; x_wconf 86' lang='lat' dir='ltr'><strong>unde</strong></span> 
     </span>
     <span class='ocr_line' id='line_1_23' title="bbox 312 2551 2504 2620; baseline 0.002 -22"><span class='ocrx_word' id='word_1_175' title='bbox 312 2551 455 2613; x_wconf 85' lang='lat' dir='ltr'><strong>conj.</strong></span> <span class='ocrx_word' id='word_1_176' title='bbox 475 2552 629 2601; x_wconf 76' lang='lat' dir='ltr'><strong>Salui.</strong></span> <span class='ocrx_word' id='word_1_177' title='bbox 651 2569 708 2601; x_wconf 80' lang='lat' dir='ltr'><strong>uc</strong></span> <span class='ocrx_word' id='word_1_178' title='bbox 728 2557 786 2603; x_wconf 80' lang='lat' dir='ltr'><strong>de</strong></span> <span class='ocrx_word' id='word_1_179' title='bbox 808 2555 906 2603; x_wconf 76' lang='lat' dir='ltr'><strong>hoc.</strong></span> <span class='ocrx_word' id='word_1_180' title='bbox 930 2557 1006 2605; x_wconf 89' lang='lat' dir='ltr'><strong>uti</strong></span> <span class='ocrx_word' id='word_1_181' title='bbox 1030 2555 1427 2620; x_wconf 84' lang='lat' dir='ltr'><strong>edideruntjam</strong></span> <span class='ocrx_word' id='word_1_182' title='bbox 1451 2558 1570 2605; x_wconf 89' lang='lat' dir='ltr'><strong>olim</strong></span> <span class='ocrx_word' id='word_1_183' title='bbox 1583 2558 1731 2608; x_wconf 89' lang='lat' dir='ltr'><strong>Junt.</strong></span> <span class='ocrx_word' id='word_1_184' title='bbox 1758 2556 1883 2619; x_wconf 87' lang='lat' dir='ltr'><strong>Arg.</strong></span> <span class='ocrx_word' id='word_1_185' title='bbox 1911 2558 2029 2606; x_wconf 89' lang='lat' dir='ltr'><strong>Ald.</strong></span> <span class='ocrx_word' id='word_1_186' title='bbox 2049 2557 2225 2618; x_wconf 83' lang='lat' dir='ltr'><strong>Steph.</strong></span> <span class='ocrx_word' id='word_1_187' title='bbox 2245 2564 2298 2604; x_wconf 88' lang='lat' dir='ltr'><strong>et</strong></span> <span class='ocrx_word' id='word_1_188' title='bbox 2323 2571 2504 2604; x_wconf 83' lang='lat' dir='ltr'><strong>exara·</strong></span> 
     </span>
     <span class='ocr_line' id='line_1_24' title="bbox 314 2617 2507 2685; baseline 0.003 -24"><span class='ocrx_word' id='word_1_189' title='bbox 314 2622 400 2662; x_wconf 87' lang='lat' dir='ltr'><strong>tur</strong></span> <span class='ocrx_word' id='word_1_190' title='bbox 426 2617 476 2663; x_wconf 91' lang='lat' dir='ltr'><strong>in</strong></span> <span class='ocrx_word' id='word_1_191' title='bbox 501 2617 695 2666; x_wconf 83' lang='lat' dir='ltr'><strong>Medic.</strong></span> <span class='ocrx_word' id='word_1_192' title='bbox 716 2623 764 2667; x_wconf 83' lang='lat'><strong>2.</strong></span> <span class='ocrx_word' id='word_1_193' title='bbox 780 2624 830 2669; x_wconf 82' lang='lat'><strong>3.</strong></span> <span class='ocrx_word' id='word_1_194' title='bbox 857 2620 1011 2668; x_wconf 85' lang='lat' dir='ltr'><strong>Polit.</strong></span> <span class='ocrx_word' id='word_1_195' title='bbox 1029 2621 1140 2682; x_wconf 91' lang='lat' dir='ltr'><strong>Cuj.</strong></span> <span class='ocrx_word' id='word_1_196' title='bbox 1161 2623 1307 2669; x_wconf 88' lang='lat' dir='ltr'><strong>Voss.</strong></span> <span class='ocrx_word' id='word_1_197' title='bbox 1333 2621 1621 2683; x_wconf 79' lang='lat' dir='ltr'><strong>probantib.</strong></span> <span class='ocrx_word' id='word_1_198' title='bbox 1643 2621 1780 2671; x_wconf 89' lang='lat' dir='ltr'><strong>Oud.</strong></span> <span class='ocrx_word' id='word_1_199' title='bbox 1810 2624 1927 2671; x_wconf 86' lang='lat' dir='ltr'><strong>Ern.</strong></span> <span class='ocrx_word' id='word_1_200' title='bbox 1945 2623 2008 2670; x_wconf 85' lang='lat' dir='ltr'><strong>al.</strong></span> <span class='ocrx_word' id='word_1_201' title='bbox 2027 2622 2195 2685; x_wconf 82' lang='lat' dir='ltr'><strong>Vulgo</strong></span> <span class='ocrx_word' id='word_1_202' title='bbox 2218 2623 2276 2669; x_wconf 88' lang='lat' dir='ltr'><strong>de</strong></span> <span class='ocrx_word' id='word_1_203' title='bbox 2295 2619 2379 2668; x_wconf 71' lang='lat' dir='ltr'><strong>hoc</strong></span> <span class='ocrx_word' id='word_1_204' title='bbox 2397 2621 2507 2669; x_wconf 83' lang='lat' dir='ltr'><strong>sine</strong></span> 
     </span>
     <span class='ocr_line' id='line_1_25' title="bbox 310 2680 2505 2749; baseline 0.001 -20"><span class='ocrx_word' id='word_1_205' title='bbox 310 2694 382 2729; x_wconf 80' lang='lat' dir='ltr'><strong>ac.</strong></span> <span class='ocrx_word' id='word_1_206' title='bbox 421 2680 579 2731; x_wconf 83' lang='lat' dir='ltr'><strong>vind.</strong></span> <span class='ocrx_word' id='word_1_207' title='bbox 615 2692 834 2744; x_wconf 85' lang='lat' dir='ltr'><strong>uterque</strong></span> <span class='ocrx_word' id='word_1_208' title='bbox 868 2700 924 2734; x_wconf 80' lang='lat' dir='ltr'><strong>uc</strong></span> <span class='ocrx_word' id='word_1_209' title='bbox 958 2685 1063 2748; x_wconf 75' lang='lat' dir='ltr'><strong>hoc,</strong></span> <span class='ocrx_word' id='word_1_210' title='bbox 1089 2687 1256 2736; x_wconf 80' lang='lat' dir='ltr'><strong>Periz.</strong></span> <span class='ocrx_word' id='word_1_211' title='bbox 1294 2688 1357 2734; x_wconf 81' lang='lat' dir='ltr'><strong>ad</strong></span> <span class='ocrx_word' id='word_1_212' title='bbox 1390 2686 1489 2735; x_wconf 76' lang='lat' dir='ltr'><strong>hoc.</strong></span> <span class='ocrx_word' id='word_1_213' title='bbox 1547 2687 1673 2734; x_wconf 83' lang='lat' dir='ltr'><strong>Mox</strong></span> <span class='ocrx_word' id='word_1_214' title='bbox 1703 2688 1953 2749; x_wconf 71' lang='lat' dir='ltr'><strong>sponderet</strong></span> <span class='ocrx_word' id='word_1_215' title='bbox 1975 2687 2233 2737; x_wconf 81' lang='lat' dir='ltr'><strong>Fouc.—9</strong></span> <span class='ocrx_word' id='word_1_216' title='bbox 2269 2685 2505 2748; x_wconf 66' lang='lat' dir='ltr'><strong>cuiusque</strong></span> 
     </span>
    </p>
   </div>
   <div class='ocr_carea' id='block_1_6' title="bbox 1298 2848 1514 2898">
    <p class='ocr_par' dir='ltr' id='par_1_8' title="bbox 1298 2848 1514 2898">
     <span class='ocr_line' id='line_1_26' title="bbox 1298 2848 1514 2898; baseline -0.009 0"><span class='ocrx_word' id='word_1_217' title='bbox 1298 2848 1343 2898; x_wconf 85' lang='lat' dir='ltr'>N</span> <span class='ocrx_word' id='word_1_218' title='bbox 1353 2848 1514 2898; x_wconf 78' lang='lat' dir='ltr'><strong>OTAE</strong></span> 
     </span>
    </p>
   </div>
   <div class='ocr_carea' id='block_1_7' title="bbox 308 2942 1371 4149">
    <p class='ocr_par' dir='ltr' id='par_1_9' title="bbox 308 2942 1371 3995">
     <span class='ocr_line' id='line_1_27' title="bbox 308 2942 1365 3010; baseline 0.008 -21"><span class='ocrx_word' id='word_1_219' title='bbox 308 2942 489 3005; x_wconf 80' lang='lat' dir='ltr'><strong>‘quasi</strong></span> <span class='ocrx_word' id='word_1_220' title='bbox 534 2943 886 2994; x_wconf 81' lang='lat' dir='ltr'><strong>conditorem.&#39;</strong></span> <span class='ocrx_word' id='word_1_221' title='bbox 953 2947 1068 2996; x_wconf 82' lang='lat' dir='ltr'><strong>Nec</strong></span> <span class='ocrx_word' id='word_1_222' title='bbox 1112 2947 1247 2996; x_wconf 88' lang='lat' dir='ltr'><strong>enim</strong></span> <span class='ocrx_word' id='word_1_223' title='bbox 1287 2947 1365 3010; x_wconf 90' lang='lat' dir='ltr'><strong>ip-</strong></span> 
     </span>
     <span class='ocr_line' id='line_1_28' title="bbox 309 3018 1365 3088; baseline 0.008 -23"><span class='ocrx_word' id='word_1_224' title='bbox 309 3020 418 3066; x_wconf 79' lang='lat' dir='ltr'><strong>sius</strong></span> <span class='ocrx_word' id='word_1_225' title='bbox 455 3018 725 3081; x_wconf 80' lang='lat' dir='ltr'><strong>Masgabae</strong></span> <span class='ocrx_word' id='word_1_226' title='bbox 774 3021 939 3070; x_wconf 87' lang='lat' dir='ltr'><strong>insula</strong></span> <span class='ocrx_word' id='word_1_227' title='bbox 989 3028 1122 3081; x_wconf 86' lang='lat' dir='ltr'><strong>erat,</strong></span> <span class='ocrx_word' id='word_1_228' title='bbox 1184 3030 1365 3088; x_wconf 80' lang='lat' dir='ltr'><strong>utpote</strong></span> 
     </span>
     <span class='ocr_line' id='line_1_29' title="bbox 311 3096 1367 3158; baseline 0.006 -16"><span class='ocrx_word' id='word_1_229' title='bbox 311 3109 463 3158; x_wconf 83' lang='lat' dir='ltr'><strong>quarn</strong></span> <span class='ocrx_word' id='word_1_230' title='bbox 509 3111 540 3143; x_wconf 90' lang='lat' dir='ltr'><strong>a</strong></span> <span class='ocrx_word' id='word_1_231' title='bbox 583 3096 942 3157; x_wconf 79' lang='lat' dir='ltr'><strong>Neapolitanis</strong></span> <span class='ocrx_word' id='word_1_232' title='bbox 983 3100 1264 3149; x_wconf 86' lang='lat' dir='ltr'><strong>redemtam</strong></span> <span class='ocrx_word' id='word_1_233' title='bbox 1301 3100 1367 3148; x_wconf 88' lang='lat' dir='ltr'><strong>ab</strong></span> 
     </span>
     <span class='ocr_line' id='line_1_30' title="bbox 312 3169 1368 3239; baseline 0.007 -21"><span class='ocrx_word' id='word_1_234' title='bbox 312 3169 549 3233; x_wconf 65' lang='lat' dir='ltr'><strong>Augusto</strong></span> <span class='ocrx_word' id='word_1_235' title='bbox 587 3171 718 3221; x_wconf 82' lang='lat' dir='ltr'><strong>dixit</strong></span> <span class='ocrx_word' id='word_1_236' title='bbox 765 3188 920 3235; x_wconf 83' lang='lat' dir='ltr'><strong>supra</strong></span> <span class='ocrx_word' id='word_1_237' title='bbox 953 3179 1102 3224; x_wconf 82' lang='lat' dir='ltr'><strong>c.92.</strong></span> <span class='ocrx_word' id='word_1_238' title='bbox 1144 3176 1233 3224; x_wconf 89' lang='lat' dir='ltr'><strong>sed</strong></span> <span class='ocrx_word' id='word_1_239' title='bbox 1275 3190 1368 3239; x_wconf 90' lang='lat' dir='ltr'><strong>per</strong></span> 
     </span>
     <span class='ocr_line' id='line_1_31' title="bbox 311 3245 1368 3315; baseline 0.007 -21"><span class='ocrx_word' id='word_1_240' title='bbox 311 3245 531 3296; x_wconf 80' lang='lat' dir='ltr'><strong>facetias</strong></span> <span class='ocrx_word' id='word_1_241' title='bbox 555 3248 628 3296; x_wconf 85' lang='lat' dir='ltr'><strong>sic</strong></span> <span class='ocrx_word' id='word_1_242' title='bbox 650 3251 935 3312; x_wconf 82' lang='lat' dir='ltr'><strong>appellasse</strong></span> <span class='ocrx_word' id='word_1_243' title='bbox 960 3251 1207 3313; x_wconf 86' lang='lat' dir='ltr'><strong>creditur,</strong></span> <span class='ocrx_word' id='word_1_244' title='bbox 1230 3253 1368 3315; x_wconf 86' lang='lat' dir='ltr'><strong>quod</strong></span> 
     </span>
     <span class='ocr_line' id='line_1_32' title="bbox 312 3323 1365 3390; baseline 0.005 -20"><span class='ocrx_word' id='word_1_245' title='bbox 312 3337 429 3371; x_wconf 87' lang='lat' dir='ltr'><strong>eum</strong></span> <span class='ocrx_word' id='word_1_246' title='bbox 466 3323 646 3372; x_wconf 86' lang='lat' dir='ltr'><strong>incolis</strong></span> <span class='ocrx_word' id='word_1_247' title='bbox 667 3324 806 3373; x_wconf 89' lang='lat' dir='ltr'><strong>illam</strong></span> <span class='ocrx_word' id='word_1_248' title='bbox 839 3325 1151 3390; x_wconf 80' lang='lat' dir='ltr'><strong>frequentari</strong></span> <span class='ocrx_word' id='word_1_249' title='bbox 1193 3328 1365 3383; x_wconf 86' lang='lat' dir='ltr'><strong>vellet,</strong></span> 
     </span>
     <span class='ocr_line' id='line_1_33' title="bbox 313 3398 1365 3466; baseline 0.006 -20"><span class='ocrx_word' id='word_1_250' title='bbox 313 3398 446 3447; x_wconf 84' lang='lat' dir='ltr'><strong>hanc</strong></span> <span class='ocrx_word' id='word_1_251' title='bbox 470 3398 737 3462; x_wconf 78' lang='lat' dir='ltr'><strong>Masgabae</strong></span> <span class='ocrx_word' id='word_1_252' title='bbox 762 3416 934 3449; x_wconf 86' lang='lat' dir='ltr'><strong>curam</strong></span> <span class='ocrx_word' id='word_1_253' title='bbox 968 3402 1247 3463; x_wconf 85' lang='lat' dir='ltr'><strong>detulerat,</strong></span> <span class='ocrx_word' id='word_1_254' title='bbox 1280 3404 1365 3466; x_wconf 90' lang='lat' dir='ltr'><strong>qui</strong></span> 
     </span>
     <span class='ocr_line' id='line_1_34' title="bbox 310 3474 1369 3542; baseline 0.006 -20"><span class='ocrx_word' id='word_1_255' title='bbox 310 3474 430 3523; x_wconf 76' lang='lat' dir='ltr'><strong>ideo</strong></span> <span class='ocrx_word' id='word_1_256' title='bbox 443 3474 507 3524; x_wconf 84' lang='lat' dir='ltr'><strong>ab</strong></span> <span class='ocrx_word' id='word_1_257' title='bbox 530 3476 652 3539; x_wconf 84' lang='lat' dir='ltr'><strong>ipsis</strong></span> <span class='ocrx_word' id='word_1_258' title='bbox 673 3479 1001 3539; x_wconf 84' lang='lat' dir='ltr'><strong>popularibus</strong></span> <span class='ocrx_word' id='word_1_259' title='bbox 1024 3479 1166 3542; x_wconf 88' lang='lat' dir='ltr'><strong>quasi</strong></span> <span class='ocrx_word' id='word_1_260' title='bbox 1188 3494 1369 3528; x_wconf 86' lang='lat' dir='ltr'><strong>revera</strong></span> 
     </span>
     <span class='ocr_line' id='line_1_35' title="bbox 312 3550 1368 3603; baseline 0.003 -3"><span class='ocrx_word' id='word_1_261' title='bbox 312 3550 554 3600; x_wconf 79' lang='lat' dir='ltr'><strong>conditor</strong></span> <span class='ocrx_word' id='word_1_262' title='bbox 575 3552 756 3600; x_wconf 85' lang='lat' dir='ltr'><strong>insulae</strong></span> <span class='ocrx_word' id='word_1_263' title='bbox 781 3552 1067 3603; x_wconf 80' lang='lat' dir='ltr'><strong>colebatur.</strong></span> <span class='ocrx_word' id='word_1_264' title='bbox 1117 3555 1368 3603; x_wconf 82' lang='lat' dir='ltr'><strong>Instituto</strong></span> 
     </span>
     <span class='ocr_line' id='line_1_36' title="bbox 313 3626 1367 3689; baseline 0.003 -15"><span class='ocrx_word' id='word_1_265' title='bbox 313 3627 365 3674; x_wconf 90' lang='lat' dir='ltr'><strong>in</strong></span> <span class='ocrx_word' id='word_1_266' title='bbox 406 3626 519 3689; x_wconf 88' lang='lat' dir='ltr'><strong>ejus</strong></span> <span class='ocrx_word' id='word_1_267' title='bbox 554 3628 793 3677; x_wconf 84' lang='lat' dir='ltr'><strong>honorem</strong></span> <span class='ocrx_word' id='word_1_268' title='bbox 828 3629 1176 3678; x_wconf 85' lang='lat' dir='ltr'><strong>anniversario</strong></span> <span class='ocrx_word' id='word_1_269' title='bbox 1206 3631 1367 3686; x_wconf 89' lang='lat' dir='ltr'><strong>cultu,</strong></span> 
     </span>
     <span class='ocr_line' id='line_1_37' title="bbox 313 3707 1370 3767; baseline 0.006 -17"><span class='ocrx_word' id='word_1_270' title='bbox 313 3716 378 3751; x_wconf 84' lang='lat' dir='ltr'><strong>ex</strong></span> <span class='ocrx_word' id='word_1_271' title='bbox 397 3718 540 3752; x_wconf 77' lang='lat' dir='ltr'><strong>ruore</strong></span> <span class='ocrx_word' id='word_1_272' title='bbox 559 3719 714 3767; x_wconf 87' lang='lat' dir='ltr'><strong>supra</strong></span> <span class='ocrx_word' id='word_1_273' title='bbox 732 3712 910 3755; x_wconf 87' lang='lat' dir='ltr'><strong>notato</strong></span> <span class='ocrx_word' id='word_1_274' title='bbox 930 3721 976 3754; x_wconf 89' lang='lat' dir='ltr'><strong>e.</strong></span> <span class='ocrx_word' id='word_1_275' title='bbox 1003 3711 1047 3755; x_wconf 88' lang='grc'><strong>1.</strong></span> <span class='ocrx_word' id='word_1_276' title='bbox 1072 3708 1206 3755; x_wconf 85' lang='lat' dir='ltr'><strong>hunc</strong></span> <span class='ocrx_word' id='word_1_277' title='bbox 1229 3707 1370 3756; x_wconf 81' lang='lat' dir='ltr'><strong>Mas-</strong></span> 
     </span>
     <span class='ocr_line' id='line_1_38' title="bbox 312 3778 1371 3845; baseline 0.005 -18"><span class='ocrx_word' id='word_1_278' title='bbox 312 3778 518 3843; x_wconf 76' lang='lat' dir='ltr'><strong>gaham,</strong></span> <span class='ocrx_word' id='word_1_279' title='bbox 539 3781 768 3844; x_wconf 83' lang='lat' dir='ltr'><strong>quamvis</strong></span> <span class='ocrx_word' id='word_1_280' title='bbox 792 3781 857 3831; x_wconf 91' lang='lat' dir='ltr'><strong>de</strong></span> <span class='ocrx_word' id='word_1_281' title='bbox 896 3796 959 3830; x_wconf 88' lang='lat' dir='ltr'><strong>eo</strong></span> <span class='ocrx_word' id='word_1_282' title='bbox 992 3783 1115 3831; x_wconf 88' lang='lat' dir='ltr'><strong>nihil</strong></span> <span class='ocrx_word' id='word_1_283' title='bbox 1153 3783 1371 3845; x_wconf 72' lang='lat' dir='ltr'><strong>legendo</strong></span> 
     </span>
     <span class='ocr_line' id='line_1_39' title="bbox 311 3855 1370 3918; baseline 0.004 -15"><span class='ocrx_word' id='word_1_284' title='bbox 311 3857 591 3918; x_wconf 84' lang='lat' dir='ltr'><strong>repererit,</strong></span> <span class='ocrx_word' id='word_1_285' title='bbox 626 3855 811 3905; x_wconf 80' lang='lat' dir='ltr'><strong>Afrum</strong></span> <span class='ocrx_word' id='word_1_286' title='bbox 870 3865 1043 3905; x_wconf 88' lang='lat' dir='ltr'><strong>tamen</strong></span> <span class='ocrx_word' id='word_1_287' title='bbox 1082 3856 1239 3907; x_wconf 82' lang='lat' dir='ltr'><strong>fuisse</strong></span> <span class='ocrx_word' id='word_1_288' title='bbox 1275 3858 1370 3907; x_wconf 88' lang='lat' dir='ltr'><strong>Ca·</strong></span> 
     </span>
     <span class='ocr_line' id='line_1_40' title="bbox 314 3931 1268 3995; baseline 0.002 -15"><span class='ocrx_word' id='word_1_289' title='bbox 314 3931 571 3980; x_wconf 82' lang='lat' dir='ltr'><strong>saubonus</strong></span> <span class='ocrx_word' id='word_1_290' title='bbox 596 3933 888 3985; x_wconf 63' lang='lat' dir='ltr'><strong>exnomine</strong></span> <span class='ocrx_word' id='word_1_291' title='bbox 913 3933 1218 3995; x_wconf 80' lang='lat' dir='ltr'><strong>suspicatur.</strong></span> <span class='ocrx_word' id='word_1_292' title='bbox 1263 3961 1268 3966; x_wconf 92' lang='lat'>·</span> 
     </span>
    </p>

    <p class='ocr_par' dir='ltr' id='par_1_10' title="bbox 317 4008 1369 4149">
     <span class='ocr_line' id='line_1_41' title="bbox 377 4008 1369 4073; baseline 0.005 -18"><span class='ocrx_word' id='word_1_293' title='bbox 377 4014 400 4040; x_wconf 60' lang='grc' dir='ltr'><strong>θ</strong></span> <span class='ocrx_word' id='word_1_294' title='bbox 441 4008 702 4070; x_wconf 76' lang='lat' dir='ltr'><strong>Multisque</strong></span> <span class='ocrx_word' id='word_1_295' title='bbox 720 4009 995 4073; x_wconf 80' lang='lat' dir='ltr'><strong>luminibus]</strong></span> <span class='ocrx_word' id='word_1_296' title='bbox 1019 4009 1156 4058; x_wconf 92' lang='lat' dir='ltr'><strong>Hinc</strong></span> <span class='ocrx_word' id='word_1_297' title='bbox 1181 4010 1369 4060; x_wconf 84' lang='lat' dir='ltr'><strong>iutelli-</strong></span> 
     </span>
     <span class='ocr_line' id='line_1_42' title="bbox 317 4082 1369 4149; baseline 0.003 -17"><span class='ocrx_word' id='word_1_298' title='bbox 317 4091 508 4146; x_wconf 83' lang='lat' dir='ltr'><strong>guntur</strong></span> <span class='ocrx_word' id='word_1_299' title='bbox 525 4082 668 4133; x_wconf 86' lang='lat' dir='ltr'><strong>facta</strong></span> <span class='ocrx_word' id='word_1_300' title='bbox 686 4087 807 4133; x_wconf 87' lang='lat' dir='ltr'><strong>tunc</strong></span> <span class='ocrx_word' id='word_1_301' title='bbox 834 4087 1079 4149; x_wconf 87' lang='lat' dir='ltr'><strong>temporis</strong></span> <span class='ocrx_word' id='word_1_302' title='bbox 1103 4086 1369 4148; x_wconf 80' lang='lat' dir='ltr'><strong>Masgabae</strong></span> 
     </span>
    </p>
   </div>
   <div class='ocr_carea' id='block_1_8' title="bbox 319 4159 1388 4224">
    <p class='ocr_par' dir='ltr' id='par_1_11' title="bbox 319 4159 1388 4224">
     <span class='ocr_line' id='line_1_43' title="bbox 319 4159 1388 4224; baseline 0.004 -16"><span class='ocrx_word' id='word_1_303' title='bbox 319 4159 624 4222; x_wconf 85' lang='lat' dir='ltr'><strong>parentalia,</strong></span> <span class='ocrx_word' id='word_1_304' title='bbox 663 4161 847 4224; x_wconf 86' lang='lat' dir='ltr'><strong>quibus</strong></span> <span class='ocrx_word' id='word_1_305' title='bbox 871 4169 925 4211; x_wconf 87' lang='lat' dir='ltr'><strong>et</strong></span> <span class='ocrx_word' id='word_1_306' title='bbox 966 4164 1105 4212; x_wconf 86' lang='lat' dir='ltr'><strong>cerei</strong></span> <span class='ocrx_word' id='word_1_307' title='bbox 1142 4171 1196 4210; x_wconf 88' lang='lat' dir='ltr'><strong>et</strong></span> <span class='ocrx_word' id='word_1_308' title='bbox 1231 4161 1388 4222; x_wconf 16' lang='lat' dir='ltr'><strong>faces*</strong></span> 
     </span>
    </p>
   </div>
   <div class='ocr_carea' id='block_1_9' title="bbox 320 4236 1368 4301">
    <p class='ocr_par' dir='ltr' id='par_1_12' title="bbox 320 4236 1368 4301">
     <span class='ocr_line' id='line_1_44' title="bbox 320 4236 1368 4301; baseline 0.002 -15"><span class='ocrx_word' id='word_1_309' title='bbox 320 4236 766 4301; x_wconf 82' lang='lat' dir='ltr'><strong>accendebantur;</strong></span> <span class='ocrx_word' id='word_1_310' title='bbox 813 4254 910 4290; x_wconf 89' lang='lat' dir='ltr'><strong>nec</strong></span> <span class='ocrx_word' id='word_1_311' title='bbox 940 4255 1005 4290; x_wconf 89' lang='lat' dir='ltr'><strong>eo</strong></span> <span class='ocrx_word' id='word_1_312' title='bbox 1040 4243 1200 4291; x_wconf 85' lang='lat' dir='ltr'><strong>solum</strong></span> <span class='ocrx_word' id='word_1_313' title='bbox 1244 4248 1368 4290; x_wconf 85' lang='lat' dir='ltr'><strong>tem·</strong></span> 
     </span>
    </p>
   </div>
   <div class='ocr_carea' id='block_1_10' title="bbox 1445 2942 2509 4211">
    <p class='ocr_par' dir='ltr' id='par_1_13' title="bbox 1445 2942 2509 3983">
     <span class='ocr_line' id='line_1_45' title="bbox 1447 2942 2502 3009; baseline -0.002 -15"><span class='ocrx_word' id='word_1_314' title='bbox 1447 2960 1591 3009; x_wconf 85' lang='lat' dir='ltr'><strong>pore,</strong></span> <span class='ocrx_word' id='word_1_315' title='bbox 1614 2944 1701 2992; x_wconf 85' lang='lat' dir='ltr'><strong>sed</strong></span> <span class='ocrx_word' id='word_1_316' title='bbox 1726 2951 1783 2995; x_wconf 87' lang='lat' dir='ltr'><strong>et</strong></span> <span class='ocrx_word' id='word_1_317' title='bbox 1804 2945 1854 2994; x_wconf 90' lang='lat' dir='ltr'><strong>in</strong></span> <span class='ocrx_word' id='word_1_318' title='bbox 1883 2945 2110 3008; x_wconf 80' lang='lat' dir='ltr'><strong>tumulis,</strong></span> <span class='ocrx_word' id='word_1_319' title='bbox 2128 2942 2340 3008; x_wconf 85' lang='lat' dir='ltr'><strong>aliisque</strong></span> <span class='ocrx_word' id='word_1_320' title='bbox 2372 2942 2502 2992; x_wconf 76' lang='lat' dir='ltr'><strong>locis</strong></span> 
     </span>
     <span class='ocr_line' id='line_1_46' title="bbox 1445 3020 2505 3087; baseline -0.004 -16"><span class='ocrx_word' id='word_1_321' title='bbox 1445 3023 1497 3071; x_wconf 89' lang='lat' dir='ltr'><strong>in</strong></span> <span class='ocrx_word' id='word_1_322' title='bbox 1545 3024 1729 3087; x_wconf 84' lang='lat' dir='ltr'><strong>quibus</strong></span> <span class='ocrx_word' id='word_1_323' title='bbox 1772 3023 2030 3086; x_wconf 83' lang='lat' dir='ltr'><strong>religionis</strong></span> <span class='ocrx_word' id='word_1_324' title='bbox 2084 3020 2274 3083; x_wconf 83' lang='lat' dir='ltr'><strong>aliquid</strong></span> <span class='ocrx_word' id='word_1_325' title='bbox 2336 3020 2505 3068; x_wconf 79' lang='lat' dir='ltr'><strong>inesse</strong></span> 
     </span>
     <span class='ocr_line' id='line_1_47' title="bbox 1447 3095 2507 3161; baseline -0.005 -14"><span class='ocrx_word' id='word_1_326' title='bbox 1447 3099 1865 3161; x_wconf 84' lang='lat' dir='ltr'><strong>suspicabantur,</strong></span> <span class='ocrx_word' id='word_1_327' title='bbox 1915 3098 2106 3147; x_wconf 89' lang='lat' dir='ltr'><strong>lumina</strong></span> <span class='ocrx_word' id='word_1_328' title='bbox 2144 3095 2507 3159; x_wconf 75' lang='lat' dir='ltr'><strong>apponebant;</strong></span> 
     </span>
     <span class='ocr_line' id='line_1_48' title="bbox 1449 3173 2505 3240; baseline -0.005 -16"><span class='ocrx_word' id='word_1_329' title='bbox 1449 3176 1538 3239; x_wconf 88' lang='lat' dir='ltr'><strong>qui</strong></span> <span class='ocrx_word' id='word_1_330' title='bbox 1562 3191 1687 3235; x_wconf 87' lang='lat' dir='ltr'><strong>mos,</strong></span> <span class='ocrx_word' id='word_1_331' title='bbox 1709 3177 2080 3240; x_wconf 74' lang='lat' dir='ltr'><strong>admartyrum</strong></span> <span class='ocrx_word' id='word_1_332' title='bbox 2098 3173 2505 3223; x_wconf 85' lang='lat' dir='ltr'><strong>Christianorum</strong></span> 
     </span>
     <span class='ocr_line' id='line_1_49' title="bbox 1451 3250 2507 3311; baseline -0.006 -12"><span class='ocrx_word' id='word_1_333' title='bbox 1451 3253 1672 3299; x_wconf 87' lang='lat' dir='ltr'><strong>tumulos</strong></span> <span class='ocrx_word' id='word_1_334' title='bbox 1699 3254 1994 3307; x_wconf 85' lang='lat' dir='ltr'><strong>translatus,</strong></span> <span class='ocrx_word' id='word_1_335' title='bbox 2010 3250 2074 3299; x_wconf 89' lang='lat' dir='ltr'><strong>ad</strong></span> <span class='ocrx_word' id='word_1_336' title='bbox 2095 3263 2186 3298; x_wconf 85' lang='lat' dir='ltr'><strong>nos</strong></span> <span class='ocrx_word' id='word_1_337' title='bbox 2214 3261 2370 3311; x_wconf 86' lang='lat' dir='ltr'><strong>usque</strong></span> <span class='ocrx_word' id='word_1_338' title='bbox 2390 3261 2507 3308; x_wconf 80' lang='lat' dir='ltr'><strong>per·</strong></span> 
     </span>
     <span class='ocr_line' id='line_1_50' title="bbox 1450 3325 2507 3388; baseline -0.005 -16"><span class='ocrx_word' id='word_1_339' title='bbox 1450 3327 1606 3375; x_wconf 84' lang='lat' dir='ltr'><strong>venit.</strong></span> <span class='ocrx_word' id='word_1_340' title='bbox 1675 3328 1792 3376; x_wconf 87' lang='lat' dir='ltr'><strong>Nee</strong></span> <span class='ocrx_word' id='word_1_341' title='bbox 1836 3325 2092 3388; x_wconf 83' lang='lat' dir='ltr'><strong>religionis</strong></span> <span class='ocrx_word' id='word_1_342' title='bbox 2126 3331 2321 3372; x_wconf 70' lang='lat' dir='ltr'><strong>tantun·</strong></span> <span class='ocrx_word' id='word_1_343' title='bbox 2363 3335 2507 3384; x_wconf 85' lang='lat' dir='ltr'><strong>ergo,</strong></span> 
     </span>
     <span class='ocr_line' id='line_1_51' title="bbox 1449 3397 2505 3464; baseline -0.007 -15"><span class='ocrx_word' id='word_1_344' title='bbox 1449 3401 1541 3449; x_wconf 89' lang='lat' dir='ltr'><strong>sed</strong></span> <span class='ocrx_word' id='word_1_345' title='bbox 1582 3410 1636 3452; x_wconf 89' lang='lat' dir='ltr'><strong>et</strong></span> <span class='ocrx_word' id='word_1_346' title='bbox 1672 3404 1723 3450; x_wconf 90' lang='lat' dir='ltr'><strong>in</strong></span> <span class='ocrx_word' id='word_1_347' title='bbox 1763 3403 1968 3464; x_wconf 76' lang='lat' dir='ltr'><strong>publica</strong></span> <span class='ocrx_word' id='word_1_348' title='bbox 2004 3399 2186 3448; x_wconf 72' lang='lat' dir='ltr'><strong>laetitia</strong></span> <span class='ocrx_word' id='word_1_349' title='bbox 2225 3397 2505 3459; x_wconf 87' lang='lat' dir='ltr'><strong>diebusque</strong></span> 
     </span>
     <span class='ocr_line' id='line_1_52' title="bbox 1448 3471 2505 3534; baseline -0.005 -10"><span class='ocrx_word' id='word_1_350' title='bbox 1448 3475 1614 3534; x_wconf 78' lang='lat' dir='ltr'><strong>festis,</strong></span> <span class='ocrx_word' id='word_1_351' title='bbox 1670 3479 1924 3534; x_wconf 88' lang='lat' dir='ltr'><strong>lucernas,</strong></span> <span class='ocrx_word' id='word_1_352' title='bbox 1962 3485 2162 3533; x_wconf 84' lang='lat' dir='ltr'><strong>cereos,</strong></span> <span class='ocrx_word' id='word_1_353' title='bbox 2214 3471 2505 3533; x_wconf 76' lang='lat' dir='ltr'><strong>furialiaque</strong></span> 
     </span>
     <span class='ocr_line' id='line_1_53' title="bbox 1451 3550 2507 3618; baseline -0.007 -16"><span class='ocrx_word' id='word_1_354' title='bbox 1451 3569 1672 3604; x_wconf 83' lang='lat' dir='ltr'><strong>aceensa</strong></span> <span class='ocrx_word' id='word_1_355' title='bbox 1698 3555 1943 3618; x_wconf 79' lang='lat' dir='ltr'><strong>reperias.</strong></span> <span class='ocrx_word' id='word_1_356' title='bbox 2007 3550 2248 3603; x_wconf 81' lang='lat' dir='ltr'><strong>Juvenal.</strong></span> <span class='ocrx_word' id='word_1_357' title='bbox 2269 3550 2380 3597; x_wconf 84' lang='lat' dir='ltr'><strong>Sat.</strong></span> <span class='ocrx_word' id='word_1_358' title='bbox 2406 3561 2507 3596; x_wconf 84' lang='lat' dir='ltr'><strong>xir.</strong></span> 
     </span>
     <span class='ocr_line' id='line_1_54' title="bbox 1447 3625 2506 3691; baseline -0.009 -10"><span class='ocrx_word' id='word_1_359' title='bbox 1447 3633 1462 3659; x_wconf 89' lang='lat'>‘</span> <span class='ocrx_word' id='word_1_360' title='bbox 1485 3631 1686 3681; x_wconf 85' lang='lat' dir='ltr'><strong>Cuncta</strong></span> <span class='ocrx_word' id='word_1_361' title='bbox 1720 3632 1906 3691; x_wconf 78' lang='lat' dir='ltr'><strong>nitent,</strong></span> <span class='ocrx_word' id='word_1_362' title='bbox 1945 3629 2124 3691; x_wconf 86' lang='lat' dir='ltr'><strong>longos</strong></span> <span class='ocrx_word' id='word_1_363' title='bbox 2148 3626 2316 3676; x_wconf 78' lang='lat' dir='ltr'><strong>erexit</strong></span> <span class='ocrx_word' id='word_1_364' title='bbox 2343 3625 2506 3687; x_wconf 84' lang='lat' dir='ltr'><strong>janua</strong></span> 
     </span>
     <span class='ocr_line' id='line_1_55' title="bbox 1452 3698 2507 3769; baseline -0.009 -14"><span class='ocrx_word' id='word_1_365' title='bbox 1452 3721 1641 3769; x_wconf 73' lang='lat' dir='ltr'><strong>ramoS‚</strong></span> <span class='ocrx_word' id='word_1_366' title='bbox 1674 3708 1744 3757; x_wconf 91' lang='lat' dir='ltr'><strong>Et</strong></span> <span class='ocrx_word' id='word_1_367' title='bbox 1786 3705 2047 3755; x_wconf 83' lang='lat' dir='ltr'><strong>matutinis</strong></span> <span class='ocrx_word' id='word_1_368' title='bbox 2091 3701 2323 3765; x_wconf 84' lang='lat' dir='ltr'><strong>operitur</strong></span> <span class='ocrx_word' id='word_1_369' title='bbox 2375 3698 2507 3747; x_wconf 80' lang='lat' dir='ltr'><strong>festa</strong></span> 
     </span>
     <span class='ocr_line' id='line_1_56' title="bbox 1453 3776 2505 3833; baseline -0.008 -2"><span class='ocrx_word' id='word_1_370' title='bbox 1453 3783 1716 3833; x_wconf 67' lang='lat' dir='ltr'><strong>lucernis!</strong></span> <span class='ocrx_word' id='word_1_371' title='bbox 1742 3784 1808 3832; x_wconf 81' lang='lat' dir='ltr'><strong>Et</strong></span> <span class='ocrx_word' id='word_1_372' title='bbox 1832 3782 1963 3830; x_wconf 83' lang='lat' dir='ltr'><strong>iufra</strong></span> <span class='ocrx_word' id='word_1_373' title='bbox 1987 3781 2037 3829; x_wconf 92' lang='lat' dir='ltr'><strong>in</strong></span> <span class='ocrx_word' id='word_1_374' title='bbox 2061 3778 2269 3827; x_wconf 87' lang='lat' dir='ltr'><strong>Tiberio</strong></span> <span class='ocrx_word' id='word_1_375' title='bbox 2287 3792 2332 3825; x_wconf 90' lang='lat' dir='ltr'><strong>c.</strong></span> <span class='ocrx_word' id='word_1_376' title='bbox 2359 3776 2505 3824; x_wconf 80' lang='lat' dir='ltr'><strong>13.in</strong></span> 
     </span>
     <span class='ocr_line' id='line_1_57' title="bbox 1454 3854 2507 3921; baseline -0.009 -13"><span class='ocrx_word' id='word_1_377' title='bbox 1454 3859 1689 3921; x_wconf 85' lang='lat' dir='ltr'><strong>Caligula</strong></span> <span class='ocrx_word' id='word_1_378' title='bbox 1714 3871 1761 3907; x_wconf 88' lang='lat' dir='ltr'><strong>c.</strong></span> <span class='ocrx_word' id='word_1_379' title='bbox 1785 3862 1863 3906; x_wconf 80' lang='lat'><strong>13.</strong></span> <span class='ocrx_word' id='word_1_380' title='bbox 1896 3865 1950 3905; x_wconf 90' lang='lat' dir='ltr'><strong>et</strong></span> <span class='ocrx_word' id='word_1_381' title='bbox 1975 3855 2113 3904; x_wconf 88' lang='lat' dir='ltr'><strong>alibi.</strong></span> <span class='ocrx_word' id='word_1_382' title='bbox 2153 3854 2352 3902; x_wconf 78' lang='lat' dir='ltr'><strong>Seneca</strong></span> <span class='ocrx_word' id='word_1_383' title='bbox 2390 3865 2507 3914; x_wconf 81' lang='lat' dir='ltr'><strong>pos·</strong></span> 
     </span>
     <span class='ocr_line' id='line_1_58' title="bbox 1452 3928 2509 3983; baseline -0.007 -1"><span class='ocrx_word' id='word_1_384' title='bbox 1452 3935 1630 3983; x_wconf 86' lang='lat' dir='ltr'><strong>tremis</strong></span> <span class='ocrx_word' id='word_1_385' title='bbox 1647 3933 1763 3982; x_wconf 85' lang='lat' dir='ltr'><strong>libri</strong></span> <span class='ocrx_word' id='word_1_386' title='bbox 1786 3934 1851 3982; x_wconf 92' lang='lat' dir='ltr'><strong>de</strong></span> <span class='ocrx_word' id='word_1_387' title='bbox 1876 3931 2146 3982; x_wconf 84' lang='lat' dir='ltr'><strong>Brevitate</strong></span> <span class='ocrx_word' id='word_1_388' title='bbox 2165 3930 2297 3977; x_wconf 74' lang='lat' dir='ltr'><strong>Vitae</strong></span> <span class='ocrx_word' id='word_1_389' title='bbox 2322 3928 2509 3976; x_wconf 83' lang='lat' dir='ltr'><strong>verbis.</strong></span> 
     </span>
    </p>

    <p class='ocr_par' dir='ltr' id='par_1_14' title="bbox 1451 4002 2506 4211">
     <span class='ocr_line' id='line_1_59' title="bbox 1520 4002 2506 4073; baseline -0.007 -15"><span class='ocrx_word' id='word_1_390' title='bbox 1520 4008 1539 4041; x_wconf 73' lang='lat' dir='ltr'>f</span> <span class='ocrx_word' id='word_1_391' title='bbox 1568 4010 1883 4073; x_wconf 76' lang='lat' dir='ltr'><strong>Thrasyllum]</strong></span> <span class='ocrx_word' id='word_1_392' title='bbox 1953 4003 2392 4060; x_wconf 79' lang='lat' dir='ltr'><strong>Matlieniaticum,</strong></span> <span class='ocrx_word' id='word_1_393' title='bbox 2439 4002 2506 4052; x_wconf 90' lang='lat' dir='ltr'><strong>de</strong></span> 
     </span>
     <span class='ocr_line' id='line_1_60' title="bbox 1451 4079 2506 4148; baseline -0.006 -16"><span class='ocrx_word' id='word_1_394' title='bbox 1451 4101 1552 4148; x_wconf 88' lang='lat' dir='ltr'><strong>quo</strong></span> <span class='ocrx_word' id='word_1_395' title='bbox 1578 4086 1728 4148; x_wconf 88' lang='lat' dir='ltr'><strong>plura</strong></span> <span class='ocrx_word' id='word_1_396' title='bbox 1753 4086 1801 4132; x_wconf 90' lang='lat' dir='ltr'><strong>in</strong></span> <span class='ocrx_word' id='word_1_397' title='bbox 1820 4084 2051 4132; x_wconf 86' lang='lat' dir='ltr'><strong>Tiberio.</strong></span> <span class='ocrx_word' id='word_1_398' title='bbox 2114 4081 2195 4130; x_wconf 88' lang='lat' dir='ltr'><strong>De</strong></span> <span class='ocrx_word' id='word_1_399' title='bbox 2213 4079 2506 4140; x_wconf 72' lang='lat' dir='ltr'><strong>comitibuS,</strong></span> 
     </span>
     <span class='ocr_line' id='line_1_61' title="bbox 1454 4160 1926 4211; baseline -0.002 -2"><span class='ocrx_word' id='word_1_400' title='bbox 1454 4161 1502 4209; x_wconf 91' lang='lat' dir='ltr'><strong>iu</strong></span> <span class='ocrx_word' id='word_1_401' title='bbox 1528 4160 1668 4211; x_wconf 89' lang='lat' dir='ltr'><strong>Julio</strong></span> <span class='ocrx_word' id='word_1_402' title='bbox 1692 4175 1739 4210; x_wconf 88' lang='lat' dir='ltr'><strong>c.</strong></span> <span class='ocrx_word' id='word_1_403' title='bbox 1761 4164 1808 4209; x_wconf 80' lang='grc'><strong>4.</strong></span> <span class='ocrx_word' id='word_1_404' title='bbox 1831 4162 1926 4208; x_wconf 78' lang='grc' dir='ltr'><strong>διο.</strong></span> 
     </span>
    </p>
   </div>
  </div>
 </body>
</html>
