3019 4922
511 421 640 488 451

511 600 724 650 causa
764 587 910 644 erat
956 583 1168 643 metus
1212 578 1507 662 undique
1561 577 2044 641 imminentium
2089 575 2588 641 discriminum:
2630 579 2699 640 ut

513 704 725 769 saepe,
752 683 1026 766 ‘lupum
1051 701 1123 745 se
1152 683 1427 746 auribus
1448 689 1488 717 ¹¹¹
1519 678 1779 758 tenere,'
1812 679 2086 744 diceret.
2175 678 2355 743 Nam
2380 685 2449 744 et
2470 696 2698 743 servus

510 787 859 870 Agrippae,
891 784 1199 849 Clemens
1230 785 1519 860 nomine,
1545 803 1678 847 non
1707 781 2305 848 contemnendam⁶
2332 800 2604 846 manum
2635 781 2698 844 in

510 891 829 955 ultionem
884 887 1134 953 domini
1181 895 1639 971 compararat:
1682 892 1745 950 et
1775 886 1856 949 L.
1888 886 2273 950 Scribonius
2324 885 2554 962 Libo?
2600 884 2700 947 vir

511 995 785 1071 nobiliS,
814 1012 919 1057 res
950 1010 1164 1056 novas
1195 991 1366 1057 clam
1398 991 1841 1055 moliebatur:
1884 996 1954 1053 et
1984 989 2234 1072 duplex
2257 989 2499 1053 seditio
2533 988 2700 1051 mili-

510 1104 673 1174 tum,
706 1098 776 1159 in
812 1096 1083 1178 Illyrico
1131 1101 1203 1158 et
1242 1094 1311 1157 in
1350 1093 1735 1170 Germania,
1770 1093 2005 1157 exorta
2053 1098 2181 1157 est.
2269 1092 2698 1173 Flagitabant

512 1202 708 1264 ambo
736 1198 1070 1263 exercitus
1100 1197 1306 1261 multa
1327 1204 1524 1261 extra
1555 1196 1848 1261 ordinem
1877 1201 2066 1259 :ante
2100 1195 2346 1273 omnia,
2375 1201 2451 1258 ut
2473 1214 2697 1278 aequa-

511 1309 723 1366 rentur
790 1300 1122 1384 stipendio
1210 1299 1648 1383 praetorianis.
1755 1296 2249 1362 Germaniciani
2277 1305 2305 1332 ⁰
2357 1297 2636 1380 ,quidem
2670 1305 2694 1345 ⁷

1368 435 1431 482 G·
1479 431 1842 481 SUETONII

1424 1495 1762 1518 oestuo-‘eeu
1769 1497 1798 1518 O

513 1635 649 1684 Dun.
716 1632 850 1681 Tum
888 1646 992 1680 aar.
1024 1645 1073 1680 se
1108 1636 1203 1680 ten.
1228 1629 1386 1681 vind.
1411 1637 1460 1681 1.
1506 1633 1714 1682 retinere
1733 1632 1886 1681 vind.
1907 1634 2053 1681 2.-6
2090 1629 2435 1679 Continendam
2454 1629 2605 1677 Voss.
2644 1635 2697 1678 et

512 1697 652 1749 infra
673 1703 779 1746 orta
802 1703 872 1746 eet
894 1695 1046 1745 vind.
1069 1700 1117 1745 2.
1155 1697 1297 1747 Cort.
1341 1699 1471 1747 Edd.
1497 1699 1743 1749 Rom.—7
1782 1699 1933 1746 Hanc
1957 1697 2079 1745 lect.
2105 1696 2201 1752 Ed.
2224 1695 2403 1758 Steph.
2429 1694 2696 1757 probatam

512 1765 728 1814 Casaub.
751 1763 923 1811 Graev.
951 1762 1086 1811 ond.
1121 1762 1298 1811 Burm.
1339 1772 1394 1812 et
1417 1764 1483 1813 al.
1506 1763 1810 1813 confirmant
1832 1764 2049 1811 Tornac.
2072 1760 2226 1809 vind.
2252 1765 2299 1808 1.
2368 1760 2538 1808 Etiam
2563 1760 2695 1808 Prae-

510 1829 712 1877 torianis
736 1827 1091 1876 Germaniciani
1125 1842 1188 1874 ex
1223 1827 1353 1878 Cod.
1393 1844 1482 1877 suo
1522 1830 1749 1892 praetulit
1772 1829 2022 1878 Glareau.
2044 1834 2294 1890 sequente
2318 1823 2439 1873 Ald.
2465 1825 2697 1889 aliisque,

512 1893 878 1944 accedentibus
898 1892 1107 1940 Memm.
1133 1893 1270 1941 Dun.
1334 1893 1384 1942 ui
1409 1895 1565 1944 etiam
1589 1909 1701 1943 cum
1723 1893 1857 1943 Edd.
1881 1892 2125 1941 exhibent
2146 1891 2351 1953 quidam,
2375 1897 2428 1938 et
2453 1890 2504 1938 in
2526 1891 2695 1938 multis

511 1958 843 2018 distinguitur
882 1964 996 2018 post
1040 1957 1207 2005 Germ.
1330 1959 1488 2009 abent
1522 1961 1798 2023 proetoriani
1837 1956 2216 2006 Ger-municionis
2255 1955 2425 2003 Periz.
2465 1954 2694 2004 Han-lem.

513 2025 643 2089 Cop.
664 2022 796 2072 Edd.
820 2023 971 2071 Rom.
996 2022 1121 2072 Ven.
1149 2023 1293 2075 sunt.
1331 2024 1454 2075 Bas.
1481 2034 1537 2075 et
1569 2026 1720 2074 Vett.
1754 2023 1886 2078 aliae,
1915 2022 2220 2087 proetorionis
2257 2020 2534 2070 Germanici
2571 2021 2693 2071 Cod.

1492 2200 1704 2252 NOTAE

512 2320 877 2375 occupaverat.
946 2314 1081 2364 Hoec
1107 2316 1263 2366 verba
1293 2316 1568 2366 tribuenda
1643 2316 1814 2366 berius
1835 2317 2186 2386 occidijussit‚
2207 2331 2322 2381 cap.
2346 2319 2427 2365 22.
2465 2281 2702 2376 ΡοιπιριείίΙ

512 2388 755 2439 videntur
779 2391 948 2454 alicui,
971 2392 1058 2457 qui
1088 2393 1137 2441 id
1174 2392 1342 2457 ipsum
1366 2408 1467 2443 non
1490 2402 1566 2443 at·
1643 2408 1917 2458 pronepos·
1959 2394 2096 2443 Hinc
2131 2394 2285 2443 animi
2315 2392 2456 2441 elati.
2493 2392 2573 2441 De
2599 2401 2696 2451 quo

498 2459 774 2520 ¹tenderet.

576 2552 612 2577 ¹¹²
644 2546 830 2609 Lupum
849 2563 900 2597 ee
926 2548 1258 2612 auribm‚&e.]
1293 2549 1567 2600 Proverbi-

512 2634 597 2669 um
621 2622 686 2671 ab
710 2622 941 2672 animalis
961 2624 1115 2688 hujus
1146 2634 1329 2675 natura
1353 2634 1407 2675 et
1431 2625 1568 2677 fero·

511 2697 629 2758 cia3
676 2713 792 2748 cum
816 2701 952 2749 enim
975 2697 1447 2766 capite'plurimum
1484 2719 1567 2754 va·

508 2774 637 2837 leat,
662 2789 830 2838 neque
861 2791 1009 2826 aures
1045 2779 1154 2842 ejus
1177 2779 1252 2829 ita
1274 2781 1439 2844 longae
1461 2781 1567 2830 sint

510 2858 571 2900 ut
592 2851 654 2900 iis
690 2850 845 2901 facile
881 2855 1091 2904 retineri
1126 2857 1310 2919 possit,
1340 2858 1566 2922 undique

511 2928 794 2991 periculum
835 2929 1068 2980 imminet
1107 2932 1201 2982 hac
1236 2934 1379 2983 illum
1419 2942 1567 2998 parte

513 3004 957 3067 apprehendenti;
1009 3014 1204 3058 tantum
1241 3011 1452 3060 enimin
1492 3013 1567 3061 di-

509 3080 768 3129 mittendo
794 3083 1096 3146 periculum,
1127 3095 1319 3150 quanta
1354 3088 1406 3136 in
1442 3091 1567 3138 reti·

511 3156 684 3206 nendo
706 3156 996 3209 difficultas.
1029 3161 1304 3212 Terentius
1326 3164 1378 3213 in
1403 3164 1566 3215 Phor-

511 3233 682 3282 mione
717 3233 838 3283 Act.
876 3249 962 3285 m.
990 3237 1140 3287 Scen.
1177 3243 1229 3289 2.
1262 3253 1337 3289 vs.
1377 3244 1457 3289 21.
1499 3241 1566 3291 de

510 3309 842 3361 adolescente
902 3312 952 3361 in
997 3316 1260 3378 angustias
1318 3317 1564 3368 redacto:

508 3386 699 3437 ‘immo
722 3389 856 3452 quod
880 3390 1043 3454 aiunt,
1065 3390 1291 3443 Auribus
1314 3400 1465 3447 teneo
1487 3396 1565 3445 lu-

509 3480 631 3529 pum
654 3483 666 3513 2
715 3467 848 3516 Nam
879 3482 1046 3534 neque
1077 3486 1179 3535 quo
1200 3472 1403 3522 mittam
1428 3488 1457 3522 a
1480 3488 1566 3523 me

449 3612 453 3616 ι
508 3541 735 3608 invenio,
755 3558 923 3609 neque
937 3552 995 3595 ut
1014 3547 1259 3598 retineam
1281 3548 1423 3600 scio.’
1457 3551 1563 3600 Ubi

509 3617 756 3672 Graecum
783 3621 1112 3684 proverbium
1128 3627 1382 3688 expressit
1399 3641 1563 3691 prope

510 3695 575 3744 nd
602 3697 842 3745 verbum:
877 3701 972 3747 τῶν
1014 3702 1146 3748 ὤτων
1175 3698 1273 3762 ἔχω
1294 3700 1380 3750 τὸν
1400 3701 1563 3752 λύκον·

509 3770 609 3819 οὔτ’
623 3769 772 3834 ἔχειν,
787 3773 886 3821 οὔτ’
918 3772 1101 3837 ἀφεῖναι
1123 3774 1336 3839 δύναμαι,
1356 3778 1565 3828 Auribus

511 3853 644 3897 teneo
665 3850 839 3912 lupum,
861 3865 945 3900 nee
971 3853 1178 3904 retinere
1197 3869 1280 3906 nee
1300 3856 1564 3921 relinquere

506 3939 706 3986 possum.
1553 3982 1558 3985 ,

574 4008 597 4033 ¹¹
631 4002 907 4053 Scribonius
924 4003 1264 4071 LiboJ'Hnjus
1285 4006 1444 4057 amita
1462 4006 1564 4058 fuit

508 4073 775 4127 Scribonia
796 4078 1021 4143 Augusti
1043 4083 1254 4146 conjux,
1273 4084 1431 4135 Juliae
1454 4099 1561 4134 ma-

510 4157 609 4213 ter,
630 4159 684 4201 ut
708 4159 856 4216 patet
876 4169 941 4204 ex
964 4170 1078 4220 cap.
1100 4162 1182 4208 62.
1206 4166 1261 4209 et
1281 4163 1365 4209 63.
1387 4160 1439 4210 in
1456 4159 1564 4210 Au·

510 4238 682 4294 gusto,
711 4232 969 4283 Caesarum
1010 4236 1122 4285 Caii
1157 4245 1213 4286 et
1247 4238 1392 4287 Lucii
1430 4238 1564 4300 avia,

509 4313 568 4355 ut
592 4314 648 4357 et
669 4305 919 4371 Agrippae
940 4324 954 4358 ε
991 4310 1282 4379 Patimini,
1297 4329 1450 4380 quem
1472 4315 1521 4366 T
1522 4315 1561 4364 i-

1640 2473 1851 2523 'I'acitus
1914 2487 1977 2522 n.
2035 2471 2330 2533 Annalium,
2385 2475 2441 2519 et
2500 2470 2696 2518 Seneca

1642 2547 1811 2612 Epist.
1831 2552 1911 2599 70.
1935 2549 2098 2612 plura.
2699 2548 2702 2551 ’

1704 2633 1728 2658 ⁰
1763 2616 2138 2687 Germaniciani]
2179 2621 2391 2685 Vulgati
2431 2617 2704 2683 legebant,

1644 2705 2023 2754 Germanicianis
2042 2700 2348 2753 Proetoriani.
2384 2700 2529 2748 Male
2546 2715 2559 2747 ι
2579 2710 2698 2747 con-

1641 2788 1748 2832 stat
1768 2782 1900 2831 enim
1924 2782 2176 2846 potiorem
2197 2781 2371 2829 horum
2394 2776 2556 2826 fnisse
2578 2789 2698 2825 cou-

1640 2858 1922 2920 ditionem3
1971 2858 2164 2922 majora
2199 2856 2392 2922 quippe
2415 2852 2695 2916 stipendia,

1642 2942 1698 2985 et
1741 2936 1989 2985 maturior
2029 2935 2201 2985 missio
2244 2931 2599 2997 competebat,
2638 2937 2699 2978 ut

1643 3010 1779 3061 iufra
1811 3013 1861 3061 in
1900 3010 2074 3063 Galba
2109 3026 2227 3075 cap.
2264 3015 2345 3060 20.
2383 3016 2439 3058 et
2472 3008 2573 3057 Dio
2609 3006 2696 3056 lib.

1639 3103 1751 3139 mv.
1775 3089 2105 3141 casaubonus
2118 3095 2348 3138 veterem
2364 3085 2497 3135 Rob.
2513 3084 2695 3147 steph.

1642 3173 1850 3215 secutus
1894 3166 2191 3221 editionem,
2235 3164 2311 3212 nic
2354 3161 2696 3224 interpungit,

1640 3248 1697 3292 at
1746 3250 2047 3307 oequnrenlar
2097 3242 2326 3306 stipendio
2372 3238 2696 3303 pretorianis.

1644 3319 2000 3370 Germaniciani
2033 3321 2219 3384 quidem
2241 3319 2386 3368 etiam
2420 3316 2695 3379 Principem

1636 3397 1979 3448 detrectabant.
2011 3399 2085 3447 Ut
2100 3396 2170 3446 sit
2186 3410 2388 3457 sensus,
2406 3394 2694 3443 exercitum

1638 3481 1915 3539 utrumque
1931 3473 2141 3537 petiisse
2157 3471 2404 3537 stipendii
2420 3484 2538 3520 cum
2564 3484 2670 3534 prae
2681 3496 2693 3505 ·

1642 3549 1851 3599 torianis
1867 3548 2238 3614 aequalitatem,
2249 3561 2311 3597 ac
2325 3545 2692 3596 Germanicum

1637 3625 1850 3689 insuper
1867 3625 2153 3675 exercitum
2168 3625 2492 3674 detrectasse
2503 3618 2695 3671 Tiberii

1636 3701 1922 3765 imperium.
1988 3702 2141 3754 Quod
2198 3708 2255 3751 et
2312 3700 2546 3749 restituit
2602 3700 2692 3747 lioc

1638 3778 1788 3828 modo
1815 3779 2132 3838 Torrentius,
2168 3784 2225 3827 et
2262 3775 2475 3826 veritati
2509 3789 2695 3825 conve·

1636 3855 1735 3917 nit,
1759 3862 1816 3904 ut
1849 3861 1996 3918 patet
2019 3870 2085 3904 ex
2107 3868 2223 3917 cap.
2248 3858 2295 3903 1.
2334 3852 2450 3901 libri
2475 3866 2692 3916 sequen·

1639 3931 1723 3988 tis,
1748 3937 1804 3980 et
1834 3945 1899 3979 ex
1929 3930 2113 3979 Tacito
2152 3942 2219 3979 11.
2255 3927 2445 3978 Annal.
2483 3925 2572 3976 ubi
2606 3940 2692 3975 no·

1638 4007 1798 4057 tanda
1821 4022 1999 4056 vocum
2021 4004 2317 4055 Germanici
2343 4012 2398 4054 et
2419 4002 2689 4053 Germani-

1636 4083 1770 4133 ciani
1809 4080 2133 4132 differentia=
2190 4080 2277 4145 qui
2316 4080 2366 4128 in
2407 4078 2689 4129 Germania

1636 4167 1787 4211 erant
1817 4160 2080 4209 exercitus
2114 4156 2356 4218 Romani,
2389 4156 2425 4204 ii
2457 4155 2693 4205 diceban-

1637 4245 1722 4287 tur
1741 4238 2003 4287 exercitus
2025 4233 2342 4294 Germanici,
2366 4246 2542 4282 eorum
2566 4245 2686 4281 vero

1636 4315 1958 4367 exercituum
2028 4311 2216 4363 milites
2244 4308 2683 4398 &Germaniciani-
