3019 4922
471 411 603 478 134
691 403 695 408 ’
1330 420 1394 469 c.
1439 417 1800 468 sum-omi

468 569 637 656 [62]
683 568 950 636 Delicta
976 585 1188 650 neque
1215 564 1622 631 observabat
1651 562 1903 639 omnia,
1928 579 2146 645 neque
2172 579 2298 643 pro
2319 557 2616 625 modo¹¹⁶
2633 565 2663 596 ⁰

472 672 973 756 exequebatur:
1036 669 1156 733 sed
1213 666 1664 731 desertorum?
1717 684 1798 729 ac
1818 664 1842 699 ⁷
1904 661 2375 739 seditiosorum
2431 668 2501 727 et
2558 662 2659 725 in·
2710 713 2716 718 ,

474 776 761 857 quisitor
788 782 860 839 et
888 774 1154 858 punitor
1183 770 1566 846 acerrimus»,
1614 766 2053 833 connivebat⁸
2098 767 2169 831 in
2199 765 2460 830 ceteris.
2547 762 2668 853 Ac

471 897 940 962 nonnunquam
988 883 1144 960 post
1196 894 1499 957 magnam
1545 892 1833 956 pugnam
1891 877 2094 954 atque
2144 869 2514 945 victoriam,
2559 886 2667 930 re-

470 980 681 1044 misso
729 977 1094 1044 officiorum
1136 996 1424 1053 munere,
1474 975 1807 1039 licentiam
1851 992 2112 1071 omnem
2153 971 2410 1056 passim
2456 969 2661 1033 lasci-

471 1081 691 1150 viendi
747 1082 1211 1165 permittebat;
1267 1080 1527 1164 jactare
1589 1077 1849 1156 solituS,
1899 1081 1917 1110 ‘
1944 1076 2190 1140 milites
2238 1091 2405 1137 suos
2454 1072 2659 1136 etiam

471 1188 902 1266 unguentatos
946 1183 1111 1247 bene
1153 1202 1446 1265 pugnare
1489 1200 1694 1264 posse
1717 1178 1755 1240 :’
1796 1199 1918 1244 nec
1948 1183 1969 1213 ‘
1993 1176 2278 1243 milites’
2324 1184 2493 1241 eos⁹
2534 1194 2665 1258 pro

473 1286 820 1363 concione,
840 1283 961 1348 sed
978 1284 1307 1349 blandiori
1331 1284 1595 1347 nomine
1627 1279 1648 1316 ‘
1660 1280 2167 1346 commilitones'
2184 1288 2210 1327 ‘¹
2234 1277 2661 1364 appellabat;

470 1373 897 1471 habebatque
946 1392 1078 1452 tam
1126 1387 1368 1463 cultoS,
1415 1392 1491 1449 ut
1534 1392 1803 1467 argento
1833 1391 1904 1448 et
1947 1403 2106 1448 auro
2128 1391 2149 1418 Τ
2194 1382 2424 1466 politis
2454 1380 2660 1444 armis

474 1499 762 1565 ornaret,
806 1488 1002 1553 simul
1031 1494 1098 1552 et
1117 1486 1300 1577 ¹<{ad
1332 1488 1644 1571 speciem,
1675 1496 1746 1551 et
1776 1505 1910 1570 quo
1942 1487 2304 1550 tenaciores
2332 1502 2562 1548 eorum
2590 1480 2665 1545 in

471 1592 704 1678 praelio
733 1599 960 1656 essent
980 1597 1165 1655 metu
1193 1591 1438 1655 damni.
1529 1589 1871 1672 Diligebat
1900 1607 2161 1672 quoque
2184 1605 2390 1669 usque
2411 1594 2430 1623 ¹
2466 1584 2661 1660 adeo,

535 1831 563 1855 ¹⁸
597 1819 762 1888 Neque
781 1821 1054 1886 explorabat
1069 1836 1226 1871 omnes
1240 1824 1417 1886 culpas,
1439 1824 1590 1887 neque
1602 1821 1824 1886 puniebat
1844 1821 1951 1872 illas
1965 1836 2054 1886 pro
2071 1820 2316 1884 gravitate
2332 1820 2664 1885 cujusquam·-

1385 2012 1474 2032 000
1481 2009 1752 2031 ‘meoet‘

471 2167 504 2212 6
522 2162 655 2212 Gab.
676 2162 923 2220 Faernus,
949 2172 1165 2216 notante
1186 2166 1335 2216 Torr.
1358 2165 1567 2226 legebat
1584 2182 1671 2230 pro
1690 2170 1930 2215 mom—⁷
1950 2166 2108 2230 Atque
2123 2164 2279 2214 vind.
2298 2168 2347 2214 l.
2397 2164 2524 2213 Tum
2549 2164 2665 2215 sine

472 2229 661 2291 copula
679 2234 728 2278 et
751 2230 907 2292 priori
928 2230 1061 2292 loco,
1091 2231 1190 2294 inq.
1207 2248 1264 2280 ac
1281 2246 1396 2295 pun.
1416 2232 1646 2282 Harlem.
1671 2232 1843 2283 Periz.
1875 2231 2030 2281 Vind.
2050 2236 2097 2281 1.
2120 2229 2254 2280 End.
2279 2229 2424 2279 Cald.
2447 2229 2669 2280 Mediol.

470 2293 711 2351 Venetae,
727 2294 858 2345 Bon.
882 2302 936 2343 et
960 2298 1174 2360 reliquae
1196 2297 1345 2347 Vett.
1371 2304 1425 2345 at
1446 2298 1568 2347 Bas.
1589 2303 1637 2347 et
1660 2297 1831 2358 habet,
1855 2297 1992 2360 quod
2014 2303 2208 2346 secutae
2227 2294 2430 2358 Grypli.
2449 2300 2506 2343 et
2523 2296 2669 2359 alim..

468 2357 532 2406 In
552 2358 765 2409 Memm.
796 2360 1113 2423 pernicem—8
1150 2361 1408 2412 Cokioebat
1426 2362 1586 2413 Fonc.
1603 2363 1787 2426 anac.
1805 2362 1956 2412 Hnls.
1975 2362 2162 2425 Copes.
2191 2360 2304 2410 Pin.
2326 2358 2525 2409 Medic.
2552 2363 2662 2409 1.3.

468 2422 627 2473 vind.
643 2427 692 2473 3.
708 2438 822 2474 cnm
843 2439 1004 2490 marg.
1025 2426 1122 2476 Ed.
1147 2426 1362 2476 Mediol.
1429 2423 1563 2477 1n⁰de
1597 2426 1829 2478 faciebat
1853 2424 2043 2478 Scheff.
2064 2441 2117 2477 se
2144 2424 2504 2485 cohibebam—,9
2538 2424 2665 2474 Suos

468 2481 705 2538 Har-lem.
729 2490 863 2539 Ven.
889 2497 1013 2551 tres,
1034 2492 1179 2541 Cald.
1205 2492 1349 2542 Med.
1369 2493 1503 2542 Bon.
1526 2493 1693 2554 Lugd.
1713 2492 1833 2542 Διά.
1858 2493 2041 2558 Stepb.
2065 2493 2298 2554 aliaeque.
2364 2490 2496 2538 Dein
2532 2490 2666 2538 blan·

467 2554 602 2602 dioro
619 2553 815 2603 Medic.
840 2563 967 2619 tres,
990 2556 1155 2608 Rhed.
1181 2561 1287 2607 La.
1309 2557 1453 2608 Cort.
1483 2573 1600 2607 cum
1625 2557 1762 2608 Edd.
1788 2558 1935 2607 Rom.
2001 2558 2131 2606 Mox
2161 2555 2476 2604 commilitone
2509 2555 2662 2606 Hnla.

468 2621 602 2667 -lo
632 2619 845 2668 Omittit
866 2625 913 2670 et
932 2623 1109 2672 Burin.
1127 2635 1243 2670 cnm
1267 2623 1411 2672 Cort.
1430 2622 1494 2672 ad
1520 2622 1654 2673 Plin.
1678 2623 1714 2672 1.
1739 2636 1802 2672 n.
1828 2622 1927 2684 Ep.
1954 2625 2034 2671 1⁷.
2075 2620 2222 2671 Infra
2245 2620 2430 2669 desunt
2450 2619 2504 2668 in
2522 2620 2661 2683 prael.

470 2682 635 2735 Rbed.
656 2688 799 2735 2.—1
822 2685 1022 2737 Suadet
1046 2687 1198 2739 Miill.
1220 2688 1275 2738 in
1296 2688 1501 2739 schedia
1523 2688 1628 2739 suis
1647 2704 1697 2753 q.
1732 2702 1813 2737 eoo
1841 2689 1970 2738 adeo.
2038 2687 2173 2738 Tum
2206 2686 2364 2736 Fouc.
2403 2685 2669 2735 miniano·

1464 2884 1680 2937 NOTAE

470 3008 580 3058 vult
613 3008 774 3070 Deus,
806 3016 860 3059 et
896 3012 1165 3062 maximam
1190 3013 1389 3063 turbam
1410 3014 1527 3066 Cle-

470 3085 714 3145 ricorum,
746 3086 966 3137 navibus
997 3087 1180 3138 fractis
1215 3089 1526 3154 impositum,

469 3160 635 3210 nudos
660 3169 817 3226 atque
839 3165 1155 3228 exspoliatos
1178 3166 1370 3229 expelli
1393 3181 1525 3230 prae·

470 3235 649 3300 cepit.’
727 3239 885 3302 Cujus
924 3242 1128 3304 generis
1167 3243 1316 3307 plura
1350 3244 1526 3308 legere

469 3321 552 3362 est
575 3313 625 3362 in
652 3315 1044 3380 Martyrologio.

530 3397 560 3423 ⁰
590 3390 757 3454 Neque
782 3405 869 3454 pro
901 3393 1058 3458 modo]
1103 3395 1292 3446 Modus
1325 3397 1406 3447 hic
1429 3397 1526 3447 Ca·

470 3466 697 3515 saubono
718 3474 800 3516 est
824 3468 913 3530 jus
936 3478 1254 3534 consuetum,
1286 3480 1342 3522 et
1375 3473 1529 3523 disci·

468 3544 625 3607 plinae
662 3544 898 3595 militaris
938 3545 1262 3598 institutum:
1298 3557 1358 3599 nt
1390 3550 1406 3579 ‘
1429 3554 1527 3614 pro

466 3621 619 3671 modo
636 3620 652 3643 ’
673 3629 730 3671 et
746 3623 763 3651 ‘
779 3635 872 3685 pro
891 3623 1056 3673 more'
1079 3623 1213 3673 idem
1230 3626 1333 3673 sint
1352 3642 1367 3686 3
1385 3626 1528 3690 quod

467 3699 627 3747 etiam
641 3699 927 3763 legendum
954 3699 1162 3750 volebat
1183 3700 1400 3751 Gabriel
1434 3702 1531 3750 Fa·

467 3773 620 3824 iii-nus
664 3776 800 3840 apud
844 3777 1197 3833 Torrentium.
1253 3780 1270 3806 ⁸
1295 3777 1535 3842 Exequi’

471 3863 593 3898 vero
630 3850 765 3899 idem
804 3865 864 3900 ac
900 3853 1102 3914 punire,
1134 3867 1224 3901 seu
1260 3854 1430 3916 potius
1462 3851 1531 3902 ad

469 3926 681 3975 strictos
698 3927 829 3989 juris
854 3929 1028 3990 apices
1053 3929 1366 3993 expendere.
1427 3930 1525 3979 'l'a-

470 4001 563 4052 cit.
586 4001 639 4050 in
663 3999 924 4063 Agricolae
944 4005 1101 4063 Vita:
1127 4007 1143 4034 ‘
1164 4006 1353 4056 Omnia
1370 4007 1531 4068 scire,³

470 4093 573 4127 non
619 4079 790 4127 omnia
827 4081 1049 4144 exequi!
1133 4083 1309 4133 Caesar
1347 4085 1524 4149 igitur,

472 4154 825 4205 desertoribus
847 4162 904 4203 et
923 4157 1179 4207 seditiosis
1196 4161 1452 4224 exceptis,
1471 4161 1539 4228 iu¹

470 4230 697 4294 reliquos
720 4230 1081 4293 delinquentes
1103 4235 1268 4284 lenior
1288 4243 1419 4286 erat.

535 4312 562 4347 Ρ
583 4306 913 4370 Desertorum]
937 4308 1267 4373 Desertor-es,
1283 4320 1337 4362 et
1355 4326 1529 4362 eman-

1608 3029 1767 3079 sores,
1798 3014 2130 3080 fugitivorum
2169 3013 2386 3064 rnilitum
2425 3012 2667 3062 nominat

1606 3093 1659 3142 hi
1682 3094 1768 3159 qui
1790 3095 1880 3143 din
1904 3094 2074 3156 vagati
2099 3091 2163 3141 ad
2198 3098 2369 3140 castra
2391 3097 2671 3138 revertun-

1608 3175 1727 3230 tnr3
1763 3169 1836 3218 illi
1858 3169 1943 3233 qui
1975 3168 2176 3218 nonnisi
2200 3182 2293 3232 per
2316 3167 2417 3215 vim
2439 3164 2670 3227 reducti,

1607 3245 1744 3294 unde
1779 3247 1934 3296 etiam
1968 3246 2192 3309 gravius,
2226 3243 2402 3307 capite
2438 3242 2673 3304 scilicet,
2702 3264 2709 3271 ·

1607 3323 1769 3387 plecti
1794 3322 1951 3372 soliti.
2420 3382 2423 3383 γ

1670 3406 1695 3441 ‘¹
1722 3396 2094 3460 Commilitones]
2116 3394 2268 3459 Apud
2294 3397 2559 3444 Lucanum
2577 3394 2672 3445 lib.

1608 3489 1649 3525 1.
1688 3474 1879 3524 milites
1917 3474 2246 3522 hortaturus:
2289 3474 2306 3502 ‘
2331 3468 2595 3520 Bellorum
2635 3487 2669 3520 o

1607 3541 1754 3612 socii,
1787 3550 1877 3614 qni
1910 3550 2049 3599 mille
2085 3549 2319 3612 pericula
2338 3548 2528 3597 Martis
2553 3549 2673 3599 Me-v

1608 3641 1745 3689 cum,
1767 3626 1862 3687 ait,
1883 3625 2125 3688 experti!
2175 3625 2279 3676 Qui
2300 3639 2409 3673 mos
2430 3623 2667 3686 Augusto

1610 3708 1728 3766 post
1768 3701 1904 3751 bella
1939 3701 2111 3751 civilia
2148 3700 2483 3765 improbatus,
2516 3710 2575 3752 ut
2612 3703 2673 3750 in*

1609 3778 1725 3841 ejus
1749 3777 1856 3826 vita
1877 3791 1993 3840 cap.
2018 3781 2099 3826 25.

1674 3859 1694 3886 ¹'
1726 3854 1940 3914 Argeato
1973 3858 2022 3903 et
2053 3854 2196 3917 earo]
2226 3853 2383 3902 Arma
2415 3855 2553 3916 pelle
2583 3857 2669 3905 vel

1606 3929 1748 3980 corio
1772 3936 1916 3979 tecta
1948 3929 2160 3985 habere,
2193 3928 2349 3978 moris
2385 3926 2489 3979 fnit
2522 3930 2671 3993 apud·

1607 4006 1884 4064 Romanos,
1930 4019 2044 4067 quae
2096 4004 2283 4068 praelii,
2324 4004 2667 4070 lustrationis,

1605 4090 1696 4133 aut
1727 4082 1993 4147 cujusdam
2017 4096 2217 4146 pompm
2242 4090 2479 4145 tempore
2503 4083 2664 4133 nuda-

1608 4161 1768 4211 bant:
1805 4159 1942 4224 quod
1983 4165 2040 4210 et
2070 4159 2136 4208 (le
2158 4159 2259 4208 Titi
2284 4162 2522 4209 exercitu
2548 4176 2664 4210 nar-

1608 4238 1744 4287 ravit
1763 4236 2041 4300 Josephus,
2061 4235 2154 4286 lib.
2187 4234 2253 4285 de
2284 4235 2434 4286 Bello
2455 4236 2666 4288 Judaic.

1608 4328 1662 4366 v.
1685 4328 1803 4378 cap.
1827 4317 1908 4363 25.
