3019 4922
1228 412 1616 465 OCTAVIUS.

2385 410 2518 479 229

315 570 499 617 mora
526 553 1008 628 manumissos,
1036 556 1161 622 sub
1191 559 1411 641 priore
1433 569 1531 599 ¹⁰*
1560 563 1811 629 vexillo
1841 564 2114 646 habuit,
2138 589 2359 656 neque
2392 584 2515 642 aut

317 657 724 721 commixtos
754 676 906 722 cum
934 659 1264 743 ingenuis,
1298 671 1412 730 aut
1442 664 1675 730 eodem
1705 669 1903 734 modo
1923 670 2241 739 armatos.
2288 676 2514 745 Dona¹

314 755 700 839 militaria,w
729 761 1075 846 aliquanto
1102 763 1369 830 facilius
1398 766 1707 852 phaleras
1725 780 1753 807 ¹
1796 777 1864 836 et
1895 780 2192 859 torqueS,
2231 784 2301 845 et
2329 782 2518 865 quic-

318 861 473 945 quid
503 881 668 929 auro
697 872 1103 951 argentoque
1134 875 1492 951 constaret,
1537 893 1736 957 quam
1774 875 2065 946 vallares
2090 888 2118 925 y
2162 900 2244 947 ac
2296 903 2517 952 mura-

1231 1068 1348 1089 ONO
1351 1068 1591 1092 MNO&

313 1196 579 1256 receptam
605 1207 722 1244 cnm
743 1196 896 1248 codd.
923 1197 990 1248 Ο.
1015 1205 1069 1249 et
1094 1200 1226 1251 Edd.
1252 1209 1467 1266 pr.-lo
1500 1203 1733 1257 Malebat
1752 1207 1901 1260 Torr.
1923 1209 2008 1260 sub
2028 1213 2235 1276 proprio,
2260 1213 2516 1278 probante

313 1257 436 1306 Era.
492 1258 645 1321 Conj.
664 1260 882 1313 Casaub.
903 1266 987 1313 suh
1015 1266 1238 1332 primore,
1264 1267 1418 1320 Grut.
1441 1271 1494 1319 in
1523 1273 1749 1335 priviore,
1771 1275 1949 1324 Burm.
1970 1278 2056 1326 sub
2074 1279 2229 1341 privo.
2254 1281 2514 1333 Bernecc.

309 1322 442 1383 prius
461 1325 710 1389 vexillum,
735 1329 825 1377 sed
861 1329 1048 1380 deinde
1087 1331 1199 1395 ipse
1233 1333 1296 1382 ad
1331 1335 1478 1384 Torr.
1512 1338 1926 1390 emendationem
1953 1342 2187 1394 inclinat.
2256 1345 2515 1398 Defendit

307 1388 467 1447 priore
488 1390 631 1439 Oud-
670 1399 727 1441 et
757 1393 1011 1445 Obrecht.
1035 1396 1171 1446 Diss.
1204 1396 1271 1446 de
1303 1399 1495 1451 Vexill.
1531 1403 1665 1466 Imp.
1689 1418 1741 1467 p.
1764 1408 1847 1455 6⁷.
1911 1407 2126 1458 Retinet
2158 1409 2313 1460 etiam
2349 1411 2514 1462 Gron-

309 1450 398 1500 sed
420 1453 563 1515 prius
585 1455 713 1519 legit
728 1472 812 1506 nec
824 1459 928 1508 sine
950 1476 1103 1511 mora.
1133 1463 1262 1511 Tum
1285 1464 1503 1516 habuerit
1528 1468 1701 1517 Periz.
1723 1469 1953 1521 Harlem.
1973 1472 2071 1522 Ed.
2086 1474 2219 1524 Ven.
2240 1480 2383 1525 1.—-1
2398 1477 2515 1526 ‘Do-

312 1517 449 1566 πυτία
474 1518 710 1573 Han-lem.
732 1522 868 1572 Edd.
886 1524 1020 1575 Ven.
1044 1533 1108 1574 tr.
1130 1527 1275 1577 Med.
1301 1529 1449 1580 Cald.
1516 1532 1645 1582 Tum
1668 1538 1716 1582 et
1736 1541 1858 1599 torq.
1879 1542 1928 1586 et
1948 1552 1997 1600 q.
2023 1540 2189 1590 voluit
2213 1539 2433 1590 Casaub.
2458 1548 2515 1595 et

312 1580 477 1632 edidit
500 1585 682 1636 Burm.
718 1587 918 1638 Delcnt
938 1595 986 1639 et
1008 1591 1172 1653 primo
1191 1593 1304 1641 loco
1323 1594 1464 1645 Oud.
1487 1601 1543 1644 et
1559 1596 1720 1647 Wolf.
1742 1614 1856 1650 cum
1880 1601 2039 1652 vind.
2061 1608 2112 1654 1.
2135 1606 2279 1655 Cort.
2300 1612 2356 1656 et
2376 1605 2511 1658 Edd.

312 1644 459 1699 Rom.
526 1649 593 1701 In
626 1652 800 1704 multis
835 1654 971 1706 Edd.
1008 1660 1058 1706 et
1077 1661 1199 1721 torq.
1219 1660 1372 1724 quicq.
1437 1661 1595 1713 Malit
1615 1664 1757 1715 Torr.
1782 1681 2043 1732 quanquam
2061 1685 2196 1725 auro.
2259 1671 2396 1722 Dein
2429 1679 2517 1723 aut

1293 1825 1515 1877 NOTAE

308 1922 411 1975 Alii
427 1927 841 1991 periculosioribus
860 1932 1157 2001 ediderunt,
1179 1939 1265 1989 alii
1287 1955 1370 2004 pe-

306 2003 628 2056 uanioribus
648 2010 932 2075 malebant,
954 2015 1096 2066 nullo
1120 2024 1266 2067 certe
1280 2027 1371 2069 aut

309 2094 486 2143 parum
505 2086 781 2137 commodo
798 2102 968 2139 sensu.
999 2093 1230 2144 Velleius
1248 2111 1367 2146 auc-

306 2161 386 2206 tor
407 2165 505 2217 est,
529 2160 668 2212 viros
691 2160 1031 2230 foeminasque
1065 2176 1270 2221 coactos
1300 2186 1367 2222 ex

304 2247 462 2285 conen
499 2237 628 2288 dare
672 2239 910 2306 militem,
951 2251 1005 2294 et
1051 2248 1105 2296 in
1149 2248 1367 2299 eandem

303 2313 617 2364 sententiam
658 2315 797 2368 idem
831 2317 996 2371 refert
1032 2324 1131 2372 Dio
1167 2324 1257 2375 lib.
1283 2340 1369 2376 nv·

299 2387 373 2437 Et
394 2403 504 2439 mos
527 2390 615 2440 ille
640 2392 756 2456 jam
791 2394 913 2446 inde
938 2414 969 2447 a
995 2399 1175 2463 primis
1211 2403 1364 2468 Reip.

299 2467 625 2531 temporibus
653 2471 850 2537 viguit:
888 2477 1054 2526 voluit
1087 2479 1223 2529 enim
1246 2480 1364 2531 Ser·

299 2542 430 2608 vius,
468 2552 529 2597 ut
566 2562 730 2603 onera
766 2551 1021 2616 ejusmodi
1059 2555 1113 2605 in
1149 2556 1363 2609 ditiores

297 2620 674 2678 incumberent.

363 2690 518 2752 '‘Sub
549 2705 736 2771 priore]
773 2706 978 2762 Mavult
1008 2713 1251 2764 Torrent.
1282 2715 1366 2764 sub

290 2779 490 2840 proprio
505 2795 528 2838 ‚·
563 2781 702 2846 quod
724 2785 942 2836 multum
981 2788 1192 2853 arridet,
1214 2789 1255 2838 si
1277 2805 1364 2839 co·

294 2850 467 2904 dicum
505 2857 724 2909 accedat
760 2863 1062 2924 auctoritas,
1087 2871 1144 2915 ut
1172 2872 1228 2915 et
1260 2867 1364 2930 pri-

293 2943 422 2978 more
451 2929 612 2994 juxta
650 2934 1031 3000 casaubonum,
1055 2946 1113 2990 nt
1145 2941 1215 2992 sit
1247 2957 1364 2992 sen·

210 3080 213 3081 γ
294 3021 383 3056 sus
406 3021 498 3058 eos
520 3009 573 3059 in
599 3011 710 3061 acie
739 3014 905 3077 prima
939 3017 1240 3070 collocatos.
1292 3021 1365 3070 Et

293 3097 419 3133 sane
455 3085 508 3135 id
533 3087 621 3135 vix
655 3087 891 3140 effecerit
921 3106 1018 3141 vox
1052 3095 1226 3160 priore,
1263 3112 1366 3160 qua

291 3161 519 3211 maxime
544 3163 748 3213 videtur
767 3166 935 3230 innui,
950 3169 1044 3219 snb
1065 3171 1236 3236 aliquo
1253 3174 1364 3237 jam

291 3244 416 3287 ante
446 3239 642 3289 vexillo
675 3239 834 3293 fnisse
870 3245 1088 3298 habitos.
1158 3250 1363 3301 Macro-

290 3311 407 3363 bins
433 3314 526 3364 lib.
551 3328 592 3364 ι.
617 3329 732 3382 cap.
757 3323 838 3370 11.
861 3321 951 3370 has
977 3322 1139 3389 ipsas,
1162 3325 1228 3375 de
1253 3329 1364 3392 qui·

290 3387 386 3440 bus
412 3389 498 3440 hic
522 3406 690 3444 sermo
712 3401 813 3461 est,
837 3396 1085 3462 Augusti
1098 3403 1358 3466 cohortes,

287 3467 304 3496 ‘
329 3469 686 3521 voluntarias'
723 3473 787 3523 ab
825 3491 887 3525 eo
927 3478 1217 3542 appellatas
1263 3483 1356 3544 ait,

287 3544 354 3595 ad
377 3549 695 3613 exemplum,
716 3558 776 3600 ut
799 3553 1025 3618 videtur,
1048 3567 1227 3605 eorum
1251 3571 1357 3606 ser-

287 3636 493 3687 vornm,
517 3625 605 3688 qni
623 3626 640 3655 ‘
660 3627 797 3677 bello
830 3630 1034 3680 Punico
1069 3645 1184 3681 cnm
1207 3632 1356 3682 dees-

285 3707 426 3756 sent,
466 3700 557 3767 qui
604 3703 971 3769 scriberentur,
1004 3722 1100 3771 pro
1141 3708 1360 3759 dominis

285 3783 611 3839 pugnaturos
644 3793 701 3828 se
737 3780 975 3845 polliciti,
1005 3783 1054 3831 in
1093 3783 1359 3834 civitatem

283 3854 498 3917 recepti
543 3862 680 3913 sunt,
721 3864 778 3906 et
811 3859 1042 3909 volones
1079 3860 1225 3927 (qnia
1261 3863 1359 3914 hoc

284 3936 481 3992 sponte
535 3933 838 4000 voluerunt)
894 3938 1182 4000 appellati!
1249 3940 1360 3990 Ho-

283 4017 402 4055 rum
423 4021 655 4073 quoque,
673 4019 891 4075 accepta
915 4013 1062 4062 clade
1086 4015 1363 4080 Cannensi,

283 4090 411 4135 octo
455 4085 620 4137 millia
661 4091 961 4154 conscripta
999 4102 1175 4143 narrat
1220 4095 1357 4145 idem

283 4165 474 4210 auctor
506 4161 636 4214 ibid.
669 4172 724 4214 et
757 4166 936 4217 Livius
973 4168 1061 4220 lib.
1085 4183 1148 4221 11.
1175 4170 1363 4221 decad.

283 4247 377 4285 ιιι.
400 4236 495 4286 sed
517 4236 602 4288 bic
623 4237 715 4288 lib.
737 4252 823 4293 111.
847 4245 1355 4308 exercitatos,etlib.

282 4323 365 4363 xv.
388 4314 598 4365 nonnisi
637 4324 760 4380 post
798 4331 987 4370 annum
1026 4326 1083 4372 et
1120 4323 1358 4388 amplius,

1450 1950 1794 2011 navatamque
1837 1945 2118 2011 egregiam,
2157 1944 2273 1998 fuso
2310 1948 2514 2001 scilicet

1449 2019 1515 2068 ad
1560 2020 1917 2086 Beneventum
1962 2018 2239 2086 Hannone,
2277 2038 2514 2090 operam,

1448 2096 1785 2146 manumissos
1829 2096 1987 2147 dicit:
2036 2100 2172 2162 quod
2217 2103 2511 2167 exemplum

1448 2178 1658 2221 secutus
1683 2173 1804 2236 *dici
1865 2175 2099 2239 potnerit
2140 2175 2421 2240 Angustus,
2468 2179 2511 2228 si

1446 2247 1567 2298 hnic
1592 2249 1722 2307 loco,
1742 2250 1824 2299 cni
1849 2251 2089 2301 mendum
2114 2253 2326 2305 subesse
2348 2257 2514 2321 suspi-

1447 2332 1634 2376 cantur
1658 2327 1755 2376 viri
1776 2327 2127 2383 eruditissimi,
2145 2330 2369 2396 addatur
2391 2346 2512 2396 par·

1447 2403 1608 2452 ticula
1644 2418 1757 2468 non,
1790 2418 1980 2469 nempe
2013 2420 2069 2454 ac
2108 2420 2201 2454 non
2238 2406 2340 2457 sine
2376 2420 2513 2457 mora

1444 2479 1769 2545 manumissos,
1814 2479 1914 2531 boc
1948 2490 2049 2538 est,
2087 2480 2353 2546 Augustus
2387 2499 2512 2535 con·

1446 2555 1670 2619 scriptos
1700 2557 1753 2605 in
1788 2556 2028 2607 cohortes
2062 2571 2238 2608 servos
2273 2573 2375 2608 non
2400 2575 2509 2610 ma-

1446 2632 1662 2682 numisit
1705 2633 1915 2698 quidem
1959 2633 2119 2695 illico,
2164 2642 2219 2683 et
2253 2636 2365 2684 sine
2406 2636 2512 2687 ulla

1444 2707 1716 2771 dilatione,
1757 2708 1848 2759 sed
1904 2710 2237 2760 manumissos
2281 2711 2511 2776 demum,

1443 2784 1625 2834 habuit
1645 2785 1739 2836 sub
1773 2785 1949 2850 priore
1983 2785 2091 2848 illo,
2115 2786 2296 2836 eodem
2319 2801 2511 2853 nempe

1446 2861 1655 2925 vexillo,
1677 2861 1773 2911 sub
1798 2877 1902 2927 quo
1935 2873 2210 2928 antequam
2233 2867 2509 2915 manumit-

1445 2944 1601 3001 teret,
1626 2939 1882 3004 probandi
1912 2937 2050 2991 forte
2084 2954 2256 3000 causa,
2280 2940 2397 2992 illos
2420 2943 2510 2992 ba-

1445 3014 1649 3066 buerat.

1509 3101 1543 3126 w
1578 3093 1721 3143 Dona
1734 3093 1991 3158 militaria]
2019 3095 2072 3145 1)
2080 3096 2263 3160 uplicis
2281 3111 2342 3147 ea
2360 3094 2510 3149 fuere

1444 3168 1688 3232 generis:
1728 3170 1831 3220 alia
1870 3185 1985 3235 quae
2021 3172 2223 3241 nonnisi
2261 3174 2510 3227 honorem

1446 3244 1716 3310 afferrent,
1761 3247 1862 3296 alia
1903 3247 2090 3312 quibus
2148 3256 2351 3300 tanturn
2403 3265 2509 3301 non

1416 3322 1638 3373 ‚inesset
1675 3324 1902 3389 honoris,
1940 3324 2035 3374 sed
2072 3326 2185 3390 plus
2224 3328 2509 3379 utilitatist

1439 3402 1771 3466 priora·sunt
1793 3417 1845 3453 v.
1868 3419 1917 3467 g.
1952 3405 2141 3467 palma,
2173 3407 2320 3457 hasta
2354 3416 2508 3470 pura,

1438 3479 1563 3543 (hoc
1595 3486 1675 3529 est
1711 3479 1824 3528 sine
1858 3477 2048 3544 ferro,)
2077 3496 2281 3532 coronae
2317 3484 2509 3548 grami-

1436 3571 1572 3620 neae,
1616 3558 1700 3606 vel
1742 3571 1979 3621 quernae,
2027 3561 2127 3609 διο.
2180 3561 2369 3611 nullius
2414 3568 2534 3611 aut.

1438 3641 1584 3683 certe
1615 3629 1812 3682 minimi
1853 3646 1949 3696 per
1974 3649 2029 3682 se
2063 3635 2239 3699 pretii,
2260 3636 2351 3685 sed
2386 3636 2506 3686 ideo

1437 3725 1627 3774 magno
1650 3710 1702 3758 in
1738 3709 1931 3777 pretio,
1948 3710 2084 3773 quod
2120 3724 2319 3774 magnae
2343 3712 2506 3762 virtu·
2561 3741 2565 3747 -

1437 3788 1504 3837 tis
1530 3787 1753 3838 indicia:
1788 3787 2081 3851 posteriora
2118 3794 2243 3837 sunt
2272 3795 2507 3855 torques,

1435 3862 1607 3925 fraeni,
1627 3864 1894 3929 ephippia,
1914 3864 2159 3927 phalerae,
2179 3867 2277 3915 &c-

1501 3949 1528 3974 Χ
1563 3940 1821 4004 Phalera-³]
1873 3940 2033 3999 Hinc,
2070 3949 2131 3991 ut
2172 3950 2227 3992 et
2265 3957 2332 3992 ex
2371 3943 2510 3994 Livii

1436 4017 1532 4068 lib.
1557 4032 1659 4069 vu.
1694 4018 1895 4082 colligit
1929 4019 2237 4078 Beroaldus,
2260 4035 2363 4071 non
2398 4028 2507 4071 tam

1438 4108 1706 4158 equorum,
1742 4109 1893 4160 qnam
1932 4096 2163 4160 equitum
2202 4104 2507 4148 ornamenta

1437 4168 1617 4222 fuisse.

1501 4255 1525 4291 ἵ
1568 4248 1805 4313 Vallares]
1842 4249 2044 4298 Corona
2070 4247 2294 4300 Vallaris
2330 4248 2504 4300 Gellio

1438 4325 1527 4376 lib.
1552 4341 1602 4376 v.
1647 4341 1763 4392 cap.
1797 4331 1848 4376 6.
1885 4323 2076 4376 dicitur
2111 4339 2319 4390 quoque
2374 4325 2501 4374 Cas-
