3019 4922
504 429 632 493 220
1358 440 1420 486 c.
1466 436 1820 486 sus‘romi

506 596 727 653 tamen
756 590 1152 670 potestatem
1200 602 1463 667 semper
1509 585 1820 647 omnibus
1864 582 2049 659 fecit,
2101 580 2366 664 quoties
2412 578 2688 657 vellent,

510 688 786 754 obsides
808 695 833 723 ²
865 686 1253 771 recipiendi.
1344 685 1583 769 Neque
1614 693 1733 749 aut
1763 686 2076 761 crebriuS,
2127 689 2240 747 aut
2266 680 2690 765 perfidiosius

506 791 906 855 rebellantes
959 789 1255 871 graviore
1306 806 1597 871 unquam
1654 787 1869 851 ultus³
1918 792 2021 850 est
2071 804 2301 870 poena,
2357 803 2557 867 quam
2610 789 2691 846 ut

508 894 819 976 captivos
847 893 972 956 sub
999 890 1146 975 lege
1175 890 1635 968 venundaret,4
1672 908 1752 953 ne
1800 891 1869 954 in
1917 890 2143 955 vicina
2191 888 2454 970 regione
2485 885 2691 950 servi-

507 1001 676 1073 rent,
727 1014 899 1058 neve
929 996 1103 1059 intra
1132 994 1537 1059 tricesimum
1565 1012 1803 1058 annum
1846 993 2287 1057 liberarentur.
2379 987 2537 1067 Qua
2563 990 2693 1053 vir*

508 1098 669 1161 tutis
693 1095 1301 1180 moderationisque
1334 1096 1515 1160 fama
1544 1095 1759 1160 Indos
1790 1095 1991 1159 etiam
2042 1113 2123 1158 ac
2169 1092 2525 1176 Scythas?
2575 1109 2696 1154 au·-

509 1198 655 1262 ditu
685 1198 887 1263 modo
916 1198 1232 1280 cognitoS,
1263 1199 1544 1281 pellexit
1573 1198 1660 1262 ad
1692 1198 2054 1263 amicitiam
2083 1216 2273 1260 suam
2318 1189 2694 1281 populique

508 1300 804 1365 Romani
832 1301 1008 1364 ultro
1056 1321 1174 1385 per
1202 1302 1453 1384 legatos
1483 1301 1865 1385 petendam.
1951 1300 2179 1364 Parthi
2212 1318 2480 1384 quoque
2502 1305 2526 1344 ⁵
2552 1305 2577 1332 ¹
2622 1303 2693 1359 et

507 1401 896 1467 Armeniam
929 1402 1290 1468 vindicanti
1313 1411 1341 1448 Υ
1385 1402 1590 1468 facile
1621 1407 1982 1479 cesserunt,
2015 1409 2082 1467 et
2110 1401 2694 1485 signa'militaria,⁸

510 1500 659 1587 quae
695 1505 792 1568 M.
824 1503 1072 1568 Crasso
1100 1514 1168 1569 et
1194 1505 1289 1570 M.
1318 1503 1611 1569 Antonio
1645 1504 2041 1583 ademerant,
2074 1503 2453 1586 reposcenti
2473 1501 2501 1541 ⁶
2544 1502 2695 1566 red-

511 1607 841 1684 diderunt,
890 1607 1298 1690 obsidesque
1347 1607 1616 1691 insuper
1671 1608 2090 1688 obtulerunt3
2139 1606 2443 1691 denique,
2495 1606 2695 1689 pluri-

511 1709 639 1773 bus
698 1709 1040 1793 quondam
1087 1709 1171 1774 de
1218 1728 1422 1792 regno
1475 1710 2053 1783 concertantibuS‚⁷
2103 1708 2366 1773 nonnisi
2409 1709 2495 1774 ab
2542 1709 2695 1794 ipso

1422 1890 1572 1910 ‘m‘
1576 1890 1783 1910 m‘NO

511 2010 611 2055 -2
632 2007 748 2055 Obs.
760 2008 863 2056 vell.
878 2007 1047 2057 Pei-iz.
1063 2007 1194 2059 Edd.
1207 2008 1498 2060 Rom.Ven.
1516 2017 1584 2060 tr.
1601 2009 1746 2060 Med.
1760 2008 1905 2059 Cald.
1923 2009 2052 2058 Bon.
2086 2006 2314 2057 Mutavit
2332 2006 2561 2058 ordinem
2579 2007 2701 2056 Bas.

514 2077 570 2119 et
583 2070 755 2120 Plant.
775 2072 921 2135 Conj.
936 2072 1074 2122 Oud.
1089 2073 1149 2122 τὸ
1159 2075 1338 2124 obsides
1354 2076 1604 2138 glossema
1617 2079 1845 2126 essm—8
1864 2074 1968 2131 Ita,
1981 2079 2117 2123 teste
2133 2072 2350 2122 Casaub.
2364 2073 2546 2134 optimi
2561 2072 2703 2134 libri,

515 2141 571 2183 et
585 2135 686 2211 hoe
710 2138 1052 2198 praetulerunt
1074 2138 1249 2188 Graev.
1273 2140 1436 2190 Gron.
1455 2139 1593 2191 Oud.
1615 2138 1770 2190 Wolf.
1796 2140 1962 2189 Reitz.
1981 2140 2198 2201 Baumg.
2241 2138 2320 2187 Ex
2344 2131 2555 2187 Merum.
2576 2146 2700 2186 ante

515 2199 711 2248 editum
734 2204 959 2251 multatus
977 2207 1067 2265 est,
1083 2212 1137 2252 et
1157 2203 1447 2255 defendunt
1476 2206 1729 2255 Bernecc.
1751 2204 2036 2268 Sclmlting.
2073 2203 2136 2252 ad
2170 2201 2415 2266 Calpurn.
2452 2202 2586 2252 Dec.
2620 2205 2702 2250 17.

516 2264 693 2313 Burm.
716 2273 770 2313 et
796 2267 920 2343 ξω.
987 2267 1074 2316 Ita
1097 2269 1253 2319 Fouc.
1319 2270 1381 2320 In
1405 2270 1562 2320 Viud.
1585 2274 1633 2320 2.
1658 2271 1859 2318 inverso
1881 2269 2061 2319 ordine
2094 2274 2165 2317 est
2192 2283 2243 2331 p.
2275 2268 2411 2316 mult.
2444 2276 2497 2316 et
2531 2266 2702 2316 Periz.

509 2344 648 2392 poena
667 2333 882 2394 margini
909 2339 1104 2382 tantum
1131 2341 1211 2383 est
1232 2337 1492 2399 ascripta:
1531 2336 1651 2384 hinc
1674 2335 1944 2399 cogitabat
1967 2333 2104 2384 Oud.
2128 2347 2306 2383 vocem
2322 2347 2461 2397 poena
2483 2346 2581 2381 non
2606 2333 2702 2381 mi-

513 2408 608 2444 nus
633 2410 784 2458 quam
807 2398 941 2446 mult.
964 2398 1185 2461 spuriam
1210 2414 1344 2463 esse,
1367 2416 1426 2449 ae
1461 2401 1728 2466 scripsisse
1763 2408 2028 2450 auctorem
2062 2414 2172 2464 unq.
2205 2399 2294 2448 ult.
2325 2403 2415 2460 est,
2448 2401 2701 2461 quarm—4

523 2459 855 2538 Venundqrent
888 2463 1042 2539 Vind.
1067 2469 1112 2514 l.
1146 2464 1320 2516 vicinia
1344 2467 1575 2517 Harlem.
1600 2476 1652 2515 et
1675 2469 1805 2516 ultra
1828 2467 1948 2529 τῆς.
1973 2466 2105 2528 Cop.
2137 2466 2269 2514 intro
2289 2465 2409 2526 erig.
2429 2478 2597 2526 aanor,
2618 2464 2703 2512 vel

513 2540 661 2575 anuos
679 2531 801 2603 trag.
824 2527 997 2578 Periz.
1022 2529 1253 2581 Harlem.
1276 2533 1409 2583 Edd.
1445 2533 1590 2582 Rom.
1610 2532 1748 2583 Veu.
1784 2542 1850 2583 tr.
1885 2533 2018 2582 Bou.
2050 2530 2197 2580 Med.
2234 2529 2399 2593 Lugd.
2463 2528 2598 2578 Item
2617 2528 2701 2577 In-

515 2592 598 2637 dos
617 2607 673 2640 ac
693 2598 838 2641 ettam
856 2593 1010 2642 vind.
1035 2598 1080 2645 l.
1112 2611 1168 2644 ac
1191 2596 1357 2660 Scyth.
1386 2597 1545 2646 Fouc.
1608 2598 1734 2648 Tum
1759 2599 2076 2646 tantummodo
2100 2594 2235 2645 idem
2259 2593 2416 2643 Vind.
2454 2599 2499 2643 1.
2534 2601 2589 2643 et
2622 2608 2699 2655 ρει

514 2657 705 2704 tendum
728 2658 922 2708 Medic.
944 2663 993 2710 2.
1022 2675 1052 2708 a
1070 2674 1135 2711 m.
1156 2669 1359 2711 sem—5
1385 2663 1551 2711 Boxh.
1574 2669 1751 2713 monet
1771 2664 1823 2712 in
1846 2662 1943 2712 Ed.
1964 2663 2239 2712 veterrima
2261 2670 2375 2708 esse
2398 2658 2480 2707 Sic
2502 2658 2703 2720 Parthi,

516 2729 573 2797 et
612 2722 816 2798 probat.
852 2725 1029 2774 Parthi
1058 2731 1106 2776 et
1139 2725 1359 2776 Armenii
1392 2727 1494 2777 duo
1527 2728 1673 2777 Torr.
1708 2743 1823 2779 eum
1849 2729 2011 2777 Fene.
2075 2726 2182 2775 Pro
2201 2726 2377 2774 vindic.
2402 2725 2535 2774 alter
2553 2724 2702 2772 Torr.

503 2799 588 2843 ,ιω
621 2788 811 2862 dicenti,
851 2789 988 2838 nullo
1012 2795 1281 2840 senem—6
1313 2794 1492 2843 Burm.
1524 2794 1662 2856 conj.
1693 2809 1777 2843 nee
1797 2792 2023 2856 poscenti.
2057 2791 2251 2841 Medic.
2287 2793 2333 2839 1.
2367 2789 2456 2838 dat
2489 2803 2568 2837 res
2595 2803 2704 2851 pos-

515 2856 657 2907 venit·
720 2854 851 2904 Mox
870 2856 1137 2906 ademeram
1153 2857 1352 2909 Medic.
1383 2857 1563 2908 duo-et
1583 2859 1712 2923 Cop.
1734 2866 1792 2909 et
1813 2857 1964 2908 deest
1994 2857 2208 2922 pluribus
2240 2856 2372 2904 Ven.
2408 2857 2549 2905 1.-7
2589 2855 2703 2903 Cer·

1499 3004 1717 3054 NOTIE

582 3100 614 3124 '¹
645 3094 792 3144 Indos
810 3096 954 3146 etiam
973 3113 1030 3147 uc
1045 3097 1270 3163 Scythas]
1304 3100 1443 3149 Hinc
1461 3101 1572 3151 Ho-
1651 3103 1751 3152 Illa
1780 3117 1903 3153 vero
1946 3102 2146 3153 nonnisi
2180 3115 2314 3150 auno
2349 3103 2465 3150 748.
2504 3112 2619 3148 cum
2641 3099 2703 3149 C·

520 3171 682 3220 ratius
720 3170 839 3222 Ode
870 3189 1026 3238 supra
1057 3175 1203 3226 dicta
1237 3180 1317 3228 14.
1368 3176 1459 3227 lib.
1494 3193 1571 3229 nv.

516 3247 843 3314 ‘Medusque
884 3260 940 3300 et
982 3252 1163 3317 Indus,
1216 3259 1274 3304 te
1319 3253 1573 3320 profugus

517 3324 735 3397 Scythes
753 3327 1013 3389 Miratur,'
1035 3332 1133 3379 &c-

583 3408 609 3434 Χ
642 3402 823 3452 Parthi
851 3406 1049 3470 quoque]
1087 3406 1286 3457 Horum
1322 3406 1465 3470 regio
1501 3422 1572 3456 ae-

521 3484 635 3528 tate
673 3488 852 3544 nostra
895 3483 1033 3531 varie
1070 3491 1419 3550 nuncupatur,
1453 3484 1570 3535 aliis

519 3557 698 3614 Arach,
733 3558 843 3607 aliis
869 3561 1190 3624 Gerasamm.
1260 3563 1429 3612 Docet
1449 3562 1572 3614 Jus-

518 3634 656 3683 tinus
679 3635 768 3685 lib.
791 3648 855 3703 ις.
891 3636 1128 3687 ‘Parthi’
1155 3639 1459 3688 vocabulum
1481 3652 1574 3686 ex·

521 3713 656 3761 ulem
679 3713 990 3776 significare,
1013 3720 1171 3780 atque
1203 3731 1234 3765 a
1262 3716 1574 3779 Scytharum

517 3789 758 3839 exulibus
780 3804 993 3854 regnum
1016 3791 1143 3841 illud
1161 3791 1442 3842 conditum.

583 3873 605 3907 5
639 3867 914 3916 Armeniam
930 3868 1216 3932 vindicanti]
1251 3869 1354 3917 Hic
1391 3868 1572 3918 eadem

521 3955 638 4005 quae
677 3956 834 4005 supra
875 3944 1238 4008 transpositio:
1276 3942 1576 3994 Armeniam

522 4017 714 4081 quippe
747 4033 849 4067 non
887 4021 1103 4082 recepit,
1136 4021 1235 4071 nisi
1269 4023 1422 4084 longo
1444 4030 1575 4072 tem-

521 4107 651 4156 pore
674 4141 683 4150 ,
708 4101 825 4157 post
878 4106 1091 4161 recepta
1142 4099 1286 4161 signa
1313 4099 1573 4149 militaria.

520 4168 653 4218 Haec
677 4169 948 4233 siqnidem,
969 4171 1209 4237 Augusto
1240 4174 1305 4224 ad
1336 4177 1575 4226 ordinan-

521 4246 641 4294 dum
687 4244 960 4295 Orientem
1006 4248 1243 4311 profecto
1283 4252 1335 4299 in
1379 4251 1575 4309 Asiam,

521 4320 764 4370 restituta
784 4327 903 4370 suut
925 4321 1066 4371 cirea
1083 4337 1270 4375 annum
1295 4326 1359 4376 U.
1376 4325 1434 4376 C.
1457 4330 1573 4375 734.

1652 3182 1828 3232 Caesar
1854 3179 1991 3230 filius
2014 3179 2287 3244 adoptivus
2310 3176 2373 3226 ad
2395 3176 2584 3226 bellum
2605 3175 2706 3225 Ar-

1650 3259 1937 3310 meniacum
1959 3258 2143 3308 missus
2168 3262 2266 3306 est.
2335 3253 2433 3302 Hic
2450 3258 2578 3301 nota
2595 3252 2706 3300 vin—

1650 3337 1859 3387 dicandi
1881 3336 2094 3387 verbum
2107 3335 2240 3399 juris
2263 3345 2390 3388 esse,
2407 3329 2545 3379 idem
2569 3330 2705 3379 enim

1651 3421 1732 3463 est
1754 3429 1814 3464 ae
1841 3428 1958 3463 -rem
1992 3413 2236 3477 aliquam,
2264 3416 2379 3474 quoe
2401 3414 2577 3456 nostra
2619 3406 2708 3465 sit,

1652 3491 1717 3540 ad
1741 3505 1796 3540 se
1817 3491 2017 3539 trahere
2035 3496 2091 3538 et
2113 3494 2372 3551 repetere,
2391 3484 2546 3533 etiam
2568 3482 2705 3546 apud

1651 3580 1743 3616 nos
1764 3567 1816 3615 in
1839 3564 1949 3616 foro
1971 3563 2299 3626 revendiquer.
2699 3578 2704 3587 ·

1715 3650 1737 3675 ²
1769 3643 1925 3704 Signa
1943 3640 2197 3703 militaria]
2221 3640 2237 3666 ‘
2258 3638 2387 3689 Quae
2412 3636 2599 3685 Crasso
2621 3649 2708 3699 op·

1654 3733 1850 3782 presso,
1875 3717 2103 3778 Orodes,
2137 3730 2253 3781 quae
2275 3704 2518 3764 'Antonio
2541 3713 2708 3776 pulso,
2737 3710 2744 3720 '

1577 3803 1587 3809 ’
1652 3794 1786 3843 filius
1831 3795 1941 3858 ejus
1994 3793 2248 3842 Phraates
2303 3789 2589 3855 ceperant,'
2634 3790 2706 3838 ait

1652 3871 1903 3920 Velleius.
1969 3870 2108 3920 Hinc
2131 3868 2380 3919 Horatius
2399 3867 2486 3918 lib.
2504 3881 2580 3918 w.
2602 3864 2707 3916 Od.

1655 3950 1864 3999 ultima:
1900 3956 1918 3980 ‘
1931 3949 2059 4004 Tua,
2081 3948 2273 4004 Caesar,
2296 3953 2423 3994 aetas
2442 3946 2638 4008 Fruges
2652 3949 2706 3992 et

1655 4025 1792 4089 agris
1815 4024 1997 4075 retulit
2036 4023 2239 4079 uberes,
2270 4023 2340 4073 Et
2369 4023 2513 4084 signa
2534 4026 2707 4069 nostro

1655 4100 1886 4149 restituit
1929 4099 2069 4158 sevi,
2128 4099 2352 4160 Direpta
2396 4095 2706 4146 Parthorum

1654 4176 1889 4239 superbis
1912 4173 2194 4239 Postibus,'
2222 4176 2320 4225 dre.
2388 4173 2461 4223 Et
2497 4170 2704 4222 infrain

1652 4253 1824 4303 Tiber.
1848 4267 1896 4303 e.
1920 4256 1970 4302 9.
