3019 4922
477 394 607 461 136

1338 408 1400 455 c.
1431 397 1805 457 -sun‘ronu

482 551 791 620 nuiorum
821 551 1095 618 tutelam
1117 558 1150 586 ”¹
1184 551 1677 646 locupletiores
1692 552 1767 616 in
1799 570 1874 617 se
1902 541 2356 620 contulissent.
2419 552 2664 638 Neque

487 658 561 722 in
599 662 734 720 tam
766 653 1090 718 diuturno
1110 654 1332 739 spatio
1366 654 1717 737 quisquam
1749 655 2059 720 omnino¹
2103 655 2424 721 descivit:
2469 656 2668 739 pleri-

487 777 615 842 que
644 756 832 840 capti
860 774 1250 824 concessam
1280 756 1412 821 sibi
1444 756 1572 819 sub
1590 755 1978 822 conditione
2006 749 2265 836 vitam,y
2294 758 2355 823 si
2376 758 2669 823 militare

486 855 808 924 adversus
837 876 986 922 eum
1017 856 1290 935 vellent,
1332 861 1762 921 recusarunt.⁵

1850 857 2118 923 Famem
2148 867 2221 922 et
2248 865 2510 923 ceteras
2553 878 2675 923 ne·

490 961 863 1039 cessitates,
886 979 1014 1025 non
1043 979 1194 1024 cum
1222 960 1687 1026 obsiderentur
1713 958 1935 1038 modo,
1956 960 2076 1024 sed
2103 967 2174 1024 et
2203 960 2262 1024 si
2287 960 2462 1025 alios
2488 961 2625 1043 ipsi
2644 960 2675 1002 ⁶

493 1062 892 1141 obsiderent,
921 1068 1103 1128 tanto
1132 1081 1329 1145 opere
1380 1062 1798 1140 tolerabant,⁷
1840 1068 1917 1128 ut
1958 1061 2422 1147 Dyrrhachina
2461 1062 2678 1127 muni-

492 1166 669 1231 tione
685 1174 709 1202 2
741 1163 1314 1250 Pompeiu8,‘viso
1344 1183 1579 1248 genere
1603 1165 1803 1247 panis
1833 1183 1923 1230 ex
1944 1165 2193 1244 herba,¹²
2219 1184 2352 1249 quo
2381 1166 2678 1231 sustine-

1403 1362 1767 1385 “OOOOW

496 1502 714 1547 ones—5
749 1497 905 1547 Huls.
940 1511 1170 1560 recusare,
1207 1496 1363 1547 Vind.
1400 1501 1446 1547 1.
1472 1498 1746 1561 sumensque
1784 1502 1849 1546 et.
1851 1500 1950 1546 —6
1983 1496 2085 1559 Ipsi
2113 1497 2230 1545 alios
2260 1496 2426 1548 Fouc.
2446 1493 2681 1547 Memm.

499 1564 679 1627 anac·
715 1564 859 1613 Cort.
925 1562 1031 1611 Pro
1066 1568 1114 1612 et
1150 1563 1395 1613 scribitur
1432 1564 1577 1612 etium
1610 1563 1661 1612 in
1695 1563 1866 1620 Periz.
1889 1512 2042 1611 Eddp
2049 1562 2195 1612 Rom.
2221 1562 2342 1612 Bas.
2363 1561 2513 1627 Gryp
2517 1562 2568 1610 b.
2589 1562 2680 1611 scd

500 1635 775 1691 utrumque
810 1626 1089 1677 omiserunt
1120 1628 1252 1676 Ven.
1287 1635 1354 1678 tr.
1389 1626 1605 1677 Mediol.
1639 1626 1786 1676 Cald.
1822 1628 1953 1675 Bon.
1989 1628 2100 1690 Lug
2103 1627 2153 1677 d.
2176 1626 2327 1678 Junt.
2351 1626 2471 1677 Ald.
2495 1627 2682 1690 Stepb.

501 1692 751 1755 probante
775 1685 933 1742 Burm
938 1696 1052 1744 .-7
1087 1692 1348 1757 Taatopere
1383 1692 1704 1758 perdurabant
1739 1691 1908 1742 Rhed.
1931 1695 1957 1740 1
1965 1641 2100 1742 ‚g-8
2111 1683 2510 1743 Sustentabantsr
2533 1691 2688 1743 Hnls.

1485 1870 1704 1922 NOTAE

515 2038 520 2044 .
569 2010 603 2035 '¹
638 2001 873 2065 Melam]
907 2001 1187 2066 Alimenta,
1208 2009 1265 2053 et
1284 2002 1559 2054 necessita·

506 2086 617 2132 tum
639 2079 864 2138 omnium
887 2078 1269 2141 exhibitionem,
1302 2079 1558 2129 Casaubo·

506 2170 603 2205 nus
619 2154 894 2219 intelligit:
921 2154 973 2204 id
991 2155 1126 2204 enim
1144 2155 1277 2205 tueri
1301 2156 1558 2205 interdum

427 2221 432 2226 ’
507 2228 781 2293 significat.
860 2230 1096 2281 Macrob.
1133 2232 1222 2282 lib.
1260 2246 1326 2283 11.
1362 2247 1479 2297 cap.
1508 2236 1561 2300 ²,-

508 2313 526 2335 ·
539 2306 910 2369 Interrogavit,
922 2307 1066 2372 (quia
1078 2322 1135 2358 su
1142 2315 1303 2360 torem
1319 2308 1562 2375 sciebat,)

509 2397 611 2449 quo
631 2381 855 2433 artificio
876 2398 931 2433 se
956 2384 1228 2450 tueretur,’
1249 2390 1348 2437 &c-

573 2466 601 2493 ⁸
634 2458 895 2523 Quisquam
933 2460 1143 2526 omnino]
1193 2464 1280 2513 De
1317 2461 1561 2514 militibus

510 2536 766 2587 duntaxat
805 2537 1233 2603 intelligendum;
1279 2540 1561 2591 Labienum

511 2616 651 2665 enim
672 2629 702 2664 a
723 2629 781 2664 se
802 2614 1072 2678 defecisse,
1103 2617 1214 2682 ipse
1242 2618 1371 2669 satia
1393 2619 1564 2670 innuit

512 2692 549 2741 l.
569 2702 659 2742 ιιι.
679 2691 746 2742 de
768 2692 916 2741 Bello
936 2693 1121 2744 Civili:
1157 2694 1175 2723 ‘
1195 2693 1267 2744 At
1290 2695 1566 2761 Labienus,

514 2783 631 2819 eum
655 2769 720 2820 ab
742 2784 805 2820 eo
826 2769 1100 2835 (Pompeio
1119 2771 1379 2837 intellige)
1403 2775 1566 2838 impe·

512 2851 723 2908 trasset,
744 2852 802 2896 ut
824 2846 920 2897 sibi
941 2846 1175 2910 captivos
1198 2848 1397 2898 transdi
1412 2849 1567 2913 jube·

513 2928 619 2984 ret,
643 2935 818 2972 omnes
853 2922 1151 2987 productos,
1182 2924 1568 2983 ostentationis,

514 3003 576 3046 ut
615 2996 903 3060 videbatur,
938 3012 1113 3055 causa,
1149 3013 1248 3065 quo
1268 3000 1433 3064 major
1454 3014 1569 3064 per·

513 3070 656 3136 fugae
695 3071 824 3122 fides
858 3073 1156 3137 haberetur,
1196 3076 1569 3127 commilitones

518 3147 820 3212 appellans,’
829 3152 928 3200 διο.
938 3152 953 3178 ‘
966 3149 1269 3203 interfecit:
1290 3153 1359 3203 Et
1371 3151 1569 3205 diserte

518 3224 757 3275 Lucanus
777 3225 871 3276 lib.
896 3240 949 3275 v.
984 3226 1070 3276 ubi
1092 3227 1348 3278 Caesarem
1377 3228 1575 3280 inducit

517 3302 841 3365 loquentem.
878 3304 896 3332 ‘
921 3302 1093 3353 Fortis
1123 3304 1175 3353 in
1210 3304 1365 3355 armis
1397 3306 1572 3356 Caesa-

520 3377 626 3428 reis
663 3377 922 3429 Labienus
958 3387 1091 3443 erat,
1136 3395 1273 3432 nunc
1310 3381 1574 3469 transfuga

520 3453 670 3504 vilis.’

585 3537 609 3573 5
645 3531 923 3582 Concessum
973 3500 1066 3581 sibi
1112 3547 1154 3582 s.
1194 3547 1254 3584 c.
1282 3534 1454 3599 οἰέαηι]
1499 3535 1576 3587 Ut

523 3608 762 3658 centurio
779 3608 887 3671 ille,
916 3607 1003 3672 qui
1026 3622 1143 3658 cum
1175 3610 1438 3661 veteranis
1464 3611 1577 3677 qui·

522 3682 742 3736 busdam
781 3685 887 3736 suis
915 3685 1347 3737 commilitonibus
1377 3694 1578 3752 captus,

522 3767 580 3810 et
594 3760 658 3810 ad
680 3761 973 3827 Scipionem
995 3762 1193 3821 missus,
1211 3763 1259 3812 ei
1281 3764 1437 3814 vitam
1453 3777 1579 3814 con·

525 3837 758 3901 donanti,
779 3844 834 3888 et
857 3853 951 3903 pro
981 3853 1074 3890 suo
1097 3837 1352 3907 beneficio
1389 3841 1581 3905 gratias

526 3912 627 3961 sibi
651 3913 875 3976 agendas
915 3917 1236 3979 expectanti,
1267 3917 1540 3981 respondit
1564 3932 1579 3965 z

525 3988 543 4016 ‘
566 3989 674 4038 Pro
710 3996 801 4039 tuo
829 4005 1023 4042 summo
1066 3993 1340 4057 beneficio,
1383 3995 1581 4060 Scipio,

526 4064 624 4117 tibi
647 4066 841 4128 gratias
863 4081 974 4130 ago,
996 4066 1123 4132 (uon
1146 4070 1280 4120 enim
1303 4071 1581 4135 imperato·

529 4154 639 4191 rem
665 4148 718 4191 te
742 4140 995 4208 appello,)
1016 4144 1151 4208 quod
1176 4146 1298 4196 mibi
1320 4148 1475 4198 vitam
1503 4149 1582 4198 ina

529 4218 1009 4282 columitatemque,
1021 4218 1144 4268 belli
1154 4220 1276 4283 jure
1284 4231 1455 4288 capto,
1469 4225 1582 4287 pol-

532 4290 736 4345 liceris:
777 4300 835 4344 et
875 4292 1047 4346 forsan
1083 4296 1187 4347 isto
1221 4304 1396 4349 uterer
1424 4300 1585 4352 bene-

1616 2241 1619 2244 ·
1642 2238 1829 2295 tusque
1852 2231 2161 2282 consistam?
2175 2231 2190 2253 ’

1637 2001 1777 2065 ficio,
1795 1998 1956 2051 sinon
1974 2000 2021 2051 ei
2045 2014 2294 2051 summum
2307 1997 2487 2050 'scelus
2511 1997 2693 2065 adjun-

1639 2084 1870 2143 geretur.
1912 2078 2090 2142 Egone
2106 2085 2289 2128 contra
2304 2077 2582 2133 Caesarem,
2602 2078 2694 2127 im-

1637 2163 1935 2217 peratorem
1957 2168 2149 2216 meum,
2166 2188 2179 2205 .
2194 2189 2209 2205 .
2225 2187 2240 2203 .
2258 2154 2515 2203 adversas·
2528 2167 2696 2203 arma-

2232 2231 2360 2294 Cap.
2378 2233 2464 2280 45.
2487 2229 2553 2278 de
2574 2230 2699 2279 Bel·

1640 2309 1691 2358 lo
1713 2306 1978 2359 Africano.
2048 2308 2118 2357 Et
2140 2307 2367 2357 Granius
2398 2308 2487 2356 ille
2510 2306 2700 2356 Petro-

1639 2385 1773 2451 nius,
1808 2385 1894 2451 qui
1916 2391 2129 2435 auctore
2152 2383 2454 2441 Plutarcho,
2476 2381 2700 2434 Cae'saris

1641 2461 1899 2526 Quaestor,
1915 2460 2147 2526 Scipioni
2168 2461 2327 2511 vitam
2346 2476 2552 2527 quoque
2579 2476 2702 2512 con·

1641 2538 1854 2588 donanti
1890 2537 2157 2603 respondit
2182 2553 2196 2586 ι
2250 2539 2470 2589 Cesaris
2507 2538 2701 2588 milites

1644 2615 1802 2665 vitam
1842 2615 1992 2674 dare,
2035 2627 2138 2665 uon
2189 2615 2433 2679 accipere
2485 2628 2701 2665 consue·

1643 2693 1807 2742 visse:
1844 2698 1901 2741 et
1921 2704 2014 2740 suo
2036 2704 2092 2740 se
2116 2690 2341 2754 pugione
2357 2688 2608 2741 confodit.
2634 2704 2641 2707 ·

1706 2775 1728 2801 ⁸
1749 2766 2084 2832 Dyrrhachium
2103 2766 2385 2831 munitione]
2413 2767 2499 2817 De
2523 2781 2627 2832 qua
2648 2780 2699 2817 c·

1647 2850 1728 2898 85.
1786 2870 1791 2873 ·
2636 2862 2641 2865 “

1658 2948 1663 2955 -
1710 2930 1736 2958 ⁸
1752 2923 1953 2974 (ἔειπε
1967 2923 2109 2988 panis
2129 2939 2192 2974 ex
2213 2921 2380 2988 aerbo]
2408 2923 2702 2986 Lapsanam

1647 2999 1810 3052 fuisse
1834 2999 1997 3051 refert
2018 3001 2218 3051 Plinius
2242 3000 2332 3050 lib.
2353 3013 2478 3051 xtx.
2521 3013 2640 3064 cap.
2656 3005 2708 3050 8.

1652 3078 1668 3105 ‘
1680 3078 1899 3128 Necnon
1912 3079 2023 3129 olus
2037 3077 2291 3140 sylvestre
2310 3076 2709 3140 est,·triumpbo·

1651 3169 1765 3205 rum
1791 3155 1914 3205 Divi
1933 3154 2058 3206 Julii
2080 3153 2416 3216 carminibus,
2439 3153 2710 3218 praecipue

1647 3233 1785 3298 jocis
1824 3233 2132 3284 militaribus
2164 3230 2479 3282 celebratum
2500 3247 2514 3279 z
2550 3231 2710 3281 alter-

1652 3310 1732 3360 nis
1774 3308 1967 3374 quippe
2025 3308 2260 3358 versibus
2304 3307 2711 3371 exprobravere,

1651 3388 1864 3451 lapsana
1875 3401 1930 3436 se
1948 3385 2134 3437 vixisse
2158 3385 2296 3450 apud
2314 3384 2712 3449 Dyrrhachium,

1653 3463 1981 3529 premiorum
1993 3463 2349 3527 parsimoniam
2366 3460 2712 3512 cavillantes!

1654 3542 1809 3593 Hanc
1826 3540 1965 3590 inter
1984 3541 2264 3604 sylvestres
2280 3538 2528 3589 brassicas
2542 3537 2715 3589 libat.

1655 3632 1772 3682 cap.
1793 3622 1844 3667 9.
1873 3622 2199 3678 annumerat,
2230 3620 2286 3665 et
2308 3616 2431 3678 napi
2455 3612 2713 3664 simillima
2753 3613 2765 3625 '

1657 3695 1769 3758 ejus
1791 3708 1904 3744 esse
1926 3692 2052 3743 folia
2073 3692 2221 3742 dicit.
2288 3691 2467 3741 Caesar
2490 3691 2601 3754 ipse
2623 3689 2712 3741 lib.
2777 3679 2787 3691 ’

1657 3782 1746 3820 ιιι.
1790 3768 1857 3819 de
1890 3769 2042 3819 Bello
2074 3768 2253 3830 Civili,
2272 3768 2288 3796 ‘
2311 3766 2514 3818 caram'
2536 3767 2714 3831 appel-

1658 3846 1735 3895 lat
1755 3843 1983 3894 radicem
2001 3843 2160 3903 illam,
2182 3857 2247 3892 ex
2268 3857 2389 3907 qua,
2413 3843 2549 3893 lacte
2578 3856 2719 3892 com·

1659 3921 1842 3983 mixta,
1879 3933 2064 3984 panem
2110 3916 2425 3968 efficiebant.
2512 3917 2716 3982 Hujus-

1662 3996 1800 4046 modi
1826 4009 2008 4059 panes,
2042 3993 2094 4043 in
2126 3992 2471 4057 Pompeianos
2495 3992 2590 4042 sibi
2623 4007 2720 4057 per

1661 4072 1914 4136 colloquia
1927 4068 2118 4119 famem
2144 4067 2534 4132 exprobrantes,
2557 4066 2718 4132 conji-

1662 4149 1891 4212 ciebant,
1913 4147 2279 4211 addebantque
2309 4160 2381 4207 se,
2403 4145 2572 4209 quoad
2606 4146 2720 4196 ber-

1662 4226 1755 4276 bas
1786 4223 2039 4290 ejusmodi
2074 4229 2216 4273 terra
2236 4221 2570 4286 produceret,
2586 4222 2721 4273 obsi·

1663 4301 1868 4353 dionem
1922 4297 2162 4364 Pompeii
2196 4312 2299 4349 non
2339 4297 2683 4350 derelicturos
2703 4313 2718 4349 ι
