3019 4922
525 390 655 458 486
1365 405 1427 451 c.
1475 400 1834 452 sum-omi

525 554 726 618 labat.
839 550 1006 637 [47.]
1069 550 1395 634 Princeps
1439 568 1650 633 neque
1699 567 1900 632 opera
1948 548 2090 612 ulla
2128 546 2481 631 magnifica
2522 549 2700 623 fecit,

524 659 705 734 (nam
736 662 826 731 et,
857 672 1007 736 quae
1037 652 1184 716 sola
1212 656 1617 736 susceperat,
1656 649 1954 732 Augusti
1978 657 2004 687 ²
2033 651 2408 735 templum,y
2435 652 2701 717 restitu-

525 738 902 840 tionemque
932 755 1327 837 Pompeiani
1370 754 1649 831 theatri?
1691 753 2073 837 imperfecta
2093 761 2113 800 ³
2148 762 2308 837 post
2339 760 2451 818 tot
2491 773 2700 819 annos

509 856 851 943 *reliquit,)
877 876 1087 943 neque
1130 857 1528 940 spectacula
1568 855 1830 921 omnino
1875 855 2117 936 edidit;
2159 862 2229 920 et
2271 856 2383 933 iis,
2413 875 2569 940 quae
2613 857 2699 922 ab

525 963 751 1047 aliquo
766 967 798 1009 4
824 961 1185 1038 ederentur,
1225 960 1561 1025 rarissime
1604 958 1919 1037 interfuit,
1964 978 2046 1024 ne
2092 958 2256 1042 quid
2297 977 2699 1043 exposcere-

524 1072 682 1141 tur,¹¹
710 1063 938 1146 utique
964 1068 1325 1146 postquam
1359 1061 1741 1128 comoedum
1772 1060 2041 1127 Actium
2061 1068 2086 1109 ⁵
2114 1068 2394 1127 coactus
2424 1070 2535 1127 est
2562 1082 2701 1127 ma-

523 1165 888 1231 numittere.
972 1157 1357 1229 Paucorum
1415 1159 1813 1230 Senatorum
1868 1164 2102 1249 inopia
2160 1172 2562 1244 sustentata,
2619 1184 2700 1228 ne

520 1267 825 1352 pluribus
875 1286 1073 1351 opem
1122 1265 1344 1345 ferret,
1387 1266 1674 1349 negavit,
1720 1285 1795 1331 se
1842 1265 1993 1331 aliis
2038 1268 2530 1347 subventurum,
2574 1266 2700 1331 nisi

524 1367 849 1436 Senatui⁶
897 1370 1123 1454 justas
1179 1371 1667 1435 necessitatum
1720 1388 1965 1434 causas
2016 1371 2434 1454 probassent.
2548 1369 2700 1449 Quo

521 1477 719 1557 pacto
753 1474 1104 1556 plerosque
1149 1471 1477 1537 modestia
1516 1478 1582 1536 et
1609 1470 1903 1555 pudore⁷
1935 1470 2296 1537 deterruit:
2340 1473 2409 1537 in
2452 1472 2698 1556 quibus

523 1574 943 1652 Hortalum,⁸
990 1574 1079 1654 Q.
1126 1572 1508 1641 Hortensiib
1553 1573 1838 1638 oratoris
1882 1580 2214 1658 nepotem,
2261 1575 2399 1657 qui,
2439 1592 2700 1658 permo-

522 1673 677 1742 dica
704 1696 769 1742 re
794 1675 1126 1757 familiari,
1171 1682 1442 1743 auctore
1483 1676 1837 1760 Augusto,‘²
1881 1684 2163 1761 quatuor
2203 1673 2495 1742 liberosd
2538 1676 2701 1741 tule-

1431 1857 1670 1879 OOOOOO‘O
1673 1857 1759 1879 ΙΝ
1762 1857 1791 1878 O

480 1969 489 1976 “
526 1974 808 2029 Gnatorum.
830 1974 965 2023 unde
988 1974 1123 2039 conj.
1139 1974 1323 2025 Heius.
1365 1975 1783 2025 Gnathonum—2
1816 1975 1880 2025 Id
1905 1979 1978 2024 est
1997 1974 2127 2037 Aug.
2163 1972 2307 2023 Med.
2324 1976 2371 2021 1.
2392 1976 2441 2022 2.
2472 1970 2629 2021 vind.
2655 1975 2700 2021 1.

521 2054 635 2090 cum
659 2054 759 2089 nuo
783 2040 954 2088 Pulm.
971 2040 1140 2092 Periz.
1163 2042 1294 2103 Cop.
1310 2041 1458 2090 Voss.
1475 2042 1574 2090 Ed.
1592 2041 1723 2090 Ven.
1748 2046 1795 2090 1.
1819 2040 2034 2104 aliisque
2053 2040 2245 2102 multis,
2260 2038 2415 2088 etiam
2435 2037 2500 2085 R.
2521 2037 2701 2097 Steph-

520 2100 687 2151 Paulo
710 2110 831 2153 ante
853 2118 1012 2166 magn.
1026 2105 1127 2166 egit
1145 2104 1237 2154 dat
1255 2106 1409 2154 Fouc.
1431 2111 1486 2155 et
1507 2104 1567 2154 τὸ
1585 2119 1695 2154 nam
1717 2106 1876 2155 deleri
1895 2104 2099 2154 volebat
2120 2104 2360 2168 Πρω-3
2383 2102 2571 2161 Infecta
2588 2115 2702 2165 pro·
2811 2161 2816 2164 ³

519 2166 664 2215 bavit
687 2168 866 2217 Burm.
887 2182 952 2217 ex
977 2169 1211 2218 Harlem.
1233 2169 1407 2218 Periz.
1429 2170 1564 2219 Edd.
1587 2170 1719 2219 Ven.
1740 2178 1806 2218 tr.
1886 2169 2045 2218 Extat
2076 2183 2279 2233 quoque
2312 2167 2360 2216 in
2384 2168 2530 2216 Med.
2554 2165 2700 2217 Cald.

517 2231 828 2294 inperfectum
854 2232 1010 2281 vind.
1045 2238 1091 2282 1.
1155 2234 1283 2282 Mox
1305 2234 1449 2283 ethis
1471 2234 1543 2285 Ο.
1564 2232 1675 2283 fere
1698 2233 1863 2285 Codd.
1895 2240 1949 2283 et
1982 2234 2115 2284 Edd.
2140 2233 2289 2284 Vett.
2329 2241 2522 2296 praeter
2558 2232 2702 2281 Rom.

519 2310 627 2345 sec.
663 2296 756 2345 hiis
776 2297 1044 2349 Periz.—4
1077 2299 1183 2347 Pro
1203 2298 1358 2361 aliquo
1379 2299 1614 2349 Perizon.
1638 2299 1910 2362 legendum
1933 2299 2064 2348 dixit
2083 2298 2197 2359 alio,
2226 2306 2360 2348 teste
2381 2297 2523 2347 Oud.
2568 2297 2702 2346 Tum

517 2371 666 2425 neque
681 2375 787 2424 exp.
820 2363 1031 2412 Memm.
1064 2368 1362 2425 exposcerent
1395 2363 1531 2413 Edd.
1553 2365 1686 2414 Ven.
1715 2368 1764 2413 2.
1785 2368 1833 2413 3.
1858 2363 2001 2414 Med.
2027 2379 2104 2426 pr.
2127 2363 2365 2413 Cald.-5
2399 2361 2621 2411 Act-itum
2651 2362 2702 2420 iu

518 2427 774 2477 nonnullis
795 2427 941 2477 Torr.
966 2435 1020 2477 et
1058 2428 1229 2477 Pulm.
1263 2428 1423 2491 libris,
1456 2430 1508 2478 in
1545 2429 1656 2478 aliis
1681 2428 1894 2490 Accium,
1917 2436 1977 2480 ut
2003 2428 2054 2479 in
2075 2429 2232 2479 vind.
2252 2432 2300 2477 1.
2333 2426 2526 2479 Attium
2550 2426 2702 2477 vind.

518 2493 568 2540 2.
585 2493 728 2543 Cort.
763 2492 1001 2542 Acticium
1020 2493 1215 2542 Medic.
1233 2497 1285 2544 2.
1348 2494 1480 2544 Post
1500 2500 1594 2546 act.
1618 2498 1791 2545 exulat
1813 2500 1882 2544 est
1906 2511 1938 2544 a
1958 2496 2171 2545 Memm.
2193 2493 2389 2543 Medic.
2414 2498 2463 2542 1.
2479 2497 2526 2542 3.
2543 2493 2703 2542 Polit.

517 2561 618 2606 -6
649 2558 711 2606 In
729 2564 897 2607 senatu
921 2566 977 2608 et
1004 2559 1298 2609 necessitatis
1318 2559 1472 2610 vind.
1501 2564 1549 2610 1.
1615 2558 1751 2609 Item
1787 2559 2006 2622 probaret
2041 2560 2269 2610 Harlem.
2331 2558 2473 2608 Dein
2506 2557 2703 2607 habent

512 2628 704 2684 peracto
726 2623 844 2673 Pal.
862 2627 910 2672 3.
935 2624 1106 2672 Periz.
1127 2623 1242 2687 Cuj.
1258 2631 1310 2672 et
1325 2623 1458 2674 Edd.
1481 2625 1709 2689 autiquae
1731 2632 1932 2675 tantum
1950 2640 2050 2674 non
2066 2639 2242 2674 omues
2258 2624 2322 2673 ad
2342 2624 2463 2672 Bas.
2483 2629 2625 2686 post.
2648 2630 2705 2671 et

516 2686 609 2735 Ste
649 2687 698 2734 b.
733 2687 823 2736 sed
854 2694 996 2750 pacto
1034 2702 1099 2737 ex
1140 2688 1500 2739 emendatione
1535 2689 1678 2753 Lips.
1709 2691 1878 2740 Elect.
1900 2702 1938 2740 1.
1959 2694 2040 2739 28.
2064 2690 2261 2752 recepit
2292 2687 2465 2738 Graev.
2486 2695 2539 2737 et
2562 2701 2702 2752 seqq.

516 2751 1278 2868 2022222⁰322¹⁸32¹ss¹3i⁹3533
1299 2753 2700 2880 {alas”num{3⁶22.223⁶21‚¹..¹;2·¹;;.¹3:⁰·

513 2882 547 2927 8
584 2880 823 2931 Ortallum
842 2883 975 2932 Ven.
993 2888 1042 2932 1.
1079 2884 1304 2934 Ort-alum
1325 2884 1443 2935 duae
1463 2835 1696 2951 religuae,
1721 2886 1942 2935 Ortalum
1962 2891 2018 2935 et
2046 2883 2264 2934 Ortenst'i
2285 2882 2418 2933 Edd.
2440 2882 2697 2948 quaedam.

1490 3029 1716 3082 NOTAE

515 3140 679 3190 nebus
731 3154 965 3191 asserere
1019 3142 1270 3200 voluerat,
1321 3148 1570 3205 gratorum
1649 3144 1729 3193 nis
1752 3143 1888 3193 illius
1912 3143 2205 3207 exemplum
2241 3141 2365 3191 satis
2398 3140 2601 3191 innuit:
2637 3154 2706 3191 ex

515 3217 735 3280 scilicet,
771 3217 909 3281 quod
949 3224 1092 3268 certe
1132 3219 1240 3282 ipsa
1277 3219 1426 3283 hujus
1465 3220 1568 3271 loci
1648 3233 1751 3284 quo
1788 3220 1943 3269 etiam
1984 3226 2131 3284 patet
2167 3216 2427 3268 comoedos
2470 3230 2501 3267 e
2541 3217 2699 3267 servis

510 3293 736 3344 lectione
757 3291 1032 3355 refellitur.
1644 3295 1823 3359 fuisse,
1842 3296 2269 3362 quemadmodum
2294 3302 2349 3345 et
2377 3295 2625 3359 pictores,
2646 3301 2700 3343 et

575 3376 600 3412 5
631 3368 842 3432 Augusti
872 3370 1116 3435 templum]
1148 3371 1360 3422 Tacitus
1393 3372 1484 3422 lib.
1513 3387 1566 3424 v.
1646 3372 1801 3422 etiam
1823 3371 2143 3437 medicos,ut
2164 3385 2322 3436 supra
2343 3371 2395 3419 in
2415 3369 2562 3422 Julio
2584 3383 2700 3433 cap.

512 3446 701 3496 Annal.
726 3446 856 3496 dicit
878 3460 1036 3512 opera
1056 3447 1168 3498 haec
1190 3448 1257 3498 ab
1280 3461 1342 3497 eo
1366 3448 1568 3513 perfec·
1644 3453 1693 3499 4.
1719 3454 1969 3499 notatum.

513 3529 586 3588 ta,
619 3523 710 3572 sed
749 3523 831 3572 vel
867 3530 1083 3588 propter
1120 3530 1460 3581 senectutem,
1484 3524 1568 3574 vel
1711 3524 1734 3560 b
1773 3524 2041 3588 Hortensii]
2072 3523 2405 3575 Celeberrimi
2430 3523 2566 3573 illius
2592 3528 2700 3574 ora-

513 3599 807 3650 ambitionis
830 3607 1165 3661 contemtum,
1190 3600 1400 3650 minime
1422 3600 1569 3651 dedi·

511 3684 648 3726 cata.
714 3676 801 3726 De
825 3689 886 3725 eo
905 3683 1078 3726 autem
1104 3675 1328 3741 Augusti
1351 3678 1571 3742 templo,

509 3754 646 3820 quod
670 3753 850 3806 Romae
889 3752 1042 3818 foret,
1081 3754 1466 3818 intelligendum
1492 3756 1568 3805 vi-

496 3831 682 3896 detur,
703 3846 820 3882 cum
843 3832 980 3881 aliud
1005 3832 1157 3881 Nolae
1178 3830 1488 3895 dedicasset,
1508 3839 1568 3883 ut

507 3910 660 3971 paulo
682 3923 838 3971 supra
859 3922 974 3971 cap.
997 3911 1080 3958 40.

571 3992 596 4016 ²
629 3985 904 4048 Pompeiani
947 3984 1148 4049 theatri]
1200 3984 1266 4034 In
1326 3984 1562 4050 Augusto

507 4072 556 4109 c.
577 4062 660 4108 31.

575 4139 601 4170 ι
629 4134 1002 4200 Exposceretur]
1032 4134 1151 4185 Hoc
1190 4142 1289 4201 est,
1327 4138 1559 4204 nequid

507 4211 726 4274 populus
749 4226 782 4260 a
803 4227 860 4260 se
886 4218 1111 4276 peteret,
1145 4215 1283 4278 quod
1322 4230 1560 4266 recusare

508 4285 676 4350 pudor
698 4299 801 4335 non
824 4293 1110 4351 pateretur,
1128 4297 1186 4340 nt
1207 4293 1559 4344 manumissio-

1645 3601 1791 3662 toris,
1821 3615 1971 3665 quem
2005 3600 2093 3649 diu
2127 3613 2394 3649 causarum
2433 3613 2610 3663 regem
2648 3598 2698 3646 in

1642 3677 1777 3727 Foro
1800 3676 1959 3727 fuisse
1981 3677 2111 3726 dicit
2135 3676 2406 3741 Asconius,
2430 3675 2596 3726 donec
2615 3676 2696 3725 Ci-

1643 3755 1815 3803 ceroni
1843 3756 2009 3818 palma
2042 3754 2129 3803 illa
2158 3754 2341 3804 cedere
2364 3760 2579 3803 coactus
2603 3756 2699 3814 est,

1644 3845 1846 3896 unoque
1870 3832 1957 3880 illo
1980 3831 2107 3879 vixit
2132 3828 2365 3878 inferior.
2671 3889 2676 3892 ῃ

1706 3915 1729 3942 ⁰
1759 3907 1967 3957 Auctore
2006 3906 2247 3970 Augusto]
2306 3907 2452 3957 Tunc
2510 3903 2700 3957 verosi·

1640 3984 1874 4047 millime,
1896 4000 2013 4035 cum
2037 3978 2301 4047 Pappiam*
2315 3983 2482 4048 legem
2507 3985 2573 4034 de
2596 3999 2698 4033 ma·

1641 4062 1860 4112 ritaudis
1913 4059 2176 4111 ordinibus
2221 4061 2385 4109 suasit
2417 4060 2696 4129 Augustus,

1640 4146 1957 4204 cunctosque
1984 4138 2049 4188 ad
2072 4138 2371 4202 conjugium
2395 4137 2694 4188 adhortatus

1639 4225 1735 4267 est.
1801 4217 1970 4280 Supra
1994 4215 2046 4264 in
2070 4213 2308 4278 Augusto
2330 4229 2446 4280 cap.
2467 4218 2551 4267 84.

1704 4293 1730 4328 ‘¹
1766 4293 1981 4350 Quattuor
2001 4292 2197 4357 liberos]
2229 4292 2406 4344 Quare
2434 4288 2691 4342 beneflciis
