3019 4922
2344 401 2474 472 251

301 593 420 671 tu'r,
450 588 635 655 actui
667 588 918 651 rerumr
970 577 1524 645 accommodavit.
1611 572 1722 639 Ad
1772 579 1910 638 tres
1948 568 2248 656 Judicum
2280 565 2479 631 decu-

304 694 803 775 rias⁸‘quartam
835 682 1158 751 addidit¹t
1197 701 1288 746 ex
1314 679 1624 745 inferiore
1654 695 1877 753 censu,
1907 692 2058 758 quae
2088 668 2481 737 ducenario·

303 800 477 859 rum²
494 800 525 828 ¹²
579 796 945 864 vocaretur,
967 784 1427 870 judicat-etque
1454 780 1537 845 de
1566 777 1936 844 levioribus
1965 773 2267 839 summiS.
2354 769 2400 834 J
2405 788 2480 833 u—

303 896 485 961 dices
517 915 565 960 a
590 893 943 959 vicesimo³
967 895 996 923 V
1039 885 1259 952 aetatis
1290 902 1459 948 anno
1490 880 1746 964 allegit,
1776 878 1849 944 id
1876 883 2005 954 est,
2029 871 2482 960 quinquennio

304 997 648 1074 maturina,
680 1013 879 1079 quam
908 990 1235 1057 solebant.
1321 984 1472 1051 Ac*
1513 983 1846 1068 plerisque
1865 975 2216 1065 judicandi
2247 991 2484 1039 munus

306 1099 844 1172 detrectantibus),
873 1095 993 1160 vix
1023 1088 1380 1166 concessit,
1411 1094 1486 1153 ut
1515 1084 1795 1168 singulis
1837 1080 2130 1147 decuriis
2157 1096 2272 1163 per
2300 1076 2485 1139 vices

305 1221 536 1267 annua
579 1198 850 1265 vacatio
871 1204 910 1232 W
954 1181 1157 1271 esset,
1203 1198 1272 1257 et
1313 1194 1385 1254 ut
1427 1188 1644 1254 solitae
1682 1185 1791 1268 agi
1835 1180 2207 1249 Novembri
2237 1198 2319 1243 ac
2350 1178 2488 1243 De-

306 1304 558 1369 cembri
588 1322 821 1367 mense
849 1308 1001 1365 res¹
1031 1297 1517 1362 omitterentur.
1603 1289 1770 1376 [33]
1814 1287 1973 1374 Ipse
1992 1285 2107 1371 jus
2137 1284 2348 1349 dixity
2383 1299 2489 1346 as·

1183 428 1581 482 oc'rAVwS.

1220 1476 1583 1501 Omm'OOOO
1687 1481 1690 1484 ²

310 1607 364 1649 et
384 1600 477 1650 tris
507 1600 822 1649 Merum-1
856 1596 943 1646 Sic
973 1592 1214 1645 emendat
1245 1594 1398 1645 Tcrr.
1432 1606 1499 1641 ex
1521 1589 1839 1654 conjectura,
1859 1592 1917 1636 et
1937 1589 2160 1637 testatur
2180 1579 2359 1631 unicus
2376 1573 2493 1629 cod.

309 1664 504 1715 Ursini·
549 1664 679 1714 Mss.
705 1662 887 1726 reliqui
910 1676 1025 1711 cum
1049 1660 1182 1710 Edd.
1206 1659 1274 1710 Ο.
1297 1665 1491 1722 praeter
1513 1655 1695 1719 Stepb.
1716 1651 2019 1703 adama—2
2041 1649 2105 1698 In
2126 1645 2283 1696 vind.
2306 1649 2357 1694 2.
2382 1656 2496 1691 am.

340 1746 386 1786 r.
415 1728 722 1779 ducenarium
740 1733 1028 1777 contracte.
1100 1725 1231 1775 Dein
1254 1724 1412 1774 Vind.
1435 1728 1480 1773 1.
1508 1720 1891 1784 judicarentqae,
1919 1722 1975 1765 et
2006 1716 2083 1764 ita
2114 1712 2343 1762 Harlem.
2365 1706 2499 1757 Edd.

358 1810 443 1845 en.
481 1803 546 1844 tr.
582 1793 727 1843 Med.
761 1792 908 1842 Cald.
947 1793 1078 1840 Bon.
1116 1789 1280 1852 Lugd.
1314 1788 1462 1841 Jnnt.
1483 1784 1607 1836 Ald.
1633 1799 1731 1834 nec
1753 1782 1991 1846 displicet
2011 1780 2190 1828 Burm.
2212 1782 2266 1825 et
2289 1771 2499 1825 oud.—

310 1866 338 1910 3
374 1860 505 1910 Haec
541 1866 626 1907 est
657 1856 951 1907 emendatio
977 1856 1159 1920 Cujac.
1197 1854 1328 1905 Obs.
1352 1866 1473 1903 ιιι.
1496 1854 1577 1901 32.
1620 1848 1838 1914 probata
1870 1862 1901 1895 a
1928 1842 2148 1895 Casaub.
2169 1842 2346 1890 Burm.
2368 1837 2497 1886 Ern.

311 1923 603 1990 Bynkersb.
630 1922 762 1973 Obs.
784 1923 898 1974 Jur.
919 1935 996 1971 vt.
1023 1924 1101 1971 17.
1135 1926 1191 1969 et
1222 1920 1338 1969 aliis
1366 1917 1560 1966 multis.
1625 1915 1839 1964 Memm.
1861 1911 2020 1961 habet
2058 1924 2114 1958 ac
2158 1901 2494 1958 tricentesinw,
2544 1963 2548 1970 ,

312 1990 494 2056 reliqui
519 1988 703 2051 scripti
724 2002 786 2037 ac
805 1987 934 2036 editi
953 1985 1021 2036 Ο.
1039 1985 1296 2036 tricesimo.
1347 1982 1478 2032 Inde
1501 1979 1642 2032 Oud.
1666 1978 1842 2038 verba,
1863 1978 1917 2027 id
1938 1980 2037 2026 est.
2055 2009 2071 2026 .
2086 1971 2343 2030 astabant,
2365 1967 2500 2032 glos-

310 2071 409 2106 sam
435 2054 720 2115 existimat,
743 2052 929 2117 quibus
947 2052 1152 2113 deletis,
1172 2058 1311 2100 stare
1334 2053 1507 2112 posset
1524 2047 1735 2108 vulgata
1756 2043 1928 2099 lectio,
1943 2042 2141 2105 hocque
2158 2038 2380 2097 Baumg.
2397 2044 2501 2081 non

311 2120 583 2185 improbat.
632 2119 764 2168 Tum
786 2132 880 2182 pro
899 2117 955 2165 id
976 2121 1046 2165 est
1068 2116 1196 2180 Cop.
1219 2120 1274 2164 et
1299 2115 1459 2163 Fouc.
1479 2112 1641 2168 idem3
1675 2116 1942 2173 utrumque
1965 2105 2118 2156 facile
2139 2101 2256 2165 ejici
2272 2098 2504 2165 patiatur

314 2188 538 2236 Era—4
562 2183 836 2247 Pleraeque
858 2181 991 2232 Edd.
1010 2183 1148 2230 inter
1169 2194 1296 2245 quas
1319 2180 1499 2228 Burm.
1523 2176 1712 2225 Pitisc.
1728 2173 1919 2223 Schild.
1940 2177 1994 2221 at
2010 2171 2080 2235 pl.
2099 2167 2191 2218 sed
2213 2182 2269 2216 ac
2292 2169 2505 2215 tuentur

313 2251 457 2302 Junt.
481 2249 802 2313 Ald.Stepb.
824 2256 880 2298 et
901 2247 966 2297 al.
990 2262 1108 2298 cum
1127 2245 1295 2296 Codd.
1320 2244 1482 2295 bonis.
1503 2239 1876 2291 detractantibus
1899 2250 2074 2288 rursus
2098 2233 2265 2285 Periz.
2290 2235 2347 2280 et
2369 2225 2505 2277 Edd.

1303 2387 1519 2441 NOTAE

314 2499 550 2556 auxerat,
594 2493 847 2555 ederent;
902 2507 1004 2558 qua
1046 2491 1249 2542 ratione
1279 2492 1369 2557 jus
1451 2502 1554 2537 non
1595 2482 1859 2535 suffecisse
1894 2481 2243 2532 Romanorum
2274 2472 2510 2539 equitum
2543 2447 2549 2454 ⁶

316 2569 631 2619 honorarium
665 2569 770 2619 κατ’
788 2568 960 2633 ἐξοχὴν
997 2568 1188 2619 dicitur
1220 2567 1370 2633 illud,
1449 2576 1746 2621 numerurm
1772 2557 1950 2622 allegit
1970 2552 2219 2621 siquidem
2237 2550 2382 2612 alios,
2400 2546 2512 2612 qui-

318 2645 447 2708 quod
471 2651 724 2708 praetores
747 2646 1065 2696 statuebant.
1450 2638 1548 2689 bus
1569 2637 1947 2704 quadringenta
1984 2645 2086 2681 non
2112 2633 2283 2688 erant,
2302 2625 2401 2674 hoc
2429 2627 2512 2671 est

381 2726 402 2754 ¹
428 2723 577 2772 Actus·
591 2721 773 2786 rerum]
808 2722 924 2772 Hoc
942 2730 1024 2772 est
1047 2720 1198 2772 rebus
1220 2735 1371 2783 agen·
1452 2728 1638 2765 census
1656 2715 1917 2779 equester,
1933 2714 1992 2758 ut
2014 2708 2068 2757 iu
2090 2703 2232 2756 Julio
2256 2717 2302 2752 c.
2321 2704 2402 2750 33.
2419 2712 2513 2747 no·

320 2795 412 2860 dis,
428 2812 489 2847 ac
505 2798 798 2848 tractandis
817 2799 1072 2862 negotiisz
1107 2797 1276 2847 adhuc
1299 2797 1374 2847 in·
1453 2797 1641 2841 tatum.

319 2870 394 2922 fra
415 2888 460 2923 c.
483 2877 568 2925 τε.
592 2879 648 2923 et
670 2873 854 2924 claud.
877 2889 923 2924 c.
952 2878 1030 2924 15.
1055 2866 1110 2924 et
1131 2876 1214 2925 23.

379 2956 397 2981 ⁸
435 2947 698 3011 Decurias]
733 2951 818 2999 De
842 2950 918 2999 his
943 2965 989 3002 c.
1011 2954 1094 3000 29.

1518 2873 1541 2899 v
1572 2865 1619 2916 A
1643 2863 1860 2915 vicesimo
1890 2856 2176 2927 [tricesimo]
2212 2849 2515 2919 Legendum

1453 2944 1568 2994 vult
1590 2941 1919 2994 Casaubonus
1941 2953 1972 2987 a
1998 2934 2235 2997 vicesima,
2255 2944 2373 2982 cum
2403 2927 2518 2978 nul-

375 3029 392 3059 ¹
424 3027 635 3077 Addidit
658 3027 897 3093 [addixit]
933 3029 1158 3080 Quidam
1196 3029 1373 3092 legen·
1456 3020 1550 3070 libi
1586 3017 1845 3083 repererit
1866 3030 1970 3066 non
1990 3015 2158 3064 lectos
2182 3016 2304 3061 ante
2326 3012 2409 3057 35.
2431 3018 2521 3054 an-

321 3101 438 3152 dum
461 3113 679 3155 censent
711 3106 917 3171 addidit,
947 3104 1083 3170 quod
1105 3104 1381 3156 Torrentio

320 3178 588 3240 probatur.
658 3177 845 3231 Addici
880 3195 1034 3245 porro
1065 3181 1270 3245 judices
1305 3179 1383 3229 di-

320 3255 588 3319 cebantur,
605 3270 721 3307 cum
743 3264 834 3307 aut
855 3258 970 3308 illos
995 3259 1380 3324 praeter‘daret,

319 3338 406 3381 aut
438 3333 706 3397 litigantes
733 3343 1075 3399 assumerent,
1094 3336 1231 3401 quod
1254 3338 1381 3386 mul-

323 3413 428 3457 tum
453 3408 521 3459 ab
543 3408 642 3458 hoc
668 3407 888 3474 Augusti
914 3410 1154 3461 instituto
1174 3408 1383 3461 differre

322 3483 551 3536 videtur.
615 3485 687 3534 Et
707 3492 850 3535 certe
872 3487 1149 3537 Suetonius
1172 3485 1311 3536 infra
1332 3487 1386 3535 in

322 3559 490 3621 Calig.
529 3574 576 3610 c.
599 3564 679 3609 16.
705 3559 854 3624 dicit,
873 3563 889 3590 ‘
906 3569 1152 3626 quatuor»
1164 3560 1386 3611 decuriis

324 3635 557 3700 quintam
588 3635 827 3686 addidit?
890 3638 961 3687 Et
993 3638 1047 3686 in
1070 3636 1240 3687 Galba
1269 3651 1386 3702 cap.

325 3714 407 3762 1⁴.
439 3711 455 3737 ‘
476 3718 679 3760 sextam
703 3710 862 3776 adjici
886 3711 1254 3776 precantibus.’

387 3792 413 3817 ¹¹
447 3785 851 3850 Ducentis-iorum]
882 3789 930 3836 N
935 3802 1001 3836 on
1020 3787 1157 3851 quod
1178 3789 1389 3840 ducenti

326 3861 585 3913 duntaxat
605 3868 815 3924 essent3
847 3862 1012 3927 major
1049 3864 1186 3914 enim
1218 3865 1270 3914 in
1297 3866 1389 3915 de-

329 3940 483 3990 curiis
518 3938 733 4002 singulis
761 3938 997 4011 judicum
1038 3954 1300 4000 numerus,
1331 3948 1393 3992 ut

332 4031 487 4081 supra
503 4030 620 4080 cap.
634 4020 717 4066 29.
740 4023 976 4067 notatum
995 4023 1110 4078 est3
1144 4017 1233 4066 sed
1255 4019 1392 4082 quod

333 4093 557 4142 ducenta
591 4101 793 4142 tantum
829 4093 1084 4142 haberent
1116 4092 1168 4141 in
1203 4094 1394 4158 censu}

335 4168 468 4218 unde
490 4166 668 4232 colligi
703 4182 853 4230 posse
889 4168 1112 4230 videtur,
1141 4167 1396 4232 Augusto,

329 4241 559 4306 judicum
600 4258 888 4306 numerum,
910 4251 970 4295 ut
1002 4245 1158 4295 citius
1191 4250 1396 4294 contro-

340 4319 521 4370 versiae
590 4318 977 4382 dirimerentur,
1045 4316 1400 4385 amplificanti,

1461 3113 1583 3148 num
1633 3097 1841 3161 judices
1883 3093 1949 3143 ad
1994 3089 2215 3155 Augusti
2272 3093 2526 3148 tempora,

1463 3186 1647 3228 contra
1667 3189 1811 3238 vero,
1830 3171 2113 3236 legitimam
2135 3166 2254 3216 huic
2284 3158 2523 3214 obeundo

1464 3253 1664 3304 muneri
1700 3258 1905 3303 aetatem
1939 3247 2096 3298 fuisse
2128 3239 2401 3294 contendit
2436 3249 2526 3286 an·

1466 3349 1589 3383 num
1620 3336 1702 3382 25.
1724 3345 1791 3382 ex
1824 3330 1942 3391 lege
1966 3331 2017 3376 8.
2036 3320 2092 3372 ff.
2127 3321 2194 3371 de
2226 3314 2525 3370 muneribus

1466 3417 1524 3459 et
1560 3406 1862 3467 honoribus,
1896 3417 2011 3467 quae
2051 3405 2108 3448 et
2143 3393 2343 3461 Cujacii
2382 3403 2526 3442 mens

1467 3493 1568 3536 est.

1532 3567 1565 3593 Ψ
1597 3560 1699 3608 Per
1718 3557 1841 3606 vices
1871 3567 2028 3603 annua
2048 3547 2259 3611 vacatio]
2293 3545 2388 3607 Ut,
2409 3554 2528 3600 cum

1467 3641 1689 3702 quatuor
1710 3637 1883 3682 essent
1915 3627 2163 3685 decuriae,
2186 3626 2374 3688 quarto
2406 3630 2533 3682 quo·

1469 3727 1571 3778 que
1596 3723 1731 3761 anno
1754 3704 1965 3769 singulis
1987 3700 2192 3752 vacatio
2216 3693 2529 3747 concedere-

1470 3797 1573 3838 tur.
1640 3782 1803 3834 Inviti
1849 3780 2045 3846 quippe
2086 3774 2331 3840 Judicare
2377 3781 2530 3833 coge·

1470 3863 1679 3920 bantur,
1716 3865 1775 3908 ut
1814 3861 1963 3920 patet
1999 3853 2096 3902 hoc
2133 3851 2244 3900 loco
2284 3856 2342 3899 et
2377 3847 2414 3897 l.
2449 3850 2531 3896 13.

1473 3936 1532 3988 ff.
1573 3936 1639 3985 de
1677 3934 1949 3983 vacatione
1979 3935 2034 3980 et
2058 3927 2395 3977 excusatione
2416 3937 2529 3974 mu·

1475 4027 1678 4075 nerum,
1710 4012 1739 4074 ς
1772 4013 1823 4059 2.
1858 4010 1873 4037 ‘
1897 4006 1985 4071 qui
2024 4011 2197 4054 autem
2235 4015 2339 4051 non
2370 3998 2538 4049 habet

1477 4085 1881 4140 excusationem,
1903 4082 2057 4132 etiam
2080 4078 2271 4130 invitus
2294 4076 2538 4143 judicare

1478 4159 1712 4225 cogitur?
1776 4159 1846 4208 Et
1882 4157 1940 4206 ll.
1967 4161 2017 4206 9.
2038 4169 2102 4205 ac
2134 4157 2213 4204 18.
2238 4155 2266 4218 §
2288 4156 2367 4203 14.
2390 4147 2447 4199 ff.
2468 4146 2538 4199 de

1477 4236 1775 4292 muneribus
1798 4245 1853 4286 et
1873 4233 2172 4288 honoribus,
2195 4233 2298 4280 ἃς.

1558 4321 1585 4348 “
1618 4313 1786 4366 Solita
1812 4311 1899 4376 agi
1932 4310 2061 4363 Nov.
2096 4323 2153 4357 ac
2187 4306 2312 4356 Dec.
2338 4317 2403 4353 m.
2430 4297 2541 4364 res]
