3019 4922
1177 466 1673 517 'rns‘rfflomA-
2454 449 2540 515 21

324 605 380 670 in
413 608 569 675 vita
606 609 992 696 principum
1035 619 1104 676 et
1149 614 1564 698 temporibus
1596 612 2043 679 disserendis:
2089 612 2205 677 sed
2250 611 2544 677 Marium

330 711 750 792 Maximum,
781 713 1175 780 Suetonium
1207 715 1689 800 Tranquillum,
1725 716 2007 781 Fabium
2055 715 2543 795 Marcellinum,

336 808 751 898 Gargillium'
788 815 1189 897 Martialem,
1234 819 1281 883 J
1286 819 1495 883 ulium
1529 820 2001 904 Capitolinum,
2048 819 2303 882 AElium
2344 818 2545 883 Lam-

335 918 655 1002 pridium,
711 924 1126 1005 ceterosque,
1192 923 1310 1006 qui
1365 923 1513 988 haec
1560 929 1628 987 et
1678 922 1842 988 talia
1891 942 2026 988 non
2083 927 2223 988 tam
2275 920 2543 1001 diserte,

341 1041 540 1105 quam
568 1041 760 1101 vere,
790 1026 1119 1091 memoriae
1149 1025 1576 1091 tradiderunt.

541 1247 766 1314 Julius
797 1246 1216 1333 Capitolinus
1245 1249 1313 1313 in
1347 1215 1654 1314 Maximo
1685 1255 1753 1312 et
1777 1247 2068 1311 Balbino
2095 1266 2248 1331 cap.
2275 1247 2343 1311 4.
2431 1214 2434 1219 ’

429 1380 564 1446 Sed
607 1382 999 1467 priusquam
1044 1383 1126 1449 de
1172 1387 1434 1450 actibus
1478 1403 1707 1449 eorum
1751 1382 2015 1468 loquar,
2044 1383 2277 1466 placet
2313 1380 2544 1464 aliqua

341 1482 567 1549 dicere
597 1484 678 1549 de
707 1488 1011 1559 moribus
1036 1497 1238 1573 atque
1268 1490 1546 1572 genere3
1593 1508 1725 1552 non
1756 1507 1838 1552 eo
1869 1487 2098 1565 modo,
2127 1504 2264 1572 quo
2291 1484 2338 1548 J
2340 1484 2540 1548 unius

343 1583 607 1650 Cordus
637 1593 741 1652 est
764 1586 1168 1671 prosecutus
1200 1592 1444 1668 omnia,
1474 1590 1593 1661 sed
1620 1592 1759 1670 illo,
1784 1611 1918 1676 quo
1947 1589 2311 1656 Suetonius
2331 1586 2543 1652 Tran-

341 1688 594 1773 quillus
624 1696 696 1755 et
725 1689 1044 1757 Valerius
1077 1695 1468 1760 Marcellus,

579 1901 897 1977 Sidonius
929 1900 1338 1987 Apollinaris
1367 1899 1826 1985 Epistolarum
1856 1900 2009 1968 Lib.
2043 1917 2151 1966 lx.
2180 1901 2291 1966 14.

427 2038 610 2106 Nam
667 2040 728 2105 si
785 2033 1199 2113 omittantur,
1259 2058 1413 2121 quae
1476 2037 1561 2102 de
1621 2038 1832 2102 titulis
1894 2036 2243 2102 dictatoris
2273 2026 2278 2035 '
2303 2032 2543 2099 invicti

340 2143 594 2227 scripta
638 2136 990 2207 Patavinis
1034 2128 1185 2206 sunt
1227 2141 1705 2219 voluminibus,
1762 2141 1915 2224 quis
1961 2158 2180 2223 opera¹
2216 2136 2541 2213 Suetonii,

340 2245 489 2326 quis
546 2243 838 2309 Juvenci
894 2242 1231 2308 Martialis
1289 2244 1659 2322 historiam,
1725 2245 1960 2328 quisve
2020 2242 2107 2307 ad
2162 2247 2538 2307 extremum

342 2344 539 2412 Balbi
570 2346 1058 2430 ephemeridem
1087 2345 1288 2410 fando
1320 2345 1823 2430 adaequaverit?

854 2560 1302 2626 Tertullianus
1334 2560 1418 2624 de
1450 2561 1677 2625 anima
1707 2579 1854 2645 cap.
1885 2559 1995 2622 44.

425 2693 564 2758 Sed
594 2698 662 2759 et
696 2694 1035 2760 Neronem
1062 2696 1457 2772 SuetoniuS,
1497 2700 1563 2759 et
1591 2691 2123 2778 Thrasymedem
2153 2690 2539 2773 Theopom-

339 2814 468 2879 pus
496 2801 739 2878 negant
755 2817 1046 2881 unquam
1079 2797 1487 2861 somniasse:
1534 2796 1663 2860 nisi
1687 2796 1805 2861 vix
1837 2794 2180 2859 Neronem
2208 2792 2276 2855 in
2300 2790 2538 2854 ultimo

341 2898 525 2962 exitu
554 2905 719 2981 post
756 2919 1038 2983 pavores
1069 2919 1250 2966 suos‚

845 3117 1102 3183 Paulus
1137 3117 1420 3182 Orosius
1450 3115 1603 3180 Lib.
1637 3130 1767 3177 vn.
1801 3134 1952 3198 cap.
1980 3112 2045 3176 9.

421 3248 667 3332 Itaque
712 3251 909 3316 Titus
954 3253 1332 3338 Imperator
1377 3254 1463 3317 ab
1509 3250 1809 3316 exercitu
1866 3246 2335 3336 pronuntiatus
2378 3249 2540 3309 tem-

337 3350 518 3429 plum
545 3352 615 3415 in
649 3352 1143 3439 Hierosolymis
1173 3352 1465 3419 incendit
1512 3372 1593 3416 ac
1638 3351 1843 3415 diruit
1867 3371 1905 3432 ;.
1932 3348 2114 3433 quod
2160 3367 2204 3412 a
2245 3347 2355 3411 die
2384 3365 2541 3411 con-

340 3449 612 3515 ditionis
658 3453 896 3535 primae
935 3476 1152 3540 usque
1186 3455 1275 3522 ad
1308 3455 1487 3520 diem
1520 3453 1887 3517 eversionis
1917 3451 2175 3515 ultimae
2208 3453 2545 3513 manserat

344 3552 541 3615 annis
573 3570 764 3621 mou.
855 3556 1093 3623 Muros
1135 3558 1318 3623 urbis
1362 3557 1691 3622 universae
1739 3555 1891 3620 solo
1939 3552 2369 3636 adaequavit:
2419 3568 2539 3615 Dc.

345 3652 559 3815 mitilia
574 3653 617 3718 J
622 3657 960 3725 udaeorum
982 3680 1064 3726 eo
1095 3661 1275 3727 bello
1305 3658 1677 3736 interfecta,
1709 3656 2068 3723 Cornelius
2095 3661 2163 3720 et
2186 3652 2542 3719 Suetonius

357 3770 430 3815 re
457 3763 655 3821 erunt.

487 3963 723 4035 Auctor
753 3971 1065 4047 Historiae
1101 3980 1429 4046 Miscellae
1460 3979 1665 4044 Libro
1698 3994 1803 4042 vr.
1836 3975 1921 4041 de
1952 3974 2142 4042 Julio
2166 3970 2437 4037 Caesare

1289 4084 1590 4168 loquens.

481 4182 670 4295 {Iane
691 4188 1015 4259 historiam
1044 4199 1419 4265 Suetonius
1437 4197 1883 4283 Tranquillus
1915 4194 2302 4281 plenissime
2325 4188 2540 4273 expli·

416 4291 560 4363 cuit,
583 4289 745 4374 cujus
767 4312 868 4359 nos
898 4308 1361 4384 competentes
1390 4302 1851 4387 portiunculas
1893 4296 2369 4382 decerpsimus.
