<?xml version="1.0" encoding="UTF-8"?>
<!DOCTYPE html PUBLIC "-//W3C//DTD XHTML 1.0 Transitional//EN"
    "http://www.w3.org/TR/xhtml1/DTD/xhtml1-transitional.dtd">
<html xmlns="http://www.w3.org/1999/xhtml" xml:lang="en" lang="en">
 <head>
  <title>
</title>
<meta http-equiv="Content-Type" content="text/html;charset=utf-8" />
  <meta name='ocr-system' content='tesseract 3.04.00' />
  <meta name='ocr-capabilities' content='ocr_page ocr_carea ocr_par ocr_line ocrx_word'/>
</head>
<body>
  <div class='ocr_page' id='page_1' title='image "./operaomniaexedi04suetgoog_0523.png"; bbox 0 0 3019 4922; ppageno 0'>
   <div class='ocr_carea' id='block_1_1' title="bbox 1249 386 2639 478">
    <p class='ocr_par' dir='ltr' id='par_1_1' title="bbox 1249 386 2639 478">
     <span class='ocr_line' id='line_1_1' title="bbox 1249 386 2639 478; baseline 0.009 -38"><span class='ocrx_word' id='word_1_1' title='bbox 1249 392 1627 444; x_wconf 68' lang='lat' dir='ltr'><strong>rimemus.</strong></span> <span class='ocrx_word' id='word_1_2' title='bbox 1910 464 1923 475; x_wconf 41' lang='lat'><strong>·</strong></span> <span class='ocrx_word' id='word_1_3' title='bbox 2423 386 2554 462; x_wconf 62' lang='lat'><strong>511</strong></span> <span class='ocrx_word' id='word_1_4' title='bbox 2635 474 2639 478; x_wconf 86' lang='lat'><strong>.</strong></span> 
     </span>
    </p>
   </div>
   <div class='ocr_carea' id='block_1_2' title="bbox 359 537 2576 1760">
    <p class='ocr_par' dir='ltr' id='par_1_2' title="bbox 359 537 2576 1760">
     <span class='ocr_line' id='line_1_2' title="bbox 366 537 2550 625; baseline 0.004 -21"><span class='ocrx_word' id='word_1_5' title='bbox 366 537 717 604; x_wconf 83' lang='lat' dir='ltr'><strong>tulantiam</strong></span> <span class='ocrx_word' id='word_1_6' title='bbox 773 539 1016 621; x_wconf 76' lang='lat' dir='ltr'><strong>linguae</strong></span> <span class='ocrx_word' id='word_1_7' title='bbox 1064 539 1477 625; x_wconf 81' lang='lat' dir='ltr'>objurgasse,</span> <span class='ocrx_word' id='word_1_8' title='bbox 1532 548 1825 605; x_wconf 86' lang='lat' dir='ltr'><strong>ceterum</strong></span> <span class='ocrx_word' id='word_1_9' title='bbox 1875 549 2035 625; x_wconf 82' lang='lat' dir='ltr'><strong>post</strong></span> <span class='ocrx_word' id='word_1_10' title='bbox 2090 562 2347 624; x_wconf 82' lang='lat' dir='ltr'><strong>paucos</strong></span> <span class='ocrx_word' id='word_1_11' title='bbox 2404 546 2550 611; x_wconf 87' lang='lat' dir='ltr'><strong>dies</strong></span> 
     </span>
     <span class='ocr_line' id='line_1_3' title="bbox 364 637 2552 727; baseline 0.002 -17"><span class='ocrx_word' id='word_1_12' title='bbox 364 642 721 724; x_wconf 87' lang='lat' dir='ltr'><strong>scripsisse</strong></span> <span class='ocrx_word' id='word_1_13' title='bbox 765 643 1066 717; x_wconf 87' lang='lat' dir='ltr'><strong>Senatui,</strong></span> <span class='ocrx_word' id='word_1_14' title='bbox 1096 653 1175 708; x_wconf 80' lang='lat' dir='ltr'><strong>ut</strong></span> <span class='ocrx_word' id='word_1_15' title='bbox 1195 643 1277 707; x_wconf 89' lang='lat' dir='ltr'><strong>de</strong></span> <span class='ocrx_word' id='word_1_16' title='bbox 1318 637 1523 726; x_wconf 80' lang='lat' dir='ltr'><strong>poena</strong></span> <span class='ocrx_word' id='word_1_17' title='bbox 1556 643 1832 709; x_wconf 83' lang='lat' dir='ltr'><strong>Paeonii</strong></span> <span class='ocrx_word' id='word_1_18' title='bbox 1876 646 2377 727; x_wconf 82' lang='lat' dir='ltr'><strong>quamprimum</strong></span> <span class='ocrx_word' id='word_1_19' title='bbox 2416 654 2552 714; x_wconf 81' lang='lat' dir='ltr'><strong>sta-</strong></span> 
     </span>
     <span class='ocr_line' id='line_1_4' title="bbox 361 741 2551 829; baseline 0.004 -22"><span class='ocrx_word' id='word_1_20' title='bbox 361 749 600 808; x_wconf 86' lang='lat' dir='ltr'><strong>tueret.</strong></span> <span class='ocrx_word' id='word_1_21' title='bbox 685 743 852 828; x_wconf 65' lang='lat'>[62]</span> <span class='ocrx_word' id='word_1_22' title='bbox 893 744 1116 810; x_wconf 86' lang='lat' dir='ltr'><strong>Auxit</strong></span> <span class='ocrx_word' id='word_1_23' title='bbox 1146 745 1556 829; x_wconf 83' lang='lat' dir='ltr'>intenditque</span> <span class='ocrx_word' id='word_1_24' title='bbox 1584 747 1933 823; x_wconf 81' lang='lat' dir='ltr'><strong>saevitiam,</strong></span> <span class='ocrx_word' id='word_1_25' title='bbox 1974 749 2411 813; x_wconf 82' lang='lat' dir='ltr'><strong>exacerbatus</strong></span> <span class='ocrx_word' id='word_1_26' title='bbox 2449 741 2551 816; x_wconf 47' lang='lat' dir='ltr'><strong>in*-</strong></span> 
     </span>
     <span class='ocr_line' id='line_1_5' title="bbox 363 844 2552 931; baseline 0.003 -19"><span class='ocrx_word' id='word_1_27' title='bbox 363 844 586 912; x_wconf 84' lang='lat' dir='ltr'><strong>dicio⁶</strong></span> <span class='ocrx_word' id='word_1_28' title='bbox 614 845 699 909; x_wconf 86' lang='lat' dir='ltr'><strong>de</strong></span> <span class='ocrx_word' id='word_1_29' title='bbox 732 855 941 912; x_wconf 86' lang='lat' dir='ltr'><strong>morte</strong></span> <span class='ocrx_word' id='word_1_30' title='bbox 973 847 1092 911; x_wconf 90' lang='lat' dir='ltr'><strong>filii</strong></span> <span class='ocrx_word' id='word_1_31' title='bbox 1122 848 1231 912; x_wconf 89' lang='lat' dir='ltr'><strong>sui</strong></span> <span class='ocrx_word' id='word_1_32' title='bbox 1265 847 1506 912; x_wconf 86' lang='lat' dir='ltr'><strong>Drusi:</strong></span> <span class='ocrx_word' id='word_1_33' title='bbox 1540 868 1739 931; x_wconf 90' lang='lat' dir='ltr'><strong>quem</strong></span> <span class='ocrx_word' id='word_1_34' title='bbox 1771 868 1919 912; x_wconf 90' lang='lat' dir='ltr'><strong>cum</strong></span> <span class='ocrx_word' id='word_1_35' title='bbox 1948 850 2183 913; x_wconf 83' lang='lat' dir='ltr'><strong>morb&#39;o</strong></span> <span class='ocrx_word' id='word_1_36' title='bbox 2215 859 2283 914; x_wconf 87' lang='lat' dir='ltr'><strong>et</strong></span> <span class='ocrx_word' id='word_1_37' title='bbox 2317 852 2552 918; x_wconf 87' lang='lat' dir='ltr'><strong>intem·</strong></span> 
     </span>
     <span class='ocr_line' id='line_1_6' title="bbox 361 949 2550 1033; baseline 0.004 -22"><span class='ocrx_word' id='word_1_38' title='bbox 361 949 663 1030; x_wconf 85' lang='lat' dir='ltr'><strong>perantia</strong></span> <span class='ocrx_word' id='word_1_39' title='bbox 687 951 944 1033; x_wconf 86' lang='lat' dir='ltr'><strong>perisse</strong></span> <span class='ocrx_word' id='word_1_40' title='bbox 974 952 1413 1029; x_wconf 85' lang='lat' dir='ltr'><strong>existimaret,</strong></span> <span class='ocrx_word' id='word_1_41' title='bbox 1438 957 1513 1016; x_wconf 91' lang='lat' dir='ltr'><strong>ut</strong></span> <span class='ocrx_word' id='word_1_42' title='bbox 1544 951 1812 1016; x_wconf 89' lang='lat' dir='ltr'><strong>tandem</strong></span> <span class='ocrx_word' id='word_1_43' title='bbox 1840 972 2095 1017; x_wconf 83' lang='lat' dir='ltr'><strong>veneno</strong></span> <span class='ocrx_word' id='word_1_44' title='bbox 2130 953 2550 1020; x_wconf 84' lang='lat' dir='ltr'><strong>interemtum</strong></span> 
     </span>
     <span class='ocr_line' id='line_1_7' title="bbox 360 1050 2556 1140; baseline 0.004 -27"><span class='ocrx_word' id='word_1_45' title='bbox 360 1050 594 1116; x_wconf 74' lang='lat' dir='ltr'><strong>fraude</strong></span> <span class='ocrx_word' id='word_1_46' title='bbox 626 1053 889 1117; x_wconf 86' lang='lat' dir='ltr'><strong>Livillae</strong></span> <span class='ocrx_word' id='word_1_47' title='bbox 909 1060 933 1101; x_wconf 95' lang='lat'>⁷</span> <span class='ocrx_word' id='word_1_48' title='bbox 954 1061 981 1086; x_wconf 63' lang='lat' dir='ltr'>V</span> <span class='ocrx_word' id='word_1_49' title='bbox 1014 1055 1247 1120; x_wconf 84' lang='lat' dir='ltr'><strong>uxoris</strong></span> <span class='ocrx_word' id='word_1_50' title='bbox 1274 1061 1476 1138; x_wconf 81' lang='lat' dir='ltr'><strong>atque</strong></span> <span class='ocrx_word' id='word_1_51' title='bbox 1523 1054 1747 1140; x_wconf 87' lang='lat' dir='ltr'><strong>Sejani</strong></span> <span class='ocrx_word' id='word_1_52' title='bbox 1789 1057 2126 1138; x_wconf 84' lang='lat' dir='ltr'><strong>cognovit,</strong></span> <span class='ocrx_word' id='word_1_53' title='bbox 2165 1075 2382 1139; x_wconf 83' lang='lat' dir='ltr'><strong>neque</strong></span> <span class='ocrx_word' id='word_1_54' title='bbox 2413 1066 2556 1122; x_wconf 73' lang='lat' dir='ltr'><strong>tor-</strong></span> 
     </span>
     <span class='ocr_line' id='line_1_8' title="bbox 360 1154 2551 1245; baseline 0.004 -29"><span class='ocrx_word' id='word_1_55' title='bbox 360 1154 601 1218; x_wconf 89' lang='lat' dir='ltr'><strong>mentis</strong></span> <span class='ocrx_word' id='word_1_56' title='bbox 630 1175 849 1240; x_wconf 87' lang='lat' dir='ltr'><strong>neque</strong></span> <span class='ocrx_word' id='word_1_57' title='bbox 881 1158 1212 1240; x_wconf 87' lang='lat' dir='ltr'><strong>supplicio</strong></span> <span class='ocrx_word' id='word_1_58' title='bbox 1260 1158 1658 1242; x_wconf 82' lang='lat' dir='ltr'><strong>cujusquam</strong></span> <span class='ocrx_word' id='word_1_59' title='bbox 1687 1160 2013 1243; x_wconf 82' lang='lat' dir='ltr'><strong>pepercit3</strong></span> <span class='ocrx_word' id='word_1_60' title='bbox 2059 1158 2187 1223; x_wconf 89' lang='lat' dir='ltr'><strong>soli</strong></span> <span class='ocrx_word' id='word_1_61' title='bbox 2216 1160 2369 1224; x_wconf 85' lang='lat' dir='ltr'><strong>huic</strong></span> <span class='ocrx_word' id='word_1_62' title='bbox 2398 1181 2551 1245; x_wconf 85' lang='lat' dir='ltr'><strong>cog-</strong></span> 
     </span>
     <span class='ocr_line' id='line_1_9' title="bbox 360 1256 2551 1341; baseline 0.004 -22"><span class='ocrx_word' id='word_1_63' title='bbox 360 1256 592 1320; x_wconf 79' lang='lat' dir='ltr'><strong>nitioni</strong></span> <span class='ocrx_word' id='word_1_64' title='bbox 626 1258 796 1323; x_wconf 89' lang='lat' dir='ltr'><strong>adeo</strong></span> <span class='ocrx_word' id='word_1_65' title='bbox 820 1279 941 1341; x_wconf 85' lang='lat' dir='ltr'><strong>per</strong></span> <span class='ocrx_word' id='word_1_66' title='bbox 965 1267 1142 1324; x_wconf 88' lang='lat' dir='ltr'><strong>totos</strong></span> <span class='ocrx_word' id='word_1_67' title='bbox 1173 1259 1316 1324; x_wconf 84' lang='lat' dir='ltr'><strong>dies</strong></span> <span class='ocrx_word' id='word_1_68' title='bbox 1333 1273 1363 1299; x_wconf 84' lang='lat'><strong>¹·</strong></span> <span class='ocrx_word' id='word_1_69' title='bbox 1393 1260 1660 1330; x_wconf 81' lang='lat' dir='ltr'><strong>dedit-us</strong></span> <span class='ocrx_word' id='word_1_70' title='bbox 1690 1269 1759 1326; x_wconf 89' lang='lat' dir='ltr'><strong>et</strong></span> <span class='ocrx_word' id='word_1_71' title='bbox 1783 1263 2092 1338; x_wconf 81' lang='lat' dir='ltr'><strong>intentuS,</strong></span> <span class='ocrx_word' id='word_1_72' title='bbox 2116 1273 2188 1325; x_wconf 85' lang='lat' dir='ltr'><strong>ut</strong></span> <span class='ocrx_word' id='word_1_73' title='bbox 2211 1262 2551 1328; x_wconf 86' lang='lat' dir='ltr'><strong>Rhodien-</strong></span> 
     </span>
     <span class='ocr_line' id='line_1_10' title="bbox 360 1360 2550 1446; baseline 0.004 -24"><span class='ocrx_word' id='word_1_74' title='bbox 360 1379 500 1422; x_wconf 85' lang='lat' dir='ltr'><strong>sem</strong></span> <span class='ocrx_word' id='word_1_75' title='bbox 532 1360 887 1445; x_wconf 83' lang='lat' dir='ltr'><strong>hospitem,</strong></span> <span class='ocrx_word' id='word_1_76' title='bbox 919 1382 1114 1446; x_wconf 92' lang='lat' dir='ltr'><strong>quem</strong></span> <span class='ocrx_word' id='word_1_77' title='bbox 1143 1364 1582 1434; x_wconf 74' lang='lat' dir='ltr'><strong>familiaribus</strong></span> <span class='ocrx_word' id='word_1_78' title='bbox 1612 1365 1821 1429; x_wconf 67' lang='lat' dir='ltr'><strong>literis</strong></span> <span class='ocrx_word' id='word_1_79' title='bbox 1862 1364 2148 1430; x_wconf 85' lang='lat' dir='ltr'><strong>Romam</strong></span> <span class='ocrx_word' id='word_1_80' title='bbox 2178 1367 2550 1444; x_wconf 54' lang='lat' dir='ltr'><strong>evocarat?</strong></span> 
     </span>
     <span class='ocr_line' id='line_1_11' title="bbox 359 1463 2576 1552; baseline 0.004 -26"><span class='ocrx_word' id='word_1_81' title='bbox 359 1463 714 1528; x_wconf 88' lang='lat' dir='ltr'><strong>advenisse</strong></span> <span class='ocrx_word' id='word_1_82' title='bbox 745 1465 877 1528; x_wconf 86' lang='lat' dir='ltr'><strong>sibi</strong></span> <span class='ocrx_word' id='word_1_83' title='bbox 906 1466 1302 1544; x_wconf 83' lang='lat' dir='ltr'><strong>nuntiatum,</strong></span> <span class='ocrx_word' id='word_1_84' title='bbox 1339 1467 1636 1550; x_wconf 72' lang='lat' dir='ltr'><strong>torqueri</strong></span> <span class='ocrx_word' id='word_1_85' title='bbox 1660 1468 1804 1531; x_wconf 83' lang='lat' dir='ltr'><strong>sine</strong></span> <span class='ocrx_word' id='word_1_86' title='bbox 1825 1487 2009 1532; x_wconf 88' lang='lat' dir='ltr'><strong>mora</strong></span> <span class='ocrx_word' id='word_1_87' title='bbox 2030 1467 2328 1550; x_wconf 83' lang='lat' dir='ltr'><strong>jusserit,</strong></span> <span class='ocrx_word' id='word_1_88' title='bbox 2352 1465 2576 1552; x_wconf 82' lang='lat' dir='ltr'><strong>quasi</strong></span> 
     </span>
     <span class='ocr_line' id='line_1_12' title="bbox 359 1566 2550 1652; baseline 0.005 -24"><span class='ocrx_word' id='word_1_89' title='bbox 359 1566 606 1649; x_wconf 86' lang='lat' dir='ltr'><strong>aliquis</strong></span> <span class='ocrx_word' id='word_1_90' title='bbox 640 1587 727 1631; x_wconf 84' lang='lat' dir='ltr'><strong>ex</strong></span> <span class='ocrx_word' id='word_1_91' title='bbox 765 1569 1156 1633; x_wconf 77' lang='lat' dir='ltr'><strong>necessariis</strong></span> <span class='ocrx_word' id='word_1_92' title='bbox 1193 1572 1651 1652; x_wconf 61' lang='lat' dir='ltr'><strong>quaestioniw</strong></span> <span class='ocrx_word' id='word_1_93' title='bbox 1682 1570 1988 1649; x_wconf 82' lang='lat' dir='ltr'><strong>adesset3</strong></span> <span class='ocrx_word' id='word_1_94' title='bbox 2037 1570 2299 1648; x_wconf 87' lang='lat' dir='ltr'><strong>deinde,</strong></span> <span class='ocrx_word' id='word_1_95' title='bbox 2333 1592 2550 1638; x_wconf 86' lang='lat' dir='ltr'><strong>errore</strong></span> 
     </span>
     <span class='ocr_line' id='line_1_13' title="bbox 360 1669 2551 1760; baseline 0.003 -26"><span class='ocrx_word' id='word_1_96' title='bbox 360 1669 651 1749; x_wconf 80' lang='lat' dir='ltr'><strong>detecte,</strong></span> <span class='ocrx_word' id='word_1_97' title='bbox 679 1679 750 1735; x_wconf 84' lang='lat' dir='ltr'><strong>et</strong></span> <span class='ocrx_word' id='word_1_98' title='bbox 778 1671 1018 1750; x_wconf 87' lang='lat' dir='ltr'><strong>occidi,</strong></span> <span class='ocrx_word' id='word_1_99' title='bbox 1050 1693 1131 1737; x_wconf 89' lang='lat' dir='ltr'><strong>ne</strong></span> <span class='ocrx_word' id='word_1_100' title='bbox 1163 1672 1533 1757; x_wconf 75' lang='lat' dir='ltr'><strong>divulgaret</strong></span> <span class='ocrx_word' id='word_1_101' title='bbox 1562 1675 1888 1760; x_wconf 86' lang='lat' dir='ltr'><strong>injuriam.</strong></span> <span class='ocrx_word' id='word_1_102' title='bbox 1958 1673 2375 1738; x_wconf 79' lang='lat' dir='ltr'><strong>Carnificiuae</strong></span> <span class='ocrx_word' id='word_1_103' title='bbox 2406 1675 2551 1759; x_wconf 86' lang='lat' dir='ltr'><strong>ejus</strong></span> 
     </span>
    </p>
   </div>
   <div class='ocr_carea' id='block_1_3' title="bbox 355 1901 2554 2227">
    <p class='ocr_par' dir='ltr' id='par_1_3' title="bbox 355 1901 2554 2227">
     <span class='ocr_line' id='line_1_14' title="bbox 422 1901 2551 1968; baseline 0.001 -19"><span class='ocrx_word' id='word_1_104' title='bbox 422 1908 450 1931; x_wconf 84' lang='lat'><strong>¹⁸</strong></span> <span class='ocrx_word' id='word_1_105' title='bbox 483 1901 585 1950; x_wconf 82' lang='lat' dir='ltr'><strong>Per</strong></span> <span class='ocrx_word' id='word_1_106' title='bbox 595 1902 809 1964; x_wconf 71' lang='lat' dir='ltr'><strong>integ-ros</strong></span> <span class='ocrx_word' id='word_1_107' title='bbox 826 1904 927 1953; x_wconf 75' lang='lat' dir='ltr'><strong>dies</strong></span> <span class='ocrx_word' id='word_1_108' title='bbox 947 1906 1017 1954; x_wconf 77' lang='lat' dir='ltr'><strong>ita</strong></span> <span class='ocrx_word' id='word_1_109' title='bbox 1038 1906 1257 1955; x_wconf 72' lang='lat' dir='ltr'><strong>addictus</strong></span> <span class='ocrx_word' id='word_1_110' title='bbox 1279 1910 1328 1954; x_wconf 79' lang='lat' dir='ltr'><strong>et</strong></span> <span class='ocrx_word' id='word_1_111' title='bbox 1347 1906 1563 1956; x_wconf 71' lang='lat' dir='ltr'><strong>intentu-3</strong></span> <span class='ocrx_word' id='word_1_112' title='bbox 1582 1906 1691 1956; x_wconf 74' lang='lat' dir='ltr'><strong>huic</strong></span> <span class='ocrx_word' id='word_1_113' title='bbox 1712 1906 1795 1955; x_wconf 81' lang='lat' dir='ltr'><strong>uni</strong></span> <span class='ocrx_word' id='word_1_114' title='bbox 1817 1904 2095 1968; x_wconf 74' lang='lat' dir='ltr'><strong>cognitioni,</strong></span> <span class='ocrx_word' id='word_1_115' title='bbox 2109 1910 2180 1960; x_wconf 77' lang='lat' dir='ltr'><strong>ut,</strong></span> <span class='ocrx_word' id='word_1_116' title='bbox 2201 1919 2306 1954; x_wconf 83' lang='lat' dir='ltr'><strong>cum</strong></span> <span class='ocrx_word' id='word_1_117' title='bbox 2322 1904 2414 1965; x_wconf 68' lang='lat' dir='ltr'><strong>ipsi</strong></span> <span class='ocrx_word' id='word_1_118' title='bbox 2431 1918 2551 1953; x_wconf 70' lang='lat' dir='ltr'><strong>nun·</strong></span> 
     </span>
     <span class='ocr_line' id='line_1_15' title="bbox 355 1965 2554 2033; baseline 0.003 -21"><span class='ocrx_word' id='word_1_119' title='bbox 355 1965 529 2013; x_wconf 62' lang='lat' dir='ltr'><strong>titutum</strong></span> <span class='ocrx_word' id='word_1_120' title='bbox 548 1972 664 2015; x_wconf 69' lang='lat' dir='ltr'><strong>esset</strong></span> <span class='ocrx_word' id='word_1_121' title='bbox 682 1969 925 2018; x_wconf 70' lang='lat' dir='ltr'><strong>advenisse</strong></span> <span class='ocrx_word' id='word_1_122' title='bbox 944 1971 1171 2031; x_wconf 71' lang='lat' dir='ltr'><strong>hospitem</strong></span> <span class='ocrx_word' id='word_1_123' title='bbox 1190 1970 1515 2026; x_wconf 67' lang='lat' dir='ltr'><strong>Rhodiam-m,</strong></span> <span class='ocrx_word' id='word_1_124' title='bbox 1540 1985 1677 2033; x_wconf 82' lang='lat' dir='ltr'><strong>quem</strong></span> <span class='ocrx_word' id='word_1_125' title='bbox 1689 1971 1996 2020; x_wconf 69' lang='lat' dir='ltr'><strong>accersiverat</strong></span> <span class='ocrx_word' id='word_1_126' title='bbox 2014 1971 2216 2019; x_wconf 80' lang='lat' dir='ltr'><strong>Romam</strong></span> <span class='ocrx_word' id='word_1_127' title='bbox 2224 1969 2554 2029; x_wconf 71' lang='lat' dir='ltr'><strong>familiaribus</strong></span> 
     </span>
     <span class='ocr_line' id='line_1_16' title="bbox 356 2031 2551 2098; baseline 0.001 -21"><span class='ocrx_word' id='word_1_128' title='bbox 356 2031 582 2091; x_wconf 71' lang='lat' dir='ltr'><strong>epistolis,</strong></span> <span class='ocrx_word' id='word_1_129' title='bbox 603 2032 905 2093; x_wconf 74' lang='lat' dir='ltr'><strong>imperat-erit</strong></span> <span class='ocrx_word' id='word_1_130' title='bbox 937 2037 1072 2083; x_wconf 81' lang='lat' dir='ltr'><strong>illum</strong></span> <span class='ocrx_word' id='word_1_131' title='bbox 1105 2035 1350 2094; x_wconf 69' lang='lat' dir='ltr'><strong>confestim</strong></span> <span class='ocrx_word' id='word_1_132' title='bbox 1382 2036 1665 2092; x_wconf 75' lang='lat' dir='ltr'><strong>excruciari,</strong></span> <span class='ocrx_word' id='word_1_133' title='bbox 1700 2042 1926 2098; x_wconf 80' lang='lat' dir='ltr'><strong>tanquam</strong></span> <span class='ocrx_word' id='word_1_134' title='bbox 1959 2036 2159 2098; x_wconf 76' lang='lat' dir='ltr'><strong>aliquem</strong></span> <span class='ocrx_word' id='word_1_135' title='bbox 2191 2050 2254 2084; x_wconf 81' lang='lat' dir='ltr'><strong>ex</strong></span> <span class='ocrx_word' id='word_1_136' title='bbox 2287 2033 2454 2083; x_wconf 73' lang='lat' dir='ltr'><strong>amicis</strong></span> <span class='ocrx_word' id='word_1_137' title='bbox 2474 2049 2551 2081; x_wconf 80' lang='lat' dir='ltr'><strong>re-</strong></span> 
     </span>
     <span class='ocr_line' id='line_1_17' title="bbox 358 2097 2551 2163; baseline 0.003 -22"><span class='ocrx_word' id='word_1_138' title='bbox 358 2109 507 2158; x_wconf 77' lang='lat' dir='ltr'><strong>orum,</strong></span> <span class='ocrx_word' id='word_1_139' title='bbox 541 2097 623 2159; x_wconf 78' lang='lat' dir='ltr'><strong>qui</strong></span> <span class='ocrx_word' id='word_1_140' title='bbox 645 2097 891 2147; x_wconf 71' lang='lat' dir='ltr'><strong>interesset</strong></span> <span class='ocrx_word' id='word_1_141' title='bbox 916 2099 1211 2162; x_wconf 70' lang='lat' dir='ltr'><strong>inquisitioni</strong></span> <span class='ocrx_word' id='word_1_142' title='bbox 1223 2117 1239 2147; x_wconf 85' lang='lat'><strong>.-</strong></span> <span class='ocrx_word' id='word_1_143' title='bbox 1272 2106 1412 2163; x_wconf 71' lang='lat' dir='ltr'><strong>atque</strong></span> <span class='ocrx_word' id='word_1_144' title='bbox 1440 2116 1546 2149; x_wconf 76' lang='lat' dir='ltr'><strong>cum</strong></span> <span class='ocrx_word' id='word_1_145' title='bbox 1579 2115 1710 2151; x_wconf 83' lang='lat' dir='ltr'><strong>error</strong></span> <span class='ocrx_word' id='word_1_146' title='bbox 1746 2102 2097 2150; x_wconf 69' lang='lat' dir='ltr'><strong>animadversus</strong></span> <span class='ocrx_word' id='word_1_147' title='bbox 2130 2105 2267 2156; x_wconf 68' lang='lat' dir='ltr'><strong>esset,</strong></span> <span class='ocrx_word' id='word_1_148' title='bbox 2300 2098 2551 2162; x_wconf 79' lang='lat' dir='ltr'><strong>imperavit</strong></span> 
     </span>
     <span class='ocr_line' id='line_1_18' title="bbox 356 2159 1496 2227; baseline 0.006 -20"><span class='ocrx_word' id='word_1_149' title='bbox 356 2159 683 2226; x_wconf 11' lang='lat' dir='ltr'><strong>illumtquoqtoe</strong></span> <span class='ocrx_word' id='word_1_150' title='bbox 702 2163 867 2221; x_wconf 79' lang='lat' dir='ltr'><strong>occidi,</strong></span> <span class='ocrx_word' id='word_1_151' title='bbox 890 2179 947 2213; x_wconf 76' lang='lat' dir='ltr'><strong>nc</strong></span> <span class='ocrx_word' id='word_1_152' title='bbox 967 2165 1235 2227; x_wconf 71' lang='lat' dir='ltr'><strong>divulgaret</strong></span> <span class='ocrx_word' id='word_1_153' title='bbox 1257 2165 1496 2227; x_wconf 66' lang='lat' dir='ltr'><strong>injuriam.</strong></span> 
     </span>
    </p>
   </div>
   <div class='ocr_carea' id='block_1_4' title="bbox 1272 2345 1634 2382">
    <p class='ocr_par' dir='ltr' id='par_1_4' title="bbox 1272 2345 1634 2382">
     <span class='ocr_line' id='line_1_19' title="bbox 1272 2345 1634 2382; baseline -0.003 -2"><span class='ocrx_word' id='word_1_154' title='bbox 1272 2362 1298 2380; x_wconf 71' lang='grc' dir='ltr'><em>ο</em></span> <span class='ocrx_word' id='word_1_155' title='bbox 1305 2360 1513 2382; x_wconf 68' lang='lat' dir='ltr'><strong>eeeeeee</strong></span> <span class='ocrx_word' id='word_1_156' title='bbox 1519 2361 1570 2380; x_wconf 70' lang='lat' dir='ltr'><strong>ee</strong></span> <span class='ocrx_word' id='word_1_157' title='bbox 1579 2345 1634 2379; x_wconf 46' lang='grc' dir='ltr'><strong>μ’,</strong></span> 
     </span>
    </p>
   </div>
   <div class='ocr_carea' id='block_1_5' title="bbox 356 2523 2557 3243">
    <p class='ocr_par' dir='ltr' id='par_1_5' title="bbox 356 2523 2557 3243">
     <span class='ocr_line' id='line_1_20' title="bbox 359 2523 2551 2589; baseline 0.001 -17"><span class='ocrx_word' id='word_1_158' title='bbox 359 2523 535 2572; x_wconf 85' lang='lat' dir='ltr'><strong>Periz.</strong></span> <span class='ocrx_word' id='word_1_159' title='bbox 560 2539 590 2572; x_wconf 86' lang='lat' dir='ltr'><strong>a</strong></span> <span class='ocrx_word' id='word_1_160' title='bbox 613 2539 679 2574; x_wconf 90' lang='lat' dir='ltr'><strong>m.</strong></span> <span class='ocrx_word' id='word_1_161' title='bbox 706 2539 781 2586; x_wconf 83' lang='lat' dir='ltr'><strong>pr.</strong></span> <span class='ocrx_word' id='word_1_162' title='bbox 808 2525 908 2576; x_wconf 85' lang='lat' dir='ltr'><strong>Ed.</strong></span> <span class='ocrx_word' id='word_1_163' title='bbox 931 2527 1079 2578; x_wconf 85' lang='lat' dir='ltr'><strong>Rom.</strong></span> <span class='ocrx_word' id='word_1_164' title='bbox 1106 2531 1312 2576; x_wconf 66' lang='lat' dir='ltr'><strong>see—6</strong></span> <span class='ocrx_word' id='word_1_165' title='bbox 1344 2527 1539 2576; x_wconf 82' lang='lat' dir='ltr'><strong>Judicio</strong></span> <span class='ocrx_word' id='word_1_166' title='bbox 1564 2527 1795 2577; x_wconf 86' lang='lat' dir='ltr'><strong>Harlem.</strong></span> <span class='ocrx_word' id='word_1_167' title='bbox 1818 2526 1975 2576; x_wconf 76' lang='lat' dir='ltr'><strong>vind.</strong></span> <span class='ocrx_word' id='word_1_168' title='bbox 2003 2532 2049 2577; x_wconf 90' lang='lat' dir='ltr'><strong>l.</strong></span> <span class='ocrx_word' id='word_1_169' title='bbox 2091 2524 2231 2575; x_wconf 83' lang='lat' dir='ltr'><strong>Dein</strong></span> <span class='ocrx_word' id='word_1_170' title='bbox 2252 2525 2433 2588; x_wconf 72' lang='lat' dir='ltr'><strong>perisse</strong></span> <span class='ocrx_word' id='word_1_171' title='bbox 2452 2525 2551 2589; x_wconf 84' lang='lat' dir='ltr'><strong>hie,</strong></span> 
     </span>
     <span class='ocr_line' id='line_1_21' title="bbox 358 2589 2550 2656; baseline 0.002 -21"><span class='ocrx_word' id='word_1_172' title='bbox 358 2597 415 2637; x_wconf 83' lang='lat' dir='ltr'><strong>ut</strong></span> <span class='ocrx_word' id='word_1_173' title='bbox 435 2589 573 2644; x_wconf 86' lang='lat' dir='ltr'><strong>alibi,</strong></span> <span class='ocrx_word' id='word_1_174' title='bbox 599 2591 863 2653; x_wconf 75' lang='lat' dir='ltr'><strong>rescripsit</strong></span> <span class='ocrx_word' id='word_1_175' title='bbox 890 2592 1026 2640; x_wconf 81' lang='lat' dir='ltr'><strong>Oud.</strong></span> <span class='ocrx_word' id='word_1_176' title='bbox 1050 2593 1192 2642; x_wconf 84' lang='lat' dir='ltr'><strong>bonis</strong></span> <span class='ocrx_word' id='word_1_177' title='bbox 1218 2593 1346 2641; x_wconf 65' lang='lat' dir='ltr'><strong>Mse.</strong></span> <span class='ocrx_word' id='word_1_178' title='bbox 1373 2592 1665 2641; x_wconf 81' lang='lat' dir='ltr'><strong>auctoribus</strong></span> <span class='ocrx_word' id='word_1_179' title='bbox 1688 2601 1742 2640; x_wconf 87' lang='lat' dir='ltr'><strong>et</strong></span> <span class='ocrx_word' id='word_1_180' title='bbox 1766 2591 1899 2641; x_wconf 84' lang='lat' dir='ltr'><strong>Edd.</strong></span> <span class='ocrx_word' id='word_1_181' title='bbox 1928 2607 2029 2640; x_wconf 89' lang='lat' dir='ltr'><strong>non</strong></span> <span class='ocrx_word' id='word_1_182' title='bbox 2065 2592 2244 2656; x_wconf 82' lang='lat' dir='ltr'><strong>paucis</strong></span> <span class='ocrx_word' id='word_1_183' title='bbox 2286 2605 2380 2651; x_wconf 85' lang='lat' dir='ltr'><strong>pro</strong></span> <span class='ocrx_word' id='word_1_184' title='bbox 2413 2592 2550 2653; x_wconf 83' lang='lat' dir='ltr'><strong>vulg.</strong></span> 
     </span>
     <span class='ocr_line' id='line_1_22' title="bbox 356 2654 2551 2714; baseline 0.002 -12"><span class='ocrx_word' id='word_1_185' title='bbox 356 2654 568 2714; x_wconf 72' lang='lat' dir='ltr'><strong>periisse.</strong></span> <span class='ocrx_word' id='word_1_186' title='bbox 638 2655 827 2703; x_wconf 79' lang='lat' dir='ltr'><strong>Exulat</strong></span> <span class='ocrx_word' id='word_1_187' title='bbox 852 2672 1026 2706; x_wconf 74' lang='lat' dir='ltr'><strong>veneno</strong></span> <span class='ocrx_word' id='word_1_188' title='bbox 1051 2674 1081 2706; x_wconf 85' lang='lat' dir='ltr'><strong>a</strong></span> <span class='ocrx_word' id='word_1_189' title='bbox 1107 2658 1270 2706; x_wconf 74' lang='lat' dir='ltr'><strong>tribus</strong></span> <span class='ocrx_word' id='word_1_190' title='bbox 1294 2658 1440 2706; x_wconf 86' lang='lat' dir='ltr'><strong>Torr.</strong></span> <span class='ocrx_word' id='word_1_191' title='bbox 1467 2658 1633 2708; x_wconf 85' lang='lat' dir='ltr'><strong>Periz.</strong></span> <span class='ocrx_word' id='word_1_192' title='bbox 1655 2659 1815 2707; x_wconf 79' lang='lat' dir='ltr'><strong>vind.</strong></span> <span class='ocrx_word' id='word_1_193' title='bbox 1838 2660 1888 2705; x_wconf 83' lang='lat'><strong>2.</strong></span> <span class='ocrx_word' id='word_1_194' title='bbox 1923 2659 2069 2706; x_wconf 87' lang='lat' dir='ltr'><strong>Cort.</strong></span> <span class='ocrx_word' id='word_1_195' title='bbox 2103 2655 2236 2704; x_wconf 86' lang='lat' dir='ltr'><strong>Edd.</strong></span> <span class='ocrx_word' id='word_1_196' title='bbox 2271 2656 2418 2705; x_wconf 85' lang='lat' dir='ltr'><strong>Rom.</strong></span> <span class='ocrx_word' id='word_1_197' title='bbox 2452 2670 2551 2706; x_wconf 75' lang='lat' dir='ltr'><strong>sec.</strong></span> 
     </span>
     <span class='ocr_line' id='line_1_23' title="bbox 361 2718 2552 2786; baseline 0.002 -23"><span class='ocrx_word' id='word_1_198' title='bbox 361 2718 494 2767; x_wconf 88' lang='lat' dir='ltr'><strong>Ven.</strong></span> <span class='ocrx_word' id='word_1_199' title='bbox 518 2723 563 2766; x_wconf 87' lang='lat'><strong>1.</strong></span> <span class='ocrx_word' id='word_1_200' title='bbox 588 2719 751 2781; x_wconf 79' lang='lat' dir='ltr'><strong>Lugd.</strong></span> <span class='ocrx_word' id='word_1_201' title='bbox 781 2721 897 2770; x_wconf 85' lang='lat' dir='ltr'><strong>Ald.</strong></span> <span class='ocrx_word' id='word_1_202' title='bbox 924 2724 1100 2786; x_wconf 78' lang='lat' dir='ltr'><strong>steph.</strong></span> <span class='ocrx_word' id='word_1_203' title='bbox 1126 2734 1180 2771; x_wconf 81' lang='lat' dir='ltr'><strong>et</strong></span> <span class='ocrx_word' id='word_1_204' title='bbox 1210 2739 1238 2770; x_wconf 83' lang='lat' dir='ltr'><strong>a</strong></span> <span class='ocrx_word' id='word_1_205' title='bbox 1262 2723 1550 2785; x_wconf 78' lang='lat' dir='ltr'><strong>glossatore</strong></span> <span class='ocrx_word' id='word_1_206' title='bbox 1590 2722 1821 2772; x_wconf 84' lang='lat' dir='ltr'><strong>additum</strong></span> <span class='ocrx_word' id='word_1_207' title='bbox 1847 2721 2054 2784; x_wconf 85' lang='lat' dir='ltr'><strong>judicat</strong></span> <span class='ocrx_word' id='word_1_208' title='bbox 2087 2722 2362 2769; x_wconf 66' lang='lat' dir='ltr'><strong>Burrum—7</strong></span> <span class='ocrx_word' id='word_1_209' title='bbox 2397 2720 2552 2768; x_wconf 66' lang='lat' dir='ltr'><strong>Livia.»</strong></span> 
     </span>
     <span class='ocr_line' id='line_1_24' title="bbox 357 2782 2551 2850; baseline 0 -19"><span class='ocrx_word' id='word_1_210' title='bbox 357 2782 591 2837; x_wconf 81' lang='lat' dir='ltr'><strong>Harlem.</strong></span> <span class='ocrx_word' id='word_1_211' title='bbox 615 2785 771 2835; x_wconf 85' lang='lat' dir='ltr'><strong>vind.</strong></span> <span class='ocrx_word' id='word_1_212' title='bbox 791 2790 836 2835; x_wconf 83' lang='lat'><strong>2.</strong></span> <span class='ocrx_word' id='word_1_213' title='bbox 862 2788 1008 2836; x_wconf 82' lang='lat' dir='ltr'><strong>Cort.</strong></span> <span class='ocrx_word' id='word_1_214' title='bbox 1034 2787 1166 2836; x_wconf 88' lang='lat' dir='ltr'><strong>Edd.</strong></span> <span class='ocrx_word' id='word_1_215' title='bbox 1193 2787 1339 2836; x_wconf 86' lang='lat' dir='ltr'><strong>Med.</strong></span> <span class='ocrx_word' id='word_1_216' title='bbox 1365 2787 1497 2836; x_wconf 85' lang='lat' dir='ltr'><strong>Veu.</strong></span> <span class='ocrx_word' id='word_1_217' title='bbox 1520 2794 1587 2837; x_wconf 83' lang='lat' dir='ltr'><strong>tr.</strong></span> <span class='ocrx_word' id='word_1_218' title='bbox 1613 2802 1829 2850; x_wconf 80' lang='lat' dir='ltr'><strong>quarum</strong></span> <span class='ocrx_word' id='word_1_219' title='bbox 1864 2786 2007 2850; x_wconf 85' lang='lat' dir='ltr'><strong>prior</strong></span> <span class='ocrx_word' id='word_1_220' title='bbox 2027 2785 2205 2835; x_wconf 80' lang='lat' dir='ltr'><strong>Levioe.</strong></span> <span class='ocrx_word' id='word_1_221' title='bbox 2268 2786 2397 2833; x_wconf 87' lang='lat' dir='ltr'><strong>Tum</strong></span> <span class='ocrx_word' id='word_1_222' title='bbox 2430 2785 2551 2844; x_wconf 78' lang='lat' dir='ltr'><strong>ejus·</strong></span> 
     </span>
     <span class='ocr_line' id='line_1_25' title="bbox 357 2849 2554 2915; baseline 0.002 -21"><span class='ocrx_word' id='word_1_223' title='bbox 357 2849 465 2897; x_wconf 77' lang='lat' dir='ltr'><strong>dum</strong></span> <span class='ocrx_word' id='word_1_224' title='bbox 496 2864 599 2910; x_wconf 84' lang='lat' dir='ltr'><strong>pep.</strong></span> <span class='ocrx_word' id='word_1_225' title='bbox 624 2849 837 2915; x_wconf 88' lang='lat' dir='ltr'><strong>Cuj.-8</strong></span> <span class='ocrx_word' id='word_1_226' title='bbox 877 2851 1113 2901; x_wconf 82' lang='lat' dir='ltr'><strong>Evocabat</strong></span> <span class='ocrx_word' id='word_1_227' title='bbox 1143 2853 1357 2901; x_wconf 86' lang='lat' dir='ltr'><strong>Memm.</strong></span> <span class='ocrx_word' id='word_1_228' title='bbox 1381 2853 1527 2902; x_wconf 86' lang='lat' dir='ltr'><strong>Dun.</strong></span> <span class='ocrx_word' id='word_1_229' title='bbox 1563 2852 1759 2902; x_wconf 84' lang='lat' dir='ltr'><strong>Medic.</strong></span> <span class='ocrx_word' id='word_1_230' title='bbox 1793 2852 1952 2900; x_wconf 89' lang='lat' dir='ltr'><strong>Polit.</strong></span> <span class='ocrx_word' id='word_1_231' title='bbox 1985 2859 2201 2913; x_wconf 80' lang='lat' dir='ltr'><strong>uterque</strong></span> <span class='ocrx_word' id='word_1_232' title='bbox 2224 2850 2383 2898; x_wconf 79' lang='lat' dir='ltr'><strong>vind.</strong></span> <span class='ocrx_word' id='word_1_233' title='bbox 2408 2851 2554 2899; x_wconf 86' lang='lat' dir='ltr'><strong>Cort.</strong></span> 
     </span>
     <span class='ocr_line' id='line_1_26' title="bbox 359 2912 2556 2981; baseline 0 -21"><span class='ocrx_word' id='word_1_234' title='bbox 359 2912 531 2961; x_wconf 83' lang='lat' dir='ltr'><strong>Periz.</strong></span> <span class='ocrx_word' id='word_1_235' title='bbox 558 2914 707 2964; x_wconf 81' lang='lat' dir='ltr'><strong>Hnls.</strong></span> <span class='ocrx_word' id='word_1_236' title='bbox 737 2916 965 2967; x_wconf 72' lang='lat' dir='ltr'><strong>Han-lem.</strong></span> <span class='ocrx_word' id='word_1_237' title='bbox 989 2917 1110 2980; x_wconf 84' lang='lat' dir='ltr'><strong>an.</strong></span> <span class='ocrx_word' id='word_1_238' title='bbox 1133 2932 1247 2966; x_wconf 88' lang='lat' dir='ltr'><strong>cum</strong></span> <span class='ocrx_word' id='word_1_239' title='bbox 1284 2916 1419 2966; x_wconf 88' lang='lat' dir='ltr'><strong>Edd.</strong></span> <span class='ocrx_word' id='word_1_240' title='bbox 1453 2917 1598 2967; x_wconf 83' lang='lat' dir='ltr'><strong>Vett.</strong></span> <span class='ocrx_word' id='word_1_241' title='bbox 1638 2930 1797 2981; x_wconf 82' lang='lat' dir='ltr'><strong>usque</strong></span> <span class='ocrx_word' id='word_1_242' title='bbox 1840 2917 1902 2965; x_wconf 86' lang='lat' dir='ltr'><strong>ad</strong></span> <span class='ocrx_word' id='word_1_243' title='bbox 1940 2916 2171 2964; x_wconf 72' lang='lat' dir='ltr'><strong>Rom-9</strong></span> <span class='ocrx_word' id='word_1_244' title='bbox 2205 2914 2350 2963; x_wconf 82' lang='lat' dir='ltr'><strong>Corr.</strong></span> <span class='ocrx_word' id='word_1_245' title='bbox 2377 2915 2556 2962; x_wconf 85' lang='lat' dir='ltr'><strong>Burm.</strong></span> 
     </span>
     <span class='ocr_line' id='line_1_27' title="bbox 356 2978 2555 3045; baseline 0.002 -21"><span class='ocrx_word' id='word_1_246' title='bbox 356 2978 492 3038; x_wconf 68' lang='lat' dir='ltr'><strong>quasi</strong></span> <span class='ocrx_word' id='word_1_247' title='bbox 509 2978 653 3029; x_wconf 79' lang='lat' dir='ltr'><strong>alicui</strong></span> <span class='ocrx_word' id='word_1_248' title='bbox 675 2995 736 3029; x_wconf 80' lang='lat' dir='ltr'><strong>ex</strong></span> <span class='ocrx_word' id='word_1_249' title='bbox 755 2995 856 3030; x_wconf 79' lang='lat' dir='ltr'><strong>nec.</strong></span> <span class='ocrx_word' id='word_1_250' title='bbox 875 2981 926 3029; x_wconf 78' lang='lat' dir='ltr'><strong>in</strong></span> <span class='ocrx_word' id='word_1_251' title='bbox 946 2983 1218 3045; x_wconf 68' lang='lat' dir='ltr'><strong>questione.</strong></span> <span class='ocrx_word' id='word_1_252' title='bbox 1253 2983 1381 3031; x_wconf 81' lang='lat' dir='ltr'><strong>Mox</strong></span> <span class='ocrx_word' id='word_1_253' title='bbox 1397 2982 1528 3031; x_wconf 84' lang='lat' dir='ltr'><strong>dant</strong></span> <span class='ocrx_word' id='word_1_254' title='bbox 1539 2984 1757 3044; x_wconf 73' lang='lat' dir='ltr'><strong>vulgaret</strong></span> <span class='ocrx_word' id='word_1_255' title='bbox 1771 2982 1901 3030; x_wconf 84' lang='lat' dir='ltr'><strong>Mss.</strong></span> <span class='ocrx_word' id='word_1_256' title='bbox 1918 2982 2066 3029; x_wconf 82' lang='lat' dir='ltr'><strong>Torr.</strong></span> <span class='ocrx_word' id='word_1_257' title='bbox 2090 2988 2193 3029; x_wconf 79' lang='lat' dir='ltr'><strong>tres</strong></span> <span class='ocrx_word' id='word_1_258' title='bbox 2208 2979 2322 3028; x_wconf 86' lang='lat' dir='ltr'><strong>Pal.</strong></span> <span class='ocrx_word' id='word_1_259' title='bbox 2343 2980 2555 3028; x_wconf 85' lang='lat' dir='ltr'><strong>Memm.</strong></span> 
     </span>
     <span class='ocr_line' id='line_1_28' title="bbox 361 3042 2557 3108; baseline 0.001 -18"><span class='ocrx_word' id='word_1_260' title='bbox 361 3042 501 3092; x_wconf 88' lang='lat' dir='ltr'><strong>Dun.</strong></span> <span class='ocrx_word' id='word_1_261' title='bbox 521 3043 679 3094; x_wconf 84' lang='lat' dir='ltr'><strong>Fouc.</strong></span> <span class='ocrx_word' id='word_1_262' title='bbox 704 3045 875 3095; x_wconf 84' lang='lat' dir='ltr'><strong>Pulm.</strong></span> <span class='ocrx_word' id='word_1_263' title='bbox 896 3047 1090 3097; x_wconf 80' lang='lat' dir='ltr'><strong>Medic.</strong></span> <span class='ocrx_word' id='word_1_264' title='bbox 1112 3047 1268 3096; x_wconf 81' lang='lat' dir='ltr'><strong>vind.</strong></span> <span class='ocrx_word' id='word_1_265' title='bbox 1294 3051 1342 3096; x_wconf 89' lang='lat'><strong>1.</strong></span> <span class='ocrx_word' id='word_1_266' title='bbox 1368 3048 1519 3098; x_wconf 67' lang='lat' dir='ltr'><strong>Voss.</strong></span> <span class='ocrx_word' id='word_1_267' title='bbox 1555 3048 1788 3097; x_wconf 83' lang='lat' dir='ltr'><strong>Harlem.</strong></span> <span class='ocrx_word' id='word_1_268' title='bbox 1820 3048 1971 3096; x_wconf 81' lang='lat' dir='ltr'><strong>Huls.</strong></span> <span class='ocrx_word' id='word_1_269' title='bbox 1996 3046 2127 3108; x_wconf 86' lang='lat' dir='ltr'><strong>Cop.</strong></span> <span class='ocrx_word' id='word_1_270' title='bbox 2153 3044 2270 3108; x_wconf 87' lang='lat' dir='ltr'><strong>Cuj.</strong></span> <span class='ocrx_word' id='word_1_271' title='bbox 2292 3043 2557 3106; x_wconf 68' lang='lat' dir='ltr'><strong>probanti·</strong></span> 
     </span>
     <span class='ocr_line' id='line_1_29' title="bbox 360 3105 2553 3175; baseline 0.001 -20"><span class='ocrx_word' id='word_1_272' title='bbox 360 3105 452 3155; x_wconf 78' lang='lat' dir='ltr'><strong>bus</strong></span> <span class='ocrx_word' id='word_1_273' title='bbox 475 3108 630 3160; x_wconf 84' lang='lat' dir='ltr'><strong>Grnt.</strong></span> <span class='ocrx_word' id='word_1_274' title='bbox 654 3111 832 3160; x_wconf 81' lang='lat' dir='ltr'><strong>Graev.</strong></span> <span class='ocrx_word' id='word_1_275' title='bbox 853 3113 1182 3175; x_wconf 80' lang='lat' dir='ltr'><strong>recipientib.</strong></span> <span class='ocrx_word' id='word_1_276' title='bbox 1212 3114 1389 3162; x_wconf 86' lang='lat' dir='ltr'><strong>Burm.</strong></span> <span class='ocrx_word' id='word_1_277' title='bbox 1427 3113 1570 3162; x_wconf 90' lang='lat' dir='ltr'><strong>Oud.</strong></span> <span class='ocrx_word' id='word_1_278' title='bbox 1605 3112 1763 3162; x_wconf 85' lang='lat' dir='ltr'><strong>Wolf.</strong></span> <span class='ocrx_word' id='word_1_279' title='bbox 1794 3126 1908 3161; x_wconf 87' lang='lat' dir='ltr'><strong>cum</strong></span> <span class='ocrx_word' id='word_1_280' title='bbox 1950 3111 2084 3161; x_wconf 86' lang='lat' dir='ltr'><strong>Edd.</strong></span> <span class='ocrx_word' id='word_1_281' title='bbox 2123 3110 2268 3159; x_wconf 89' lang='lat' dir='ltr'><strong>Vett.</strong></span> <span class='ocrx_word' id='word_1_282' title='bbox 2305 3124 2464 3173; x_wconf 76' lang='lat' dir='ltr'><strong>usqne</strong></span> <span class='ocrx_word' id='word_1_283' title='bbox 2490 3109 2553 3158; x_wconf 86' lang='lat' dir='ltr'><strong>ad</strong></span> 
     </span>
     <span class='ocr_line' id='line_1_30' title="bbox 363 3172 2554 3243; baseline 0.002 -23"><span class='ocrx_word' id='word_1_284' title='bbox 363 3172 603 3225; x_wconf 84' lang='lat' dir='ltr'><strong>Beroald.</strong></span> <span class='ocrx_word' id='word_1_285' title='bbox 626 3177 850 3239; x_wconf 83' lang='lat' dir='ltr'><strong>quicum</strong></span> <span class='ocrx_word' id='word_1_286' title='bbox 875 3179 1074 3229; x_wconf 79' lang='lat' dir='ltr'><strong>Erasm.</strong></span> <span class='ocrx_word' id='word_1_287' title='bbox 1107 3185 1165 3228; x_wconf 85' lang='lat' dir='ltr'><strong>et</strong></span> <span class='ocrx_word' id='word_1_288' title='bbox 1199 3193 1344 3243; x_wconf 79' lang='lat' dir='ltr'><strong>seqq.</strong></span> <span class='ocrx_word' id='word_1_289' title='bbox 1387 3186 1580 3241; x_wconf 71' lang='lat' dir='ltr'><strong>praeter</strong></span> <span class='ocrx_word' id='word_1_290' title='bbox 1606 3179 1786 3241; x_wconf 80' lang='lat' dir='ltr'><strong>Steph.</strong></span> <span class='ocrx_word' id='word_1_291' title='bbox 1807 3178 1859 3227; x_wconf 86' lang='lat' dir='ltr'><strong>di</strong></span> <span class='ocrx_word' id='word_1_292' title='bbox 1882 3176 2113 3240; x_wconf 78' lang='lat' dir='ltr'><strong>adjecit3</strong></span> <span class='ocrx_word' id='word_1_293' title='bbox 2148 3184 2205 3226; x_wconf 91' lang='lat' dir='ltr'><strong>ut</strong></span> <span class='ocrx_word' id='word_1_294' title='bbox 2225 3181 2304 3225; x_wconf 78' lang='lat' dir='ltr'><strong>est</strong></span> <span class='ocrx_word' id='word_1_295' title='bbox 2328 3175 2380 3223; x_wconf 89' lang='lat' dir='ltr'><strong>iu</strong></span> <span class='ocrx_word' id='word_1_296' title='bbox 2406 3173 2554 3225; x_wconf 72' lang='lat' dir='ltr'><strong>Hule.</strong></span> 
     </span>
    </p>
   </div>
   <div class='ocr_carea' id='block_1_6' title="bbox 1344 3378 1563 3430">
    <p class='ocr_par' dir='ltr' id='par_1_6' title="bbox 1344 3378 1563 3430">
     <span class='ocr_line' id='line_1_31' title="bbox 1344 3378 1563 3430; baseline 0 0"><span class='ocrx_word' id='word_1_297' title='bbox 1344 3378 1563 3430; x_wconf 87' lang='lat' dir='ltr'>NOTAE</span> 
     </span>
    </p>
   </div>
   <div class='ocr_carea' id='block_1_7' title="bbox 358 3503 2568 4340">
    <p class='ocr_par' dir='ltr' id='par_1_7' title="bbox 358 3503 2568 4340">
     <span class='ocr_line' id='line_1_32' title="bbox 425 3503 2554 3577; baseline -0.003 -19"><span class='ocrx_word' id='word_1_298' title='bbox 425 3518 449 3543; x_wconf 79' lang='lat' dir='ltr'>v</span> <span class='ocrx_word' id='word_1_299' title='bbox 483 3510 702 3575; x_wconf 75' lang='lat' dir='ltr'><strong>Livinoe]</strong></span> <span class='ocrx_word' id='word_1_300' title='bbox 762 3510 911 3561; x_wconf 80' lang='lat' dir='ltr'><strong>Hanc</strong></span> <span class='ocrx_word' id='word_1_301' title='bbox 950 3512 1144 3561; x_wconf 82' lang='lat' dir='ltr'><strong>Liviam</strong></span> <span class='ocrx_word' id='word_1_302' title='bbox 1185 3512 1417 3577; x_wconf 83' lang='lat' dir='ltr'><strong>appellat</strong></span> <span class='ocrx_word' id='word_1_303' title='bbox 1496 3510 1854 3561; x_wconf 83' lang='lat' dir='ltr'><strong>interfectura.</strong></span> <span class='ocrx_word' id='word_1_304' title='bbox 1897 3510 2029 3561; x_wconf 79' lang='lat' dir='ltr'><strong>Quae</strong></span> <span class='ocrx_word' id='word_1_305' title='bbox 2055 3506 2257 3570; x_wconf 76' lang='lat' dir='ltr'><strong>singula</strong></span> <span class='ocrx_word' id='word_1_306' title='bbox 2278 3503 2393 3554; x_wconf 76' lang='lat' dir='ltr'><strong>fuse</strong></span> <span class='ocrx_word' id='word_1_307' title='bbox 2416 3506 2554 3568; x_wconf 78' lang='lat' dir='ltr'><strong>apud</strong></span> 
     </span>
     <span class='ocr_line' id='line_1_33' title="bbox 360 3585 2202 3649; baseline -0.001 -15"><span class='ocrx_word' id='word_1_308' title='bbox 360 3586 548 3649; x_wconf 81' lang='lat' dir='ltr'><strong>ubique</strong></span> <span class='ocrx_word' id='word_1_309' title='bbox 570 3589 804 3649; x_wconf 80' lang='lat' dir='ltr'><strong>Tacitus,</strong></span> <span class='ocrx_word' id='word_1_310' title='bbox 835 3588 924 3637; x_wconf 81' lang='lat' dir='ltr'><strong>sed</strong></span> <span class='ocrx_word' id='word_1_311' title='bbox 955 3589 1237 3638; x_wconf 76' lang='lat' dir='ltr'><strong>Suetonius</strong></span> <span class='ocrx_word' id='word_1_312' title='bbox 1255 3587 1416 3638; x_wconf 83' lang='lat' dir='ltr'><strong>foemi·</strong></span> <span class='ocrx_word' id='word_1_313' title='bbox 1493 3585 1941 3636; x_wconf 70' lang='lat' dir='ltr'><strong>TacitumAnual.</strong></span> <span class='ocrx_word' id='word_1_314' title='bbox 1968 3597 2044 3633; x_wconf 74' lang='lat' dir='ltr'><strong>lv.</strong></span> <span class='ocrx_word' id='word_1_315' title='bbox 2067 3589 2122 3632; x_wconf 87' lang='lat' dir='ltr'><strong>et</strong></span> <span class='ocrx_word' id='word_1_316' title='bbox 2146 3596 2202 3632; x_wconf 76' lang='lat' dir='ltr'><strong>v-</strong></span> 
     </span>
     <span class='ocr_line' id='line_1_34' title="bbox 358 3659 2556 3726; baseline -0.002 -13"><span class='ocrx_word' id='word_1_317' title='bbox 358 3678 538 3713; x_wconf 78' lang='lat' dir='ltr'><strong>uar-um</strong></span> <span class='ocrx_word' id='word_1_318' title='bbox 595 3668 804 3715; x_wconf 85' lang='lat' dir='ltr'><strong>nomina</strong></span> <span class='ocrx_word' id='word_1_319' title='bbox 851 3666 947 3715; x_wconf 84' lang='lat' dir='ltr'><strong>hoe</strong></span> <span class='ocrx_word' id='word_1_320' title='bbox 1001 3665 1153 3714; x_wconf 85' lang='lat' dir='ltr'><strong>modo</strong></span> <span class='ocrx_word' id='word_1_321' title='bbox 1195 3664 1414 3717; x_wconf 75' lang='lat' dir='ltr'><strong>formare</strong></span> <span class='ocrx_word' id='word_1_322' title='bbox 1561 3672 1594 3697; x_wconf 78' lang='lat' dir='ltr'><strong>w</strong></span> <span class='ocrx_word' id='word_1_323' title='bbox 1653 3661 1942 3726; x_wconf 68' lang='lat' dir='ltr'><strong>Quaestioni]</strong></span> <span class='ocrx_word' id='word_1_324' title='bbox 2003 3660 2126 3709; x_wconf 88' lang='lat' dir='ltr'><strong>Non</strong></span> <span class='ocrx_word' id='word_1_325' title='bbox 2172 3659 2239 3707; x_wconf 81' lang='lat' dir='ltr'><strong>de</strong></span> <span class='ocrx_word' id='word_1_326' title='bbox 2285 3659 2556 3708; x_wconf 81' lang='lat' dir='ltr'><strong>tormentis</strong></span> 
     </span>
     <span class='ocr_line' id='line_1_35' title="bbox 363 3733 2556 3805; baseline -0.003 -17"><span class='ocrx_word' id='word_1_327' title='bbox 363 3748 517 3801; x_wconf 73' lang='lat' dir='ltr'><strong>aiunt,</strong></span> <span class='ocrx_word' id='word_1_328' title='bbox 568 3749 630 3792; x_wconf 89' lang='lat' dir='ltr'><strong>ut</strong></span> <span class='ocrx_word' id='word_1_329' title='bbox 683 3757 778 3805; x_wconf 79' lang='lat' dir='ltr'><strong>pro</strong></span> <span class='ocrx_word' id='word_1_330' title='bbox 835 3741 1070 3803; x_wconf 84' lang='lat' dir='ltr'><strong>Claudia,</strong></span> <span class='ocrx_word' id='word_1_331' title='bbox 1138 3742 1415 3798; x_wconf 74' lang='lat' dir='ltr'><strong>claudula,</strong></span> <span class='ocrx_word' id='word_1_332' title='bbox 1498 3748 1728 3801; x_wconf 63' lang='lat' dir='ltr'><strong>tanturm</strong></span> <span class='ocrx_word' id='word_1_333' title='bbox 1778 3740 1869 3788; x_wconf 76' lang='lat' dir='ltr'><strong>sed</strong></span> <span class='ocrx_word' id='word_1_334' title='bbox 1893 3738 1958 3787; x_wconf 89' lang='lat' dir='ltr'><strong>de</strong></span> <span class='ocrx_word' id='word_1_335' title='bbox 1992 3742 2107 3786; x_wconf 82' lang='lat' dir='ltr'><strong>tota</strong></span> <span class='ocrx_word' id='word_1_336' title='bbox 2143 3733 2372 3784; x_wconf 84' lang='lat' dir='ltr'><strong>criminis</strong></span> <span class='ocrx_word' id='word_1_337' title='bbox 2393 3734 2556 3797; x_wconf 74' lang='lat' dir='ltr'><strong>inqui-</strong></span> 
     </span>
     <span class='ocr_line' id='line_1_36' title="bbox 363 3810 2556 3875; baseline -0.004 -10"><span class='ocrx_word' id='word_1_338' title='bbox 363 3817 623 3875; x_wconf 79' lang='lat' dir='ltr'><strong>Plautina,</strong></span> <span class='ocrx_word' id='word_1_339' title='bbox 663 3823 763 3869; x_wconf 70' lang='grc' dir='ltr'><strong>ἀς.</strong></span> <span class='ocrx_word' id='word_1_340' title='bbox 832 3819 1016 3868; x_wconf 75' lang='lat' dir='ltr'><strong>Livilla</strong></span> <span class='ocrx_word' id='word_1_341' title='bbox 1046 3819 1158 3869; x_wconf 74' lang='lat' dir='ltr'><strong>haee</strong></span> <span class='ocrx_word' id='word_1_342' title='bbox 1196 3819 1414 3868; x_wconf 85' lang='lat' dir='ltr'><strong>Germa·</strong></span> <span class='ocrx_word' id='word_1_343' title='bbox 1496 3819 1682 3867; x_wconf 81' lang='lat' dir='ltr'><strong>sitione</strong></span> <span class='ocrx_word' id='word_1_344' title='bbox 1704 3815 1995 3865; x_wconf 81' lang='lat' dir='ltr'><strong>dicebatur.</strong></span> <span class='ocrx_word' id='word_1_345' title='bbox 2063 3812 2181 3863; x_wconf 82' lang='lat' dir='ltr'><strong>Quo</strong></span> <span class='ocrx_word' id='word_1_346' title='bbox 2205 3824 2358 3859; x_wconf 76' lang='lat' dir='ltr'><strong>sensu</strong></span> <span class='ocrx_word' id='word_1_347' title='bbox 2390 3810 2439 3857; x_wconf 91' lang='lat' dir='ltr'><strong>iu</strong></span> <span class='ocrx_word' id='word_1_348' title='bbox 2461 3810 2556 3861; x_wconf 84' lang='lat' dir='ltr'><strong>Ju-</strong></span> 
     </span>
     <span class='ocr_line' id='line_1_37' title="bbox 361 3887 2557 3958; baseline -0.003 -15"><span class='ocrx_word' id='word_1_349' title='bbox 361 3894 464 3944; x_wconf 87' lang='lat' dir='ltr'><strong>nici</strong></span> <span class='ocrx_word' id='word_1_350' title='bbox 487 3910 633 3944; x_wconf 77' lang='lat' dir='ltr'><strong>soror</strong></span> <span class='ocrx_word' id='word_1_351' title='bbox 654 3895 775 3958; x_wconf 82' lang='lat' dir='ltr'><strong>fnit,</strong></span> <span class='ocrx_word' id='word_1_352' title='bbox 806 3904 863 3946; x_wconf 90' lang='lat' dir='ltr'><strong>ut</strong></span> <span class='ocrx_word' id='word_1_353' title='bbox 894 3896 944 3945; x_wconf 88' lang='lat' dir='ltr'><strong>in</strong></span> <span class='ocrx_word' id='word_1_354' title='bbox 979 3895 1192 3946; x_wconf 84' lang='lat' dir='ltr'><strong>Claudio</strong></span> <span class='ocrx_word' id='word_1_355' title='bbox 1227 3910 1344 3957; x_wconf 88' lang='lat' dir='ltr'><strong>cap.</strong></span> <span class='ocrx_word' id='word_1_356' title='bbox 1368 3898 1414 3945; x_wconf 84' lang='lat'><strong>1.</strong></span> <span class='ocrx_word' id='word_1_357' title='bbox 1494 3895 1566 3944; x_wconf 90' lang='lat' dir='ltr'><strong>lio</strong></span> <span class='ocrx_word' id='word_1_358' title='bbox 1589 3908 1702 3956; x_wconf 77' lang='lat' dir='ltr'><strong>cap.</strong></span> <span class='ocrx_word' id='word_1_359' title='bbox 1722 3897 1772 3943; x_wconf 83' lang='grc'><strong>6.</strong></span> <span class='ocrx_word' id='word_1_360' title='bbox 1798 3900 1853 3940; x_wconf 87' lang='lat' dir='ltr'><strong>et</strong></span> <span class='ocrx_word' id='word_1_361' title='bbox 1876 3887 2243 3942; x_wconf 70' lang='lat' dir='ltr'><strong>Juriseousulti</strong></span> <span class='ocrx_word' id='word_1_362' title='bbox 2266 3887 2348 3935; x_wconf 86' lang='lat' dir='ltr'><strong>hic</strong></span> <span class='ocrx_word' id='word_1_363' title='bbox 2375 3895 2557 3937; x_wconf 84' lang='lat' dir='ltr'><strong>notan·</strong></span> 
     </span>
     <span class='ocr_line' id='line_1_38' title="bbox 362 3963 2557 4035; baseline -0.002 -17"><span class='ocrx_word' id='word_1_364' title='bbox 362 3970 414 4019; x_wconf 89' lang='lat' dir='ltr'><strong>in</strong></span> <span class='ocrx_word' id='word_1_365' title='bbox 450 3971 538 4022; x_wconf 86' lang='lat' dir='ltr'><strong>fin.</strong></span> <span class='ocrx_word' id='word_1_366' title='bbox 578 3988 610 4021; x_wconf 81' lang='lat' dir='ltr'><strong>a</strong></span> <span class='ocrx_word' id='word_1_367' title='bbox 654 3972 837 4035; x_wconf 78' lang='lat' dir='ltr'><strong>Sejano</strong></span> <span class='ocrx_word' id='word_1_368' title='bbox 886 3977 1241 4034; x_wconf 80' lang='lat' dir='ltr'><strong>constuprata,</strong></span> <span class='ocrx_word' id='word_1_369' title='bbox 1275 3971 1416 4019; x_wconf 85' lang='lat' dir='ltr'><strong>Dru·</strong></span> <span class='ocrx_word' id='word_1_370' title='bbox 1495 3971 1562 4019; x_wconf 79' lang='lat' dir='ltr'><strong>da</strong></span> <span class='ocrx_word' id='word_1_371' title='bbox 1604 3985 1701 4019; x_wconf 82' lang='lat' dir='ltr'><strong>vox</strong></span> <span class='ocrx_word' id='word_1_372' title='bbox 1741 3965 2054 4032; x_wconf 83' lang='lat' dir='ltr'><strong>‘cognitioni</strong></span> <span class='ocrx_word' id='word_1_373' title='bbox 2075 3964 2108 4026; x_wconf 69' lang='grc' dir='ltr'><strong>ς’</strong></span> <span class='ocrx_word' id='word_1_374' title='bbox 2162 3963 2383 4013; x_wconf 75' lang='lat' dir='ltr'><strong>sumitur</strong></span> <span class='ocrx_word' id='word_1_375' title='bbox 2419 3965 2557 4013; x_wconf 84' lang='lat' dir='ltr'><strong>enim</strong></span> 
     </span>
     <span class='ocr_line' id='line_1_39' title="bbox 360 4042 2568 4110; baseline -0.003 -15"><span class='ocrx_word' id='word_1_376' title='bbox 360 4062 468 4097; x_wconf 70' lang='lat' dir='ltr'><strong>num</strong></span> <span class='ocrx_word' id='word_1_377' title='bbox 489 4047 684 4098; x_wconf 85' lang='lat' dir='ltr'><strong>Tiberii</strong></span> <span class='ocrx_word' id='word_1_378' title='bbox 707 4048 887 4105; x_wconf 84' lang='lat' dir='ltr'><strong>finum,</strong></span> <span class='ocrx_word' id='word_1_379' title='bbox 916 4048 1148 4097; x_wconf 86' lang='lat' dir='ltr'><strong>adhibito</strong></span> <span class='ocrx_word' id='word_1_380' title='bbox 1179 4048 1230 4096; x_wconf 87' lang='lat' dir='ltr'><strong>in</strong></span> <span class='ocrx_word' id='word_1_381' title='bbox 1253 4047 1417 4096; x_wconf 80' lang='lat' dir='ltr'><strong>cousi-</strong></span> <span class='ocrx_word' id='word_1_382' title='bbox 1499 4062 1592 4110; x_wconf 87' lang='lat' dir='ltr'><strong>pro</strong></span> <span class='ocrx_word' id='word_1_383' title='bbox 1616 4045 1916 4110; x_wconf 85' lang='lat' dir='ltr'><strong>eojudicio‚</strong></span> <span class='ocrx_word' id='word_1_384' title='bbox 1932 4042 2067 4108; x_wconf 87' lang='lat' dir='ltr'><strong>quod</strong></span> <span class='ocrx_word' id='word_1_385' title='bbox 2086 4042 2197 4104; x_wconf 81' lang='lat' dir='ltr'><strong>ipse</strong></span> <span class='ocrx_word' id='word_1_386' title='bbox 2221 4054 2315 4103; x_wconf 84' lang='lat' dir='ltr'><strong>per</strong></span> <span class='ocrx_word' id='word_1_387' title='bbox 2337 4055 2393 4089; x_wconf 82' lang='lat' dir='ltr'><strong>se</strong></span> <span class='ocrx_word' id='word_1_388' title='bbox 2419 4042 2568 4103; x_wconf 40' lang='lat' dir='ltr'><strong>prin-f</strong></span> 
     </span>
     <span class='ocr_line' id='line_1_40' title="bbox 360 4116 2559 4187; baseline -0.005 -12"><span class='ocrx_word' id='word_1_389' title='bbox 360 4121 484 4170; x_wconf 76' lang='lat' dir='ltr'><strong>lium</strong></span> <span class='ocrx_word' id='word_1_390' title='bbox 509 4125 740 4175; x_wconf 84' lang='lat' dir='ltr'><strong>Eudemo</strong></span> <span class='ocrx_word' id='word_1_391' title='bbox 757 4125 986 4183; x_wconf 83' lang='lat' dir='ltr'><strong>Medico,</strong></span> <span class='ocrx_word' id='word_1_392' title='bbox 1006 4126 1230 4174; x_wconf 74' lang='lat' dir='ltr'><strong>sustulit.</strong></span> <span class='ocrx_word' id='word_1_393' title='bbox 1265 4124 1415 4175; x_wconf 79' lang='lat' dir='ltr'><strong>Quod</strong></span> <span class='ocrx_word' id='word_1_394' title='bbox 1499 4137 1646 4187; x_wconf 81' lang='lat' dir='ltr'><strong>ceps,</strong></span> <span class='ocrx_word' id='word_1_395' title='bbox 1671 4122 1752 4170; x_wconf 84' lang='lat' dir='ltr'><strong>vel</strong></span> <span class='ocrx_word' id='word_1_396' title='bbox 1776 4120 1905 4170; x_wconf 81' lang='lat' dir='ltr'><strong>alius</strong></span> <span class='ocrx_word' id='word_1_397' title='bbox 1928 4118 2037 4182; x_wconf 78' lang='lat' dir='ltr'><strong>ejus</strong></span> <span class='ocrx_word' id='word_1_398' title='bbox 2059 4116 2317 4178; x_wconf 83' lang='lat' dir='ltr'><strong>mandato,</strong></span> <span class='ocrx_word' id='word_1_399' title='bbox 2351 4131 2559 4165; x_wconf 79' lang='lat' dir='ltr'><strong>exerce·</strong></span> 
     </span>
     <span class='ocr_line' id='line_1_41' title="bbox 366 4192 2555 4265; baseline -0.001 -20"><span class='ocrx_word' id='word_1_400' title='bbox 366 4197 608 4246; x_wconf 84' lang='lat' dir='ltr'><strong>indicium</strong></span> <span class='ocrx_word' id='word_1_401' title='bbox 632 4201 817 4249; x_wconf 83' lang='lat' dir='ltr'><strong>detulit</strong></span> <span class='ocrx_word' id='word_1_402' title='bbox 837 4201 1055 4263; x_wconf 79' lang='lat' dir='ltr'><strong>Apicata</strong></span> <span class='ocrx_word' id='word_1_403' title='bbox 1073 4200 1247 4263; x_wconf 85' lang='lat' dir='ltr'><strong>Sejani</strong></span> <span class='ocrx_word' id='word_1_404' title='bbox 1271 4216 1418 4265; x_wconf 84' lang='lat' dir='ltr'><strong>uxor,</strong></span> <span class='ocrx_word' id='word_1_405' title='bbox 1500 4199 1608 4248; x_wconf 85' lang='lat' dir='ltr'><strong>bat.</strong></span> <span class='ocrx_word' id='word_1_406' title='bbox 1674 4198 1762 4247; x_wconf 87' lang='lat' dir='ltr'><strong>De</strong></span> <span class='ocrx_word' id='word_1_407' title='bbox 1800 4210 1903 4261; x_wconf 85' lang='lat' dir='ltr'><strong>quo</strong></span> <span class='ocrx_word' id='word_1_408' title='bbox 1936 4194 2074 4244; x_wconf 73' lang='lat' dir='ltr'><strong>infra</strong></span> <span class='ocrx_word' id='word_1_409' title='bbox 2105 4192 2290 4243; x_wconf 78' lang='lat' dir='ltr'><strong>Claud.</strong></span> <span class='ocrx_word' id='word_1_410' title='bbox 2323 4208 2435 4257; x_wconf 84' lang='lat' dir='ltr'><strong>cap.</strong></span> <span class='ocrx_word' id='word_1_411' title='bbox 2477 4197 2555 4243; x_wconf 79' lang='lat'><strong>15.</strong></span> 
     </span>
     <span class='ocr_line' id='line_1_42' title="bbox 361 4275 1597 4340; baseline 0 -15"><span class='ocrx_word' id='word_1_412' title='bbox 361 4290 475 4325; x_wconf 70' lang='lat' dir='ltr'><strong>nese</strong></span> <span class='ocrx_word' id='word_1_413' title='bbox 499 4283 614 4340; x_wconf 77' lang='lat' dir='ltr'><strong>post</strong></span> <span class='ocrx_word' id='word_1_414' title='bbox 636 4277 806 4325; x_wconf 82' lang='lat' dir='ltr'><strong>mariti</strong></span> <span class='ocrx_word' id='word_1_415' title='bbox 839 4286 890 4325; x_wconf 84' lang='lat' dir='ltr'><strong>et</strong></span> <span class='ocrx_word' id='word_1_416' title='bbox 921 4277 1196 4326; x_wconf 74' lang='lat' dir='ltr'><strong>liberorum</strong></span> <span class='ocrx_word' id='word_1_417' title='bbox 1221 4275 1418 4325; x_wconf 85' lang='lat' dir='ltr'><strong>caedem</strong></span> <span class='ocrx_word' id='word_1_418' title='bbox 1497 4281 1597 4326; x_wconf 74' lang='grc' dir='ltr'><strong>διε.</strong></span> 
     </span>
    </p>
   </div>
  </div>
 </body>
</html>
