3019 4922
2354 407 2488 476 4⁷1.

313 581 448 646 quo
479 560 720 628 vilius⁶
747 566 902 645 post
930 562 1105 628 diem
1133 560 1313 630 aedes
1342 563 1410 626 in
1441 561 1622 632 Urbe
1660 564 2083 638 conduceret.
2169 566 2396 644 Alium
2424 576 2492 644 et

312 671 654 748 quaestura
698 665 1005 744 removit,
1039 665 1217 748 quod
1264 685 1563 745 uxorem,
1607 667 1820 751 pridie
1858 670 2244 742 sortitione⁷
2268 680 2287 707 ⁵
2324 673 2491 739 duc-

311 774 469 845 tam,
531 768 854 852 postridie
898 769 1337 852 repudiasset.
1424 769 1588 853 [36]
1649 771 1971 844 Externas
2030 760 2493 857 caerimonias}

309 870 716 955 AEgyptiosu
773 871 820 937 J
825 871 1235 956 udaicosque
1293 873 1462 938 ritus
1522 875 1966 958 compescuit3
2028 878 2308 956 coactiS,
2369 881 2491 963 qui

310 975 780 1055 superstitione
823 995 903 1040 ea
946 976 1354 1053 tenebantur,
1383 976 1730 1059 religiosas
1755 984 2021 1046 vestesv
2048 998 2203 1046 cum
2238 981 2488 1050 instru-

309 1081 531 1142 mento
556 1076 579 1114 ⁸
608 1085 645 1111 W
702 1079 877 1146 omni
937 1079 1343 1148 comburere.
1440 1077 1487 1143 J
1494 1079 1826 1145 udaeorum
1875 1079 2313 1164 juventutem,
2372 1104 2490 1167 per

309 1182 605 1262 speciem
635 1182 1127 1259 sacramenti‚⁹¹
1170 1182 1238 1245 in
1278 1182 1653 1265 provincias
1684 1184 2000 1266 gravioris
2028 1185 2187 1256 eoeli
2206 1192 2234 1236 Υ
2264 1185 2489 1258 distri-

1192 416 1569 470 TIBERIUS.

1218 1396 1580 1422 ‘emoto-‘epe

308 1529 428 1579 Ald.
453 1527 580 1591 Arg.
602 1529 782 1592 steph.
833 1530 1086 1591 cognosset
1110 1528 1380 1579 ediderunt
1403 1527 1540 1579 Oud.
1566 1537 1620 1579 et
1643 1528 1803 1579 Wolf.
1841 1530 2007 1580 secuti
2045 1530 2254 1579 Memm.
2293 1531 2487 1581 Medic.

306 1600 355 1648 3.
380 1595 499 1658 Cuj.
522 1596 588 1644 al.
646 1596 709 1645 In
748 1610 848 1645 uno
880 1596 1026 1645 Torr.
1069 1594 1196 1644 Cod.
1238 1596 1357 1649 Kal.
1391 1595 1635 1656 Januarii,
1676 1596 1774 1645 Ed.
1807 1596 1982 1644 Burm.
2017 1597 2251 1645 Kalendis
2281 1597 2489 1650 sulii.—

305 1664 338 1707 6
374 1660 476 1707 Pro
494 1661 633 1709 vilius
652 1661 842 1709 habent
865 1662 1026 1709 Julius
1051 1661 1209 1709 Fouc.
1245 1659 1378 1710 Edd.
1417 1662 1563 1710 Rom.
1596 1661 1727 1709 Ven.
1754 1666 1800 1710 1.
1835 1668 1889 1709 et
1928 1661 1976 1708 in
2013 1661 2191 1710 iisdem
2217 1676 2332 1710 cum
2358 1664 2487 1711 Mss.

306 1724 478 1774 Palm.
518 1725 653 1775 Dun.
692 1725 883 1775 Medic.
915 1730 973 1773 2⁴
1002 1730 1051 1776 3.
1092 1724 1250 1774 vind.
1281 1732 1446 1789 utroq.
1473 1726 1615 1774 Cort.
1638 1727 1785 1775 Voss.
1805 1725 1972 1774 Periz.
1994 1726 2125 1775 Edd.
2154 1726 2316 1789 Lugd.
2336 1728 2485 1778 Junt.

304 1788 426 1839 Ald.
452 1804 607 1852 marg.
630 1792 826 1840 Erasm.
849 1807 874 1840 e
894 1797 1054 1854 quoest.
1105 1792 1165 1839 In
1188 1790 1400 1842 Memm.
1423 1806 1453 1839 α
1501 1795 1639 1840 uoest.
1691 1789 1857 1840 Abest
1877 1796 1924 1839 et
1948 1806 1977 1838 a
1993 1790 2346 1841 Medic-L—'l
2370 1792 2485 1846 Sor-

302 1854 520 1903 titionem
541 1865 771 1903 suaserat
793 1856 1023 1905 Turneb.
1051 1869 1112 1903 ex
1137 1851 1434 1918 conjectura
1508 1855 1592 1904 dv.
1617 1867 1733 1904 xxv.
1757 1859 1837 1904 17.
1870 1870 1934 1903 ex
1960 1856 2069 1904 solo
2088 1857 2296 1905 Memm.
2321 1856 2487 1905 edidit

305 1919 523 1969 Casanb.
542 1928 596 1969 et
629 1921 680 1970 in
704 1921 823 1984 maj.
842 1921 938 1970 Ed.
961 1920 1137 1970 Graev.
1164 1920 1345 1974 Pitisc‚
1370 1920 1549 1969 Bnrm.
1573 1922 1695 1968 Ern.
1713 1919 1905 1969 Schild.
1927 1920 2045 1981 Bip.
2080 1921 2256 1976 Ceteri
2275 1920 2341 1971 Ο.
2360 1922 2489 1978 Mas.

305 1990 361 2032 et
383 1984 516 2033 Edd.
541 1988 764 2034 retinent
785 1986 1049 2044 sortitione,
1085 1986 1177 2034 nisi
1204 1985 1335 2049 quod
1360 1986 1411 2034 in
1437 1986 1557 2034 Urs.
1582 1984 1710 2034 Cod.
1735 1986 1802 2034 sit
1820 1985 2101 2034 sortitionis.
2138 1984 2220 2034 cf.
2244 1986 2483 2050 Interpp.

303 2050 546 2097 deductam
570 2051 665 2100 Ed.
688 2051 810 2099 Vet.
840 2050 974 2113 apud
1014 2051 1276 2099 Boxh.—8
1311 2051 1535 2100 Iusti-om.
1583 2050 1734 2098 Huls.
1777 2050 2051 2099 vestimento
2078 2050 2311 2099 Harlem.
2337 2051 2482 2100 Cort-

306 2114 486 2177 Camp.
508 2115 642 2162 unde
666 2116 854 2165 Sabell.
892 2129 1004 2164 cum
1041 2116 1187 2165 eald.
1225 2124 1278 2163 et
1315 2114 1532 2165 Medion.
1571 2113 1774 2164 effinxit
1806 2120 1961 2163 vestas
1997 2130 2102 2164 cum
2130 2114 2484 2165 vestimento.—

302 2182 336 2228 9
365 2180 783 2244 Judoeorumquej.
805 2196 853 2244 p.
875 2195 914 2229 s.
933 2186 1222 2236 sacramenta
1246 2180 1475 2232 narrem.
1541 2180 1674 2229 Dein
1697 2179 1919 2243 reliquias
1941 2193 2086 2246 seqq.
2107 2179 2305 2230 semovit
2327 2181 2483 2231 vind.

1282 2360 1500 2412 NOTAE

361 2486 381 2510 ⁸
417 2477 581 2528 Pridie
601 2478 846 2528 sortitione
866 2477 1204 2542 [sortitionem]
1259 2478 1348 2526 Ita

300 2555 354 2605 in
389 2555 700 2604 Memmiano
723 2556 1072 2606 casaubonus.
1136 2555 1348 2616 vulgati

299 2632 539 2696 legebant
589 2634 855 2694 sortitione,
924 2633 1011 2682 alii
1070 2631 1348 2682 sortitionis.

300 2710 472 2759 Priori
505 2711 768 2760 videretur
806 2715 941 2759 sorte
975 2715 1244 2772 acceptam
1285 2708 1349 2757 ab

298 2785 390 2835 illo
415 2785 689 2837 Quaestore
711 2786 1012 2851 conjugem:
1063 2799 1164 2849 quo
1194 2791 1347 2847 pacto

254 2904 257 2907 .
301 2863 438 2925 apud
485 2863 724 2913 Plautum
779 2864 829 2911 in
879 2863 1064 2912 Casina
1109 2859 1230 2910 Act.
1287 2873 1348 2910 11.

296 2939 451 2988 Scen.
474 2945 524 2988 5.
552 2945 606 2988 et
629 2943 677 2988 6.
742 2938 1002 3002 Chalynus
1028 2945 1082 2987 et
1106 2938 1348 3001 Olympio

298 3014 604 3076 sortiuntur,
644 3022 765 3065 uter
802 3016 1041 3064 Casinam
1078 3014 1348 3078 conjugem

299 3093 369 3142 sit
389 3093 673 3142 habiturus.
750 3091 911 3142 Juxta
933 3093 1207 3142 lectionem
1231 3106 1348 3140 nos-

298 3177 450 3232 tram,
495 3169 882 3232 inteiligendnm
940 3169 1111 3233 potius
1152 3177 1229 3218 est
1284 3169 1349 3217 de

297 3246 568 3298 sortitione
601 3247 689 3294 illa
718 3246 1003 3298 Quaestoris
1041 3246 1120 3294 vel
1149 3246 1346 3297 Quaesi-

296 3324 445 3386 toris,
463 3323 530 3373 de
553 3339 651 3388 qua
676 3325 724 3372 in
757 3324 899 3375 Julio
923 3337 1035 3384 cap.
1061 3327 1139 3371 ll.
1163 3329 1216 3369 et
1242 3322 1346 3370 Au-

297 3407 446 3464 gusto
468 3416 583 3464 cap.
607 3405 691 3450 29.
720 3399 857 3465 quod
894 3414 1076 3462 nempe
1110 3399 1348 3449 Qua’stor

294 3478 404 3540 ine,
427 3476 620 3541 adepta
653 3477 924 3541 dignitate,
951 3485 1008 3526 ut
1047 3477 1260 3538 majores
1291 3489 1346 3523 se

297 3555 508 3605 divitias
541 3554 865 3618 adepturum,
903 3554 978 3601 ita
1016 3560 1071 3603 et
1106 3552 1346 3601 ditiorem

296 3633 571 3682 ducturum
594 3638 830 3694 speraret
849 3644 1080 3678 inriorem.
1145 3628 1252 3676 Alii
1273 3643 1348 3674 re-

292 3710 473 3760 ferunt
491 3709 552 3758 ad
578 3711 741 3772 legem
773 3709 1043 3772 Pappiam‚
1078 3721 1193 3770 qnae
1233 3720 1347 3754 cum

296 3786 510 3837 coelibes
535 3793 733 3834 arceret
758 3800 790 3834 a
811 3780 1210 3846 magistratibus,
1233 3795 1346 3830 eam

294 3863 390 3912 tali
429 3861 749 3910 matrimonio
782 3860 865 3908 ille
902 3859 1145 3909 Quaestor
1172 3857 1347 3907 elude-

295 3941 402 3990 bat.

360 4018 378 4048 ‘
433 4017 673 4077 Externos
711 4012 1024 4075 coerimonias]
1093 4012 1239 4061 Idem
1283 4010 1347 4060 ab

295 4092 535 4155 Augusto
558 4089 769 4140 factum.
797 4089 929 4151 Aug.
953 4103 1066 4152 cap.
1087 4092 1169 4137 93.

361 4175 384 4202 ⁰
417 4168 694 4232 AEgyptios]
747 4167 878 4215 Fnse
899 4179 1078 4214 causas
1116 4162 1348 4214 referunt

296 4246 552 4309 Josephus
616 4244 706 4294 lib.
750 4255 912 4291 xvru.
963 4241 1345 4304 Antiquitatum

298 4336 414 4386 cap.
447 4324 497 4370 4.
535 4326 588 4370 et
621 4324 669 4370 6.
705 4327 761 4370 et
792 4317 1118 4383 Hegesippus
1154 4318 1240 4368 lib.
1276 4332 1342 4369 ιι.

1426 2475 1626 2525 Histor.
1666 2474 1752 2525 ubi
1789 2475 2022 2525 Paulinae
2060 2473 2126 2523 ab
2163 2473 2483 2539 AEgyptiacis

1422 2553 1799 2617 sacerdotibus,
1854 2560 1909 2601 et
1965 2553 2163 2602 Fulviae
2212 2568 2240 2600 a
2285 2553 2481 2604 Judaeis

1422 2629 1724 2692 quibusdam
1770 2627 2005 2692 fugitivis
2054 2628 2193 2678 varie
2233 2627 2482 2692 decepta·

1431 2723 1539 2757 rum
1566 2707 1802 2756 historias
1826 2705 2077 2756 referunt.
2160 2702 2164 2707 ’

1485 2791 1507 2816 ’
1543 2784 1811 2845 Religiosas
1834 2781 2007 2844 vestes]
2065 2779 2362 2832 Judaeorum
2411 2781 2485 2830 vi-

1423 2858 1559 2909 desis
1595 2858 1733 2922 apud
1771 2859 2051 2922 Joseplmm
2092 2856 2183 2906 lib.
2206 2867 2295 2906 111.
2334 2854 2484 2905 Anti-

1422 2937 1676 3000 quitatum
1701 2950 1817 2999 cap.
1843 2939 1891 2985 8.
1957 2932 2313 2997 AEgyptiorum
2339 2930 2479 2995 apud

1422 3011 1747 3062 Herodotum
1767 3011 1857 3061 lib.
1878 3025 1937 3059 ιι.
1962 3025 2011 3060 e.
2029 3014 2109 3060 37.
2125 3014 2181 3058 et
2198 3007 2480 3072 Apuleium

1422 3089 1556 3140 libro
1596 3092 1690 3139 ult.
1729 3090 1948 3138 Metam.
1979 3093 2035 3137 et
2067 3086 2300 3152 qnaedam
2343 3086 2480 3136 infra

1422 3167 1621 3217 Domit.
1648 3182 1767 3231 cap.
1787 3169 1832 3216 1.
1859 3172 1912 3215 et
1935 3165 2128 3215 Othon.
2155 3168 2233 3214 12.

1484 3253 1516 3278 W
1551 3243 1898 3305 Instrumenlo]
1931 3242 2048 3292 Hoc
2072 3247 2150 3290 est
2175 3241 2375 3304 reliquo
2401 3253 2477 3288 sa-

1421 3336 1624 3370 crorum
1651 3318 2117 3384 apparatu,quales
2146 3322 2295 3364 erant
2319 3316 2479 3364 lucer-

1420 3413 1521 3458 nae,
1545 3412 1758 3459 mensae,
1780 3396 2116 3448 thnribulum,
2137 3395 2235 3441 ὅτε.

1483 3481 1509 3507 ¹
1543 3473 1861 3534 Sacramenti]
1909 3469 2155 3519 Militaris
2178 3468 2392 3530 scilicet,
2413 3468 2481 3517 de

1421 3567 1524 3617 quo
1546 3566 1703 3615 supra
1739 3553 1790 3599 in
1828 3550 1968 3601 sulio
2010 3562 2123 3612 cap.
2147 3549 2236 3594 42.
2262 3553 2316 3595 et
2340 3545 2477 3609 Aug.

1420 3633 1504 3678 24.
1521 3632 1621 3677 διο.

1485 3714 1506 3747 5
1542 3705 1795 3754 Gravior-is
1816 3700 1943 3764 coeli]
1988 3700 2227 3750 Qtratuor
2248 3696 2402 3745 millia
2427 3696 2477 3745 in

1420 3781 1707 3832 Sardiniam
1728 3781 1878 3829 missa
1917 3774 2079 3825 refert
2108 3774 2360 3837 Josephus
2383 3773 2475 3822 lib.

1420 3856 1803 3920 Antiquitatum
1845 3865 2010 3902 xvur.
2042 3866 2155 3913 cap.
2195 3855 2244 3898 5.
2310 3849 2476 3898 Quam

1420 3932 1637 3981 insulam
1677 3930 1794 3978 coeli
1836 3926 2108 3977 admodum
2153 3924 2476 3974 inclementis

1420 4024 1553 4070 esse,
1590 4007 1784 4056 indicat
1807 4003 2066 4054 Martialis
2091 4001 2476 4063 Epigrammate

1418 4086 1615 4136 oo.1ib.
1651 4099 1727 4133 ιν.
1784 4081 1973 4141 ‘Nullo
2008 4079 2119 4128 fata
2159 4079 2270 4126 loeo
2309 4077 2475 4139 possis

1418 4161 1728 4220 excludere3
1755 4174 1873 4210 cum
1899 4172 2032 4205 mors
2055 4153 2271 4204 Venerit
2293 4153 2345 4202 in
2369 4168 2481 4203 me-.

1420 4239 1508 4289 dio
1531 4238 1744 4302 Tibure,
1764 4234 1999 4287 Sardinia
2023 4231 2136 4283 est.'
