3019 4922
499 381 587 448 96
1373 396 1438 444 ο.
1486 389 1845 445 sun‘roNu

507 543 640 607 eim
667 542 998 607 mensium
1032 559 1186 606 cum
1213 539 1668 617 intercalario,
1691 540 1805 623 qui
1833 555 1919 603 ex
1945 534 2425 603 cousuetudine
2453 535 2517 599 in
2546 552 2697 598 eum

506 665 748 712 aunum
778 644 1128 709 inciderat.
1214 641 1380 728 [41.]
1412 643 1730 707 Senatum
1764 640 2154 725 supplevit:
2185 646 2211 673 ⁸
2252 636 2572 723 patricios
2603 634 2699 700 al·

504 748 668 831 legit
692 757 740 813 :⁹
763 745 789 783 ¹³
821 747 1243 825 Praetorum‚0
1282 745 1626 820 AEdilium,
1650 743 2112 823 Quaestorum,
2144 744 2465 808 minorum
2496 740 2700 805 etiam

507 846 1046 935 magistratuumd
1074 869 1418 914 numerum
1447 847 1834 931 ampliavit:
1871 846 2224 913 nudatos¹0
2243 855 2266 882 ⁸
2312 865 2516 929 opere
2547 863 2700 909 cen·

505 950 731 1033 serie,f
752 959 871 1020 aut
900 952 1234 1018 sententia
1254 960 1271 990 ¹
1297 950 1606 1036 judicum
1636 949 1721 1015 de
1752 951 2011 1015 ambitu
2035 958 2061 996 ⁸
2091 950 2701 1026 condemnat08‚re-

509 1059 746 1123 stituit.
835 1054 1158 1129 Comitiah
1204 1075 1354 1121 cum
1385 1055 1641 1139 populo
1672 1055 1999 1138 partitus²
2045 1052 2223 1121 est:i
2266 1061 2362 1131 ut,
2391 1052 2700 1137 exceptis

507 1162 896 1228 consulatus
945 1159 1550 1243 competitoribus‚³
1601 1157 1685 1221 de
1735 1164 1962 1222 cetero
2006 1177 2281 1224 numero
2313 1155 2702 1223 candidato-

1422 1325 1693 1347 WOOO
1699 1325 1788 1346 “O

501 1449 599 1494 -9
634 1445 695 1494 Iu
727 1444 933 1494 Viterb.
977 1444 1143 1502 altera
1181 1443 1337 1493 lectio
1377 1448 1624 1493 annotata
1664 1442 1826 1505 elegit,
1866 1457 2015 1507 quam
2058 1444 2297 1506 praebent
2336 1441 2492 1519 etiam
2536 1441 2707 1492 Per-iz.

506 1511 741 1587 Heriem.
765 1512 894 1560 Veu.
932 1518 1061 1573 tres,
1095 1511 1226 1559 Bou.
1266 1509 1430 1572 Lugd.
1463 1509 1743 1586 Juut.ss10
1779 1509 2139 1572 Coujecturam
2177 1508 2360 1585 Ursi-m·
2400 1513 2603 1569 notatos,
2641 1510 2704 1556 ab

504 1579 618 1626 aluis
641 1577 756 1624 VV.
776 1578 895 1625 DD.
920 1583 1200 1637 receptam,
1222 1573 1428 1623 firmant
1443 1574 1676 1623 nonnihil
1701 1575 1842 1625 Cort.
1868 1574 1983 1624 Pal.
2003 1583 2131 1652 tres,
2153 1574 2244 1623 sed
2262 1574 2379 1622 mhi!
2403 1573 2704 1623 mutandum

507 1639 2437 1771 ‘33:131‘53333.5222?lxmae?'23¹1·20„3.',¹:,¹¹213‘;²:3.255„Zssssassauz‘mtzmeffl
2434 1637 2705 1779 ἱέἶῗῗρἓᾱ

507 1772 660 1836 hujus
695 1773 797 1850 loci
836 1787 990 1821 sensu
1027 1769 1304 1820 existimo!
1342 1770 1897 1849 Oudf-lssententiam
1946 1772 2109 1848 l’eriz.
2144 1771 2265 1821 iude
2314 1786 2398 1835 per
2425 1775 2708 1820 senten-uam

506 1839 979 1955 {referum
1000 1836 2131 1967 τε*τὲῶῑκῗςαὲῗὲῑτωξιεῆῶιῖἳ·ὲ.
2161 1844 2424 1966 ager?
2452 1836 2577 1952 ξε.
2592 1835 2707 1951 ξεῖ

1439 2050 1708 2115 ,Νοτω

572 2155 596 2181 ⁸
630 2147 855 2197 Senatum
879 2149 1131 2213 supplerit]
1164 2149 1385 2198 Centum
1407 2147 1567 2196 Sena·
1651 2149 1864 2199 Romani
1887 2151 2235 2214 magistratus.

504 2236 692 2287 torum,
711 2241 741 2274 a
759 2226 977 2275 Romulo
1000 2219 1370 2281 institutorum,
1390 2240 1566 2274 uume-
1713 2231 1734 2257 θ
1751 2226 1994 2289 Nudatos]
2021 2227 2275 2276 Censores
2296 2227 2503 2290 proprie
2526 2232 2708 2276 notare

506 2317 618 2352 rum
640 2302 947 2366 Tarquinius
967 2303 1032 2351 ad
1053 2307 1168 2352 300.
1189 2302 1363 2362 auxit3
1387 2316 1564 2356 verum
1650 2302 1893 2352 dicuntur
1925 2317 2013 2352 eos
2038 2318 2166 2368 quos
2199 2302 2457 2366 dignitate
2481 2319 2578 2353 sua
2606 2304 2709 2367 pri-

506 2393 610 2443 qua
644 2378 845 2427 ratione
878 2385 1059 2443 postea
1090 2379 1315 2428 ereverit
1354 2379 1440 2427 ille
1472 2394 1564 2427 nu÷

504 2471 695 2517 merus,
717 2456 851 2520 apud
877 2456 1205 2522 antiquitatis
1227 2455 1565 2519 investigato-

504 2548 588 2582 res
611 2534 748 2583 aliud
766 2540 866 2583 uon
887 2541 1115 2597 constat,
1132 2535 1227 2583 uisi
1244 2533 1379 2598 quod
1402 2533 1563 2597 Syllae

503 2609 824 2674 temporibus
848 2611 1020 2675 plures
1041 2626 1192 2676 quam
1215 2614 1331 2659 400.
1348 2606 1561 2669 fuerint.

503 2689 633 2738 Cum
666 2705 787 2740 vero
811 2691 1116 2741 Senatorum
1147 2705 1407 2751 uumerus,
1427 2690 1564 2754 quis·

502 2757 620 2830 quis*
660 2762 820 2819 fuerit
852 2768 959 2831 ille,
983 2768 1218 2819 civilibus
1253 2767 1401 2817 bellis
1429 2767 1564 2816 haud

501 2840 833 2893 mediocriter
855 2852 996 2893 esset
1018 2845 1332 2901 imminutus,
1355 2843 1408 2892 in
1434 2859 1565 2893 mor·

501 2927 710 2971 tuorum
733 2922 903 2972 locum
926 2922 1129 2973 suffecit
1159 2923 1286 2974 alios
1311 2937 1473 2987 usque
1495 2923 1563 2973 ad

500 2999 617 3046 900.
641 2997 778 3062 quod
803 3012 902 3047 uon
928 2999 1093 3048 levem
1120 2999 1193 3048 illi
1218 2997 1466 3049 conflavit
1488 2999 1564 3047 in-

499 3073 690 3122 vidiam
725 3081 941 3138 propter
975 3089 1156 3124 causas
1189 3073 1319 3124 infra
1340 3090 1457 3139 cap.
1480 3079 1563 3123 80.

500 3149 708 3198 relatas.

561 3225 585 3259 δ
621 3227 863 3276 Patricius
894 3226 1100 3290 adlegit]
1134 3226 1198 3276 In
1234 3227 1440 3278 Viterb.
1474 3242 1562 3278 co-

501 3301 621 3352 dice
652 3302 852 3367 legerat
876 3304 1213 3354 Casaubonus
1232 3304 1394 3365 elegit.
1453 3304 1562 3353 No·—

502 3388 611 3428 tum
652 3387 733 3429 est
772 3381 1014 3443 patricios
1050 3380 1269 3444 primum
1309 3395 1396 3431 eos
1431 3382 1562 3431 duu-

500 3462 649 3506 taxat
681 3458 988 3520 appellatos,
1021 3459 1109 3523 qui
1142 3474 1173 3507 e
1208 3468 1419 3511 centum
1457 3460 1560 3511 illis

500 3549 630 3598 quos
667 3535 913 3584 Romulus
960 3536 1195 3600 elegerat
1234 3537 1437 3586 oriundi
1478 3553 1560 3588 es-

499 3618 648 3660 seut:
690 3611 774 3661 hic
817 3619 988 3662 autem
1030 3612 1190 3662 dubio
1227 3614 1411 3676 procul
1446 3629 1561 3664 esse

499 3687 725 3751 videtur,
769 3691 894 3753 quin
947 3688 1000 3738 id
1046 3691 1253 3739 lionoris
1298 3692 1350 3739 in
1399 3706 1560 3741 novos

500 3764 749 3828 quosdam
772 3766 1074 3816 contulerit.
1109 3767 1189 3816 De
1216 3767 1445 3829 patriciis
1470 3768 1562 3818 ad-

497 3839 599 3888 hue
625 3839 762 3890 iufra
784 3856 887 3892 non
910 3843 1089 3907 semel,
1114 3842 1247 3906 Aug.
1271 3847 1322 3894 2.
1345 3858 1461 3908 cap.
1480 3849 1562 3896 10.

498 3915 613 3968 Tib.
638 3921 684 3966 1.
705 3921 801 3968 διο.

560 4000 583 4026 ⁶
614 3993 911 4060 Proetmm]
950 3996 1027 4047 De
1064 3998 1374 4061 praetoribus
1402 4013 1450 4048 e.
1478 4001 1558 4048 14.

498 4069 754 4120 AEdilibus
776 4086 823 4122 c.
847 4076 926 4122 10.
962 4074 1319 4126 Quaestoribus
1342 4090 1390 4124 e.
1412 4079 1462 4124 6.

559 4145 585 4180 ¹
608 4148 855 4206 Minorem
874 4156 941 4200 et.
960 4151 1347 4215 magistratuum]
1370 4152 1420 4202 Ii
1437 4158 1560 4203 sunt

477 4232 694 4290 ,praeter
728 4227 873 4277 Coss.
901 4229 1167 4279 Praetores
1190 4235 1248 4278 et
1269 4230 1561 4293 Censor-eu

413 4342 416 4345 -
496 4306 587 4371 qui
621 4306 836 4371 majores
873 4307 1143 4371 ordinarii,
1167 4306 1352 4371 reliqui
1379 4321 1557 4359 omnes

1648 2388 1804 2429 vaut:
1863 2395 2037 2449 verum
2080 2381 2303 2436 cumssb
2347 2381 2446 2431 hac
2484 2381 2710 2431 lectione

1646 2458 1882 2508 codicum
1918 2457 2083 2508 nullus
2117 2458 2407 2522 dissentiat,
2427 2457 2710 2509 dicendum

1647 2545 1725 2584 est
1749 2536 1844 2584 hoc
1866 2536 2075 2585 verbum
2099 2538 2114 2564 ‘
2130 2536 2373 2586 nudatos’
2389 2551 2454 2584 ex
2474 2537 2538 2584 iis
2555 2551 2748 2594 uuum,

1646 2627 1761 2660 esse
1798 2628 1913 2677 quae
1956 2613 2203 2662 Suetonio
2250 2613 2537 2677 peculiaria
2572 2620 2713 2663 sunt.

1648 2696 1661 2718 ‘
1692 2690 1872 2739 Nudos
1920 2689 2158 2754 equites’
2205 2705 2298 2753 pro
2345 2690 2617 2739 sceleratis
2660 2697 2715 2741 et

1645 2766 1907 2830 probrosis
1931 2767 2066 2815 dixit
2096 2766 2282 2816 Cicero
2308 2768 2395 2817 lib.
2420 2779 2458 2816 1.
2484 2768 2552 2816 ad
2578 2768 2715 2817 Atti-

1645 2859 1761 2892 cum
1788 2845 1956 2907 Epist.
1983 2848 2060 2892 13.

1708 2922 1730 2955 f
1761 2925 1914 2986 Opere
1949 2923 2182 2987 censorio]
2240 2923 2527 2972 censorum
2576 2923 2713 2972 enim

1645 3006 1761 3049 erat
1799 3009 1853 3048 et
1892 3001 2166 3049 Senatores
2206 2999 2381 3061 legere
2422 3009 2477 3048 et
2517 3000 2713 3049 Senatu

1645 3091 1877 3138 movere,
1894 3077 2098 3141 aliaque
2121 3075 2335 3138 implere
2361 3076 2602 3125 maximae
2625 3090 2714 3140 ρο·

1645 3154 1853 3203 testatis
1883 3151 2070 3203 officia.
2138 3152 2442 3202 Censorium
2465 3167 2601 3216 opus
2631 3152 2714 3205 uie

1644 3231 1864 3278 sumitur
1888 3244 1982 3292 pro
2006 3235 2128 3278 uota
2150 3227 2400 3277 censoria.

1706 3314 1731 3350 ε
1764 3303 1987 3367 Ambitu]
2027 3306 2114 3354 De
2155 3305 2354 3354 ambitu
2393 3304 2525 3368 quid
2573 3310 2715 3355 esset

1642 3398 1800 3446 supra
1824 3398 1938 3447 cap.
1960 3387 2009 3431 9.

1705 3459 1730 3492 ¹¹
1766 3459 1997 3522 Comitia]
2031 3460 2198 3522 Supra
2219 3472 2335 3521 cap.
2363 3461 2444 3506 la.

1701 3537 1715 3571 ¹
1734 3538 1960 3587 Porticus
1980 3535 2074 3599 est]
2097 3536 2210 3586 Hoc
2232 3543 2332 3594 est,
2342 3535 2432 3599 jus
2457 3535 2716 3585 creando·

1642 3629 1754 3663 rum
1770 3614 2159 3677 magistratuum
2179 3613 2253 3661 sie
2273 3612 2472 3676 divisit,
2485 3619 2546 3662 ut
2564 3613 2715 3663 dimi-

1641 3693 1780 3742 diam
1823 3691 2215 3741 candidatorum
2264 3698 2467 3754 partem
2518 3682 2748 3754 populo'

1641 3768 1956 3831 relinqueret
1997 3767 2310 3831 eligendam,
2346 3767 2569 3816 alteram
2615 3766 2717 3816 sibi

1606 3871 1611 3875 ,
1641 3851 1947 3894 reservaret.
2005 3844 2144 3893 Hinc
2172 3844 2444 3895 ,luvenalis
2469 3844 2634 3894 satir.
2657 3857 2716 3896 x-

1640 3919 1911 3970 subaetum
1932 3919 2105 3970 ridens
2129 3921 2374 3985 populum
2394 3936 2409 3969 t
2427 3919 2429 3921 ’
2450 3922 2466 3948 ‘
2492 3922 2599 3972 Qui
2624 3921 2716 3970 da-

1641 3996 1733 4046 bat
1767 3997 1886 4046 olim
1917 3995 2217 4060 Imperium,
2241 3995 2433 4059 fasces,
2455 3997 2715 4063 legiones,

1638 4075 1826 4130 omnia,
1848 4088 1986 4145 nune
2014 4088 2071 4123 se
2103 4074 2369 4137 Continet,
2391 4074 2715 4138 atqueuuas

1638 4159 1839 4203 tautum
1880 4164 1964 4199 res
2000 4149 2181 4202 auxius
2214 4157 2366 4219 urget
2392 4149 2641 4217 Panem,
2655 4155 2714 4201 et

1640 4227 1942 4285 circenses:
1965 4229 2063 4277 διο.
