3019 4922
1237 421 1616 475 mmmmm.
2381 417 2508 483 491

340 568 589 654 digne}
613 573 837 635 aetum
864 569 936 634 in
966 561 1231 647 Senatu,
1268 576 1343 637 ut
1384 572 1605 638 titulis
1644 571 1810 650 suis,
1843 573 2038 657 quasi
2066 574 2379 660 Augusti,
2408 581 2510 646 ita

338 680 410 737 et
460 672 713 739 Liviae⁸
761 672 959 750 filius,
1008 671 1421 756 adjiceretur.
1509 673 1739 753 Quare
1789 694 1919 740 non
1964 681 2342 761 ‘parentem
2385 702 2508 765 pa-

335 774 498 841 triae'
520 772 543 812 f
586 775 924 860 appellari,
982 794 1116 840 non
1169 777 1417 841 ullum⁹
1475 778 1798 860 insignem
1846 777 2156 845 honorem
2209 785 2507 868 recipere

334 878 621 960 publice,
658 897 903 963 passus
942 884 1099 944 est.⁸
1183 878 1321 944 Sed
1354 885 1424 946 et
1453 880 1819 964 frequenter
1863 879 2280 962 admonuit‚¹0
2324 890 2507 951 ‘ma-

322 977 584 1063 joribus
626 1000 750 1046 nec
793 979 1085 1045 foeminae
1128 979 1721 1047 convenientibush
1763 983 2049 1066 negotiis
2079 986 2447 1054 abstineret
2465 989 2505 1055 :'

329 1084 670 1167 praecipue
713 1089 790 1148 nt
832 1083 1290 1150 animadvertit
1330 1084 1642 1149 incendio
1676 1084 1880 1169 juxta
1920 1087 2137 1152 aedem
2165 1088 2395 1157 Vestae
2439 1098 2506 1157 et

326 1183 548 1267 ipsam
590 1187 1040 1264 intervenisse,
1099 1186 1552 1271 populumque
1608 1195 1674 1254 et
1726 1188 1992 1266 milites,
2049 1209 2182 1273 quo
2240 1193 2503 1257 enixius

327 1305 530 1370 opem
570 1288 832 1368 ferrent,
877 1288 1322 1368 adhortatam,
1368 1290 1548 1354 sicut
1589 1291 1714 1355 sub
1756 1291 1998 1355 marito
2056 1292 2256 1357 solita
2304 1299 2502 1359 esset.

325 1390 495 1473 [51.]
542 1391 803 1458 Dehinc
835 1391 922 1457 ad
960 1392 1360 1457 simultatem
1382 1400 1402 1430 ¹
1445 1411 1661 1476 usque
1703 1393 2051 1476 processit,
2093 1393 2241 1473 hac,
2284 1401 2362 1460 ut
2404 1397 2502 1461 fe-

323 1500 496 1571 runt,
553 1493 634 1557 de
682 1514 907 1559 causa.
996 1493 1278 1559 Instanti
1323 1496 1597 1578 saepiuS,
1641 1500 1715 1559 ut
1756 1496 2028 1561 civitate
2073 1495 2388 1562 donatum
2432 1498 2502 1562 in

322 1592 662 1660 decuriasi
712 1597 1049 1680 allegeret,
1077 1596 1366 1679 negavit,
1395 1597 1534 1661 alia
1561 1616 1633 1661 se
1677 1597 2051 1664 conditione
2080 1599 2496 1678 allecturum,

318 1716 525 1780 quam
554 1700 615 1763 si
641 1706 974 1783 pateretur
994 1699 1240 1764 ascribi
1262 1696 1469 1777 albo,k
1498 1703 1520 1733 ‘
1544 1703 1876 1764 extortum
1898 1707 1924 1737 ²
1952 1700 2022 1765 id
2045 1700 2171 1766 sibi
2193 1720 2235 1766 a
2254 1700 2503 1767 matre?

1515 1879 1577 1901 00

313 2014 564 2078 plurimis.
630 2014 694 2064 Iu
732 2014 866 2065 Edd.
904 2015 1035 2065 Ven.
1055 2019 1104 2065 2.
1125 2020 1176 2065 3.
1212 2014 1472 2074 Sabellici,
1504 2030 1657 2080 quem
1693 2017 1838 2066 Cald.
1873 2016 2019 2067 Med.
2052 2017 2171 2067 Bas.
2196 2017 2398 2083 Grypb.
2429 2017 2499 2068 al·

311 2080 481 2130 secuti
505 2087 644 2135 sunt.
665 2085 713 2130 et
731 2095 860 2142 aegre
880 2081 969 2129 uti.
1015 2081 1237 2131 Casaub.
1267 2083 1496 2131 servavit
1524 2096 1673 2146 oegre,
1694 2096 1946 2144 reponens
1970 2083 2176 2146 insuper
2196 2088 2377 2133 tuntum
2400 2097 2495 2147 pro

310 2150 471 2195 tumen
491 2153 675 2194 contra
699 2146 830 2196 Mss.
869 2145 1002 2209 quod
1026 2146 1139 2207 ejus
1163 2147 1470 2196 auctoritate
1494 2147 1719 2196 retinent
1742 2145 1930 2196 Schild.
1952 2148 2252 2211 aliique—7
2288 2148 2496 2210 Indigna

308 2209 526 2259 Merum.
539 2211 736 2273 perinde
751 2211 904 2259 vind.
925 2214 975 2259 2.
996 2216 1153 2261 actum
1173 2212 1318 2260 deest
1337 2211 1470 2261 Edd.
1496 2212 1642 2261 Rom.
1675 2213 1805 2261 Mox
1820 2211 2067 2262 exhibent
2083 2214 2134 2262 in
2152 2213 2262 2262 Seu.
2282 2213 2495 2263 Memm.
2581 2237 2584 2240 ·

307 2274 509 2326 Medic.
547 2275 709 2324 Polit.
742 2275 898 2324 Vind.
931 2279 981 2324 2.
1014 2276 1167 2326 Voss.
1205 2277 1348 2327 Dun.
1393 2277 1551 2327 Fouc.
1584 2278 1714 2340 Cop.
1736 2276 1863 2326 Mss.
1884 2277 2112 2328 Turneb.
2135 2288 2191 2327 et
2205 2278 2351 2327 Torr.
2375 2293 2493 2328 cum

306 2340 447 2389 Edd.
463 2340 597 2389 Ven.
618 2346 665 2390 1.
686 2340 817 2390 Bou.
840 2340 1022 2402 Steph.
1063 2340 1125 2389 Iu
1148 2341 1358 2405 reliquis
1379 2358 1409 2392 a
1432 2341 1545 2391 Seu.
1568 2342 1743 2392 Periz.
1764 2347 1857 2391 act.
1881 2341 1997 2392 Seu.
2014 2343 2105 2392 sed
2123 2356 2283 2406 marg.
2298 2343 2493 2407 ascrip-

304 2410 414 2454 tum
439 2409 588 2455 o.—8
625 2405 709 2454 Itu
728 2411 783 2454 ut
801 2405 864 2455 L.
886 2405 1080 2456 Medic.
1101 2410 1150 2455 2.
1173 2407 1290 2470 Cuj.
1350 2407 1538 2456 Mallet
1559 2407 1778 2472 Baumg.
1802 2407 1952 2457 Julioe
2005 2410 2040 2457 l.
2063 2408 2140 2456 uti
2162 2407 2329 2458 Tacit.
2350 2421 2390 2456 r.
2414 2412 2494 2458 14.

308 2471 504 2521 babet:
538 2472 839 2521 addiceretur
858 2470 1016 2521 vind.
1037 2476 1371 2537 uterque.—9
1395 2473 1596 2521 Nullum
1619 2474 1830 2522 Merum.
1857 2472 1933 2525 Ed
1975 2505 1989 2519 .
2010 2474 2141 2522 Ven.
2163 2477 2211 2522 2.
2231 2475 2279 2521 8.
2316 2473 2496 2522 Verba

304 2551 412 2600 opp.
436 2550 489 2585 τι.
506 2550 552 2584 ιι.
577 2536 611 2585 ἱ.
634 2537 681 2585 h.
698 2550 742 2586 r.
767 2535 954 2586 desunt
978 2536 1127 2586 Huls.
1178 2538 1307 2587 Mox
1328 2539 1409 2586 sed
1430 2537 1563 2600 freq.
1588 2538 1746 2587 Fouc.
1766 2536 1949 2586 omisso
1970 2541 2163 2586 et.—10
2184 2535 2494 2586 Admonita-it

306 2610 360 2650 et
382 2601 590 2660 uefoem.
615 2601 667 2650 in
682 2600 839 2651 Vind.
856 2605 903 2650 l.
955 2601 1016 2650 In
1038 2600 1295 2666 plerisque
1312 2602 1442 2652 Mss.
1461 2608 1518 2651 et
1543 2602 1674 2652 Edd.
1692 2602 1850 2651 etiam
1868 2601 2084 2651 Casaub.
2110 2602 2278 2665 Rapb.
2299 2600 2492 2651 Sebild.

300 2666 499 2730 legitur
529 2667 651 2728 quod
681 2680 772 2715 non
794 2666 907 2727 ποιῇ.
930 2666 1023 2716 sed
1046 2667 1147 2715 ista
1173 2681 1252 2729 qu.
1287 2681 1381 2714 non
1412 2665 1548 2715 band
1580 2673 1879 2730 comparent
1917 2666 1970 2715 in
2004 2665 2200 2716 Medic.
2222 2671 2270 2715 1.
2290 2668 2339 2714 8.
2363 2665 2495 2730 Cop-

303 2732 521 2780 Memm.
544 2730 679 2781 Edd.
701 2731 833 2780 Bon.
856 2732 977 2780 Bas.
997 2731 1164 2780 Paris.
1188 2731 1391 2795 Gryph.
1415 2731 1592 2781 Plant.
1612 2731 1796 2796 Stepb.
1817 2732 2056 2781 Torr.-l
2090 2730 2173 2780 Aa
2192 2730 2492 2780 dissimulan-

298 2797 416 2844 dam
439 2795 597 2845 Vind.
629 2801 676 2844 1.
745 2796 885 2845 Dein
921 2811 972 2846 se
1006 2796 1104 2845 ulia
1139 2803 1360 2859 uterque
1390 2795 1545 2845 vind.
1607 2796 1735 2846 Mox
1755 2795 1959 2845 absc-ribi
1980 2795 2151 2845 Periz.
2173 2795 2410 2846 Harlem.
2432 2802 2492 2845 et

301 2860 441 2910 Edd.
463 2875 623 2925 usque
646 2860 711 2909 ad
736 2861 866 2911 Bon.
929 2860 1036 2910 Alii
1072 2861 1393 2912 adscribis—2
1425 2862 1668 2910 Exortum
1703 2861 1935 2911 Harlem.
2002 2862 2106 2911 Pro
2140 2865 2368 2910 commota
2397 2860 2491 2910 dat

299 2931 561 2976 commenta
582 2940 708 2976 uuus
725 2925 872 2977 Torr.
938 2925 1074 2977 Item
1097 2927 1301 2976 codiceu.
1328 2926 1521 2976 Medic.
1547 2926 1698 2976 Huls.
1734 2940 1851 2976 cum
1885 2924 2019 2975 Edd.
2055 2925 2269 2991 aliquot,
2301 2933 2361 2975 ut
2394 2939 2487 2975 sae-

1291 3121 1506 3175 No'rAE

297 3239 511 3307 quidem
533 3238 864 3303 praebendum
885 3253 988 3289 non
1002 3237 1247 3303 jusserat.
1495 3239 1521 3274 ¹³
1558 3238 1970 3302 Convenientibus]
2005 3238 2192 3290 Qualia
2224 3242 2342 3289 suut
2362 3237 2488 3303 pub-

361 3319 386 3351 0
427 3317 580 3377 Egere
603 3315 776 3380 [oegre]
807 3314 913 3364 Alii
936 3316 1351 3378 leguntetegere.
1430 3315 1533 3364 lica
1576 3315 1805 3379 negotia,
1844 3328 1876 3373 a
1918 3327 2134 3377 quorum
2175 3316 2485 3364 tractatione

363 3391 383 3427 f
412 3389 872 3453 Parentempatrioe]
906 3389 1146 3438 Tacitus:
1182 3391 1197 3417 ⁸
1217 3390 1355 3439 Mul·
1432 3389 1666 3439 foeminas
1691 3397 1869 3439 arcent
1893 3390 2051 3452 leges.

296 3476 353 3519 ta
375 3476 582 3533 patrum
616 3476 672 3517 et
705 3466 754 3515 in
788 3465 1076 3529 Augustam
1108 3463 1355 3528 adulatio,
1495 3465 1509 3499 ¹
1547 3466 1798 3531 Decurias]
1831 3464 2098 3526 Judicum,
2115 3465 2181 3514 de
2195 3465 2379 3528 quibus
2401 3481 2485 3517 su-

297 3545 384 3595 alii
423 3544 723 3605 Pammeni,
765 3542 852 3590 alii
895 3541 1115 3589 Matrem
1153 3539 1349 3591 Patriae
1431 3555 1525 3605 pra
1543 3557 1659 3605 cap.
1684 3546 1770 3592 41.
1792 3547 1848 3590 et
1866 3539 1999 3605 Aug.
2022 3555 2136 3604 cap.
2159 3544 2240 3590 29.
2261 3549 2316 3593 et
2338 3547 2419 3594 82.

297 3619 697 3685 appellandam3
757 3616 988 3683 plerique
1045 3622 1103 3666 ut
1158 3617 1349 3666 nomini
1494 3616 1521 3651 ¹¹
1551 3617 1699 3684 Albo]
1746 3616 1934 3667 Album
1981 3624 2097 3668 erat
2142 3617 2336 3680 tabula,
2380 3636 2483 3686 qua

296 3697 519 3748 Caesaris
541 3695 904 3756 ascriberetur,
925 3693 1108 3745 JuuAE
1144 3695 1348 3756 Funus,
1417 3693 1673 3757 judicum,
1697 3694 1807 3742 sive
1843 3694 2055 3743 aliorum
2078 3696 2370 3757 quorumvis
2393 3711 2483 3746 no·

295 3771 611 3824 censebant?
701 3771 843 3826 Quin
899 3777 953 3820 et
1008 3771 1060 3821 in
1125 3771 1347 3836 antiquis
1427 3771 1568 3822 mina
1587 3771 1851 3835 descripta
1874 3770 2305 3836 proponebantur.
2341 3772 2482 3824 Hinc

293 3849 513 3899 nummis
552 3849 743 3913 legitur
781 3848 987 3912 ineptus
1021 3847 1106 3898 bic
1150 3848 1349 3903 titulus,
1429 3849 1586 3899 toties
1620 3848 1759 3913 apud
1786 3847 2181 3912 jurisconsultos
2213 3848 2317 3897 albi
2341 3864 2481 3900 men-

292 3940 457 3978 sumn
488 3939 738 3978 Aeonem
768 3939 1045 3977 cem'rmx
1079 3932 1254 3976 cums.
1428 3924 1523 3985 tio,
1554 3939 1604 3974 v.
1624 3939 1674 3988 g.
1711 3923 1804 3973 ‘de
1839 3923 1957 3973 albo
1990 3924 2288 3987 corrupto:'
2321 3926 2481 3976 mule·

357 4013 382 4048 ⁸
416 4004 662 4067 Insignem
682 4004 901 4053 honorem
919 4003 1120 4066 recipere
1149 4001 1349 4066 publice,
1430 4001 1642 4053 tabatur
1684 4000 1820 4050 euim
1864 4000 1952 4065 qui
1992 4000 2120 4050 illud
2165 4002 2480 4066 corrupisset

292 4094 460 4144 possus
489 4080 586 4143 est]
617 4078 757 4132 Quin
793 4084 849 4128 et
881 4085 1101 4127 mortuae
1145 4075 1346 4128 delatos
1426 4083 1520 4127 aut
1555 4075 1910 4141 quoquomodo
1941 4075 2189 4128 vitiasset.
2256 4079 2340 4128 De
2359 4079 2478 4131 albo

294 4148 512 4206 bonores
550 4170 644 4220 per
680 4153 949 4205 modestiae
986 4151 1210 4216 speciem
1252 4152 1345 4202 Se·
1423 4151 1695 4203 Pontificis
1713 4151 1928 4202 Maximi
1941 4151 2053 4216 jam
2071 4168 2229 4219 snpra
2244 4156 2478 4222 quaedam

294 4239 471 4283 natum
493 4233 725 4283 minuere
750 4230 926 4296 jussit,
958 4235 1015 4279 ut
1045 4228 1178 4278 idem
1198 4228 1346 4279 Taci-
1423 4230 1474 4281 in
1497 4228 1638 4284 Julio
1660 4243 1777 4294 cap.
1797 4231 1879 4279 40.
1957 4228 1960 4231 ’
2147 4230 2150 4233 “

298 4316 380 4359 tus
404 4308 493 4361 lib.
527 4323 580 4360 V.
