3019 4922
545 422 675 485 444
1400 440 1461 484 c.
1512 438 1873 487 sussroun

548 584 678 648 nisi
734 601 1078 662 concessa,
1122 587 1236 648 aut
1283 582 1685 648 necessaria.
1770 583 1987 651 Trans
2039 583 2345 651 Rhenum
2384 606 2552 652 vero
2592 581 2740 654 eum

548 686 709 751 vitae
750 685 1040 750 ordinem
1093 684 1327 763 tenuit,
1372 690 1450 750 ut
1495 685 1729 750 sedens
1777 687 1882 750 in³
1937 689 2194 772 cespite
2239 691 2470 755 nudo?
2512 691 2738 756 cibum

547 795 832 874 caperet,
874 809 1058 873 saepe
1104 789 1247 854 sine
1289 789 1567 854 tentorio
1604 799 2047 872 pernoctaret,
2084 798 2431 877 praecepta
2459 815 2741 879 sequen-

547 894 639 957 tis
669 893 801 957 diei
831 893 1077 970 omnia,
1103 898 1171 958 et
1197 891 1256 957 si
1285 891 1451 976 quid
1482 891 2002 958 subiti‘muneris
2029 896 2502 980 injungendum
2536 908 2740 977 esset,

547 1016 667 1079 per
691 996 957 1062 libellos
987 995 1208 1078 daret3
1264 994 1502 1060 addita
1543 995 1927 1072 monitione,
1967 993 2056 1075 ut,
2106 998 2191 1063 de
2236 1018 2373 1083 quo
2414 999 2743 1084 quisque*

547 1099 905 1176 dubitaret,
950 1118 1043 1177 se,
1102 1119 1224 1164 nec
1273 1099 1407 1163 alio
1461 1096 1868 1182 interprete,q
1914 1088 2330 1186 quacumque
2373 1102 2483 1167 vel
2522 1104 2741 1168 noctis

545 1201 706 1266 hora
730 1209 1041 1270 uteretur.
1132 1201 1297 1288 [19.]
1327 1201 1774 1286 Disciplinam
1795 1209 1816 1237 ¹·
1842 1203 2157 1268 acerrime
2175 1205 2419 1287 exegit,
2440 1205 2742 1270 animad-

542 1306 927 1371 versionum
967 1313 1035 1371 et
1073 1307 1579 1390 ignominiarum
1610 1305 1958 1389 generibus
1990 1326 2079 1372 ex
2108 1307 2508 1391 antiquitate
2549 1328 2742 1393 repe-

544 1408 714 1486 titis,
743 1405 947 1495 atque
976 1412 1177 1476 etiam
1208 1410 1465 1493 Legato
1494 1408 1790 1492 legioni&
1820 1410 2003 1493 quod
2028 1429 2284 1493 paucos
2313 1411 2562 1476 milites
2586 1432 2739 1477 cum

543 1511 786 1577 liberto
815 1533 936 1579 suo
966 1519 1148 1579 trans
1177 1515 1389 1597 ripam
1426 1522 1734 1579 venatum
1752 1520 1774 1549 ⁸
1802 1513 2120 1593 misisset,
2162 1515 2568 1596 ignominia⁵
2613 1535 2731 1580 no-

538 1619 705 1679 tat0.
795 1616 1072 1694 Praelia,
1104 1618 1415 1702 quamvis
1444 1618 1789 1681 minimum
1809 1617 2093 1682 fortunae
2115 1617 2134 1653 ‘
2160 1617 2568 1702 casibusque
2587 1638 2735 1702 per-

544 1718 854 1800 mitteret,
884 1719 1223 1805 aliquanto
1253 1722 1663 1788 constantius
1683 1721 1913 1799 inibat,
1943 1722 2210 1806 quoties
2224 1722 2614 1788 lucubrante
2645 1742 2739 1794 se,

1463 1939 1829 1962 OOOOOOOOOO

545 2082 770 2133 lantibus
792 2086 1002 2148 optimis
1025 2102 1085 2138 ac
1105 2088 1336 2152 plurimis
1360 2089 1523 2141 Codd.
1590 2091 1836 2140 Ceterum
1858 2090 2242 2152 vehiculaturam,
2265 2087 2402 2154 quod
2424 2088 2476 2138 in
2508 2087 2640 2139 Cod.
2662 2103 2738 2139 re-

547 2150 684 2210 perit
709 2160 763 2198 et
787 2152 953 2215 aliquo
976 2152 1127 2201 modo
1145 2154 1329 2216 probat
1352 2155 1585 2206 'l'urneb.
1610 2156 1748 2205 Adv.
1767 2170 1889 2206 xlv.
1915 2161 1995 2206 17.
2027 2155 2186 2206 habet
2217 2155 2373 2205 etiam
2397 2153 2596 2206 Medic.
2616 2157 2670 2206 2.
2697 2162 2744 2206 et

544 2227 719 2263 necess.
743 2215 896 2265 vind.
918 2221 1062 2267 2.—3
1096 2219 1158 2266 In
1180 2219 1331 2268 deest
1351 2220 1488 2270 Ven.
1515 2225 1561 2268 1.
1627 2222 1761 2270 'Pum
1783 2237 1948 2284 caper-o
1987 2221 2104 2284 Cuj.
2139 2228 2196 2270 et
2231 2229 2416 2285 postea
2446 2219 2741 2283 pertractarit

543 2278 754 2328 Menum.
778 2281 976 2330 Medic.
1009 2287 1057 2331 3.
1085 2284 1244 2332 Polit.
1308 2285 1436 2334 Mox
1462 2285 1594 2334 Edd.
1619 2286 1798 2336 GraeV.
1836 2287 1999 2336 Gron.
2019 2286 2064 2334 si
2084 2286 2214 2350 quid,
2247 2286 2440 2335 omissa
2463 2285 2656 2346 copula
2675 2290 2741 2351 et.

543 2344 684 2405 Lips.
706 2359 820 2394 cum
839 2345 888 2394 in
913 2347 1041 2394 Exc.
1068 2348 1186 2408 Cuj.
1208 2349 1465 2399 invenerit
1487 2350 1674 2400 timoris
1697 2366 1790 2414 pro
1817 2367 1864 2400 v·
1886 2352 1918 2400 l.
1938 2351 2028 2400 τοῦ
2047 2351 2271 2412 muneris,
2289 2350 2428 2415 conj.
2451 2355 2501 2400 et
2518 2351 2617 2401 nisi
2699 2350 2713 2407 ⁸,

542 2409 648 2457 sub.
675 2410 977 2460 nunciis.—-4
1006 2413 1233 2477 Quisquis
1255 2415 1422 2465 Periz.
1444 2416 1578 2466 Edd.
1604 2418 1751 2467 Rom.
1818 2417 1954 2466 Item
1986 2432 2072 2467 neo
2100 2421 2226 2467 πηοί.
2250 2416 2390 2468 -dant
2409 2417 2542 2468 Exe.
2562 2416 2642 2467 cn
2742 2422 2745 2425 ’

544 2479 573 2523 5
609 2475 928 2537 Ignominiam
947 2478 1093 2528 Dun.
1158 2481 1286 2530 Mox
1307 2481 1489 2531 casibus
1511 2483 1623 2533 sine
1641 2499 1729 2547 que
1753 2484 1884 2548 Cop.
1916 2483 2066 2535 Huls.
2092 2483 2222 2533 Edd.
2244 2483 2396 2537 sunt.
2417 2480 2543 2533 Ala.
2560 2480 2741 2554 &opfi-

1528 2681 1747 2733 NOTAE

1682 2810 1833 2862 quem
1857 2810 1971 2846 cum
1996 2795 2158 2860 gloria
2188 2792 2405 2844 fundere
2440 2808 2535 2859 pro
2574 2796 2742 2859 patria

1680 2873 1971 2936 noluerant,
1993 2888 2109 2922 eum
2135 2888 2249 2922 cum
2273 2871 2553 2935 ignominia
2593 2873 2742 2922 amit·

543 2801 618 2849 se,
643 2795 702 2839 ut
731 2790 809 2840 ita
840 2789 1043 2842 dicatur
1066 2793 1403 2860 vehiculator,
1420 2810 1598 2861 quern·

544 2866 819 2917 admodum
843 2870 1185 2923 naviculator.

604 2950 630 2983 Ρ
668 2944 855 3007 cespite
875 2948 1022 3011 uado]
1062 2948 1212 2997 More
1237 2960 1469 3014 veterum
1492 2948 1599 2998 Ro-

541 3033 829 3071 rnanorum.
898 3023 1049 3073 Unde
1091 3026 1335 3076 Horatius
1373 3027 1489 3077 Ode
1520 3031 1598 3076 15.

540 3095 630 3143 lib.
656 3110 715 3144 ιι.
738 3099 836 3147 aevi
867 3100 946 3147 sui
966 3114 1134 3149 mores
1154 3108 1340 3151 taxans
1374 3110 1429 3152 et
1466 3102 1597 3151 auti·

545 3185 672 3233 quos
687 3173 950 3237 requirens
967 3191 979 3220 ε
998 3178 1013 3203 ‘
1028 3191 1127 3226 non
1145 3178 1221 3227 ita
1238 3179 1435 3227 Romuli
1454 3179 1598 3227 Prae-

539 3245 812 3310 scriptum,
852 3257 910 3299 et
950 3250 1139 3301 intonsi
1176 3253 1388 3303 Catonis
1410 3253 1599 3318 Auspi-

543 3321 655 3383 ciis,
693 3332 1027 3392 veterumque
1061 3327 1272 3379 normal
1336 3331 1407 3380 Et
1443 3332 1597 3395 paulo

543 3408 696 3464 post:
731 3401 747 3429 ‘
773 3404 887 3454 Nec
920 3404 1190 3456 fortuitum
1214 3421 1462 3471 spernere
1485 3424 1594 3460 ces-

542 3476 709 3540 pitum
735 3479 899 3544 Leges
920 3480 1192 3545 sinebant‚’
1214 3486 1313 3533 διο.
1380 3484 1462 3535 De
1494 3499 1595 3550 quo

540 3561 598 3604 et
624 3555 936 3608 Plutarchus
958 3558 1009 3608 in
1042 3559 1259 3622 Catone,
1279 3563 1376 3611 &c.

621 3638 647 3673 (ι
700 3631 985 3698 Interprete]
1050 3635 1133 3685 Ne
1188 3636 1301 3700 quis
1355 3637 1599 3702 ambigua

538 3708 801 3772 scriptura
820 3711 1046 3774 seipsum
1066 3722 1354 3762 excusaret.
1406 3714 1600 3780 Hujus-

538 3787 678 3837 modi
703 3796 968 3852 praecepta
1003 3788 1209 3853 scriptis
1237 3805 1437 3855 quoqne
1476 3792 1598 3846 data

537 3862 699 3917 fuisse
721 3865 785 3914 ab
814 3865 945 3923 aliis,
983 3873 1165 3917 auctor
1199 3874 1281 3919 est
1318 3868 1597 3921 Frontinus

536 3939 632 3992 lib.
654 3941 722 3992 de
741 3941 1171 4006 Aquaeductibus.

605 4022 626 4049 ¹·
653 4019 995 4084 Disciplinam]
1016 4022 1164 4074 Idem
1188 4022 1252 4074 de
1273 4022 1513 4088 Augusto
1545 4040 1594 4078 c.

540 4096 624 4144 24.
648 4095 737 4144 ubi
758 4099 911 4148 etiam
934 4099 1001 4149 de
1022 4098 1176 4152 variis
1207 4101 1597 4163 ignominiarum

542 4169 834 4231 generibus,
857 4174 1042 4236 quibus
1077 4176 1282 4226 addesis
1312 4193 1458 4230 vente
1482 4195 1594 4230 sec-

542 4244 764 4306 tionem3
787 4246 1078 4308 ignomiuiae
1094 4252 1284 4318 quippe
1306 4269 1461 4306 cansa
1482 4271 1598 4305 san-

542 4325 655 4385 guis
666 4326 991 4390 mittebatur,
1003 4335 1062 4377 ut
1075 4342 1259 4393 nempe
1274 4333 1595 4398 sanguinem,

1680 2957 1854 2999 terent
1875 2966 1889 3000 ε
1925 2965 2036 3014 quae
2055 2963 2198 2998 mens
2222 2955 2303 2998 est
2324 2948 2539 2999 Antonii
2565 2950 2739 3000 Mure·

1682 3026 1720 3076 ti
1747 3027 1837 3077 tib,
1859 3041 1982 3078 xm.
2006 3027 2278 3076 variarum
2301 3027 2611 3078 Lectionum
2630 3042 2740 3090 cap.

1679 3108 1761 3153 20.
1828 3105 1944 3156 Quo
1967 3110 2137 3155 tamen
2155 3106 2269 3155 loco
2287 3104 2524 3154 diversus
2554 3106 2664 3156 abit
2680 3105 2739 3154 ab

1678 3179 1814 3229 Aulo
1837 3179 2011 3231 Gellio
2033 3182 2121 3231 lib.
2142 3194 2200 3231 x.
2223 3197 2270 3231 c.
2296 3186 2344 3231 8.

1741 3262 1760 3288 ⁸
1801 3255 2055 3320 Venatum]
2092 3257 2153 3305 Id
2175 3271 2378 3321 qnoque
2419 3272 2485 3307 ex
2518 3257 2738 3322 Augusti

1677 3330 1956 3396 disciplina
1992 3330 2155 3384 fuisse
2187 3333 2436 3386 evincunt
2469 3334 2642 3386 Macri
2658 3335 2738 3399 ju·

1676 3408 1969 3458 risconsulti
1989 3408 2167 3474 verba,
2195 3424 2311 3476 quae
2333 3410 2736 3460 Torrentiusre·

1678 3485 1828 3535 tulit:
1866 3484 2082 3535 ‘Debet
2113 3484 2200 3551 qui
2240 3487 2536 3537 meminerit
2570 3501 2629 3536 se
2662 3501 2736 3535 ar·

1675 3562 1828 3612 ruatis
1868 3576 2112 3625 praeesse,
2147 3562 2446 3626 parcissime
2487 3576 2735 3614 commea-

1680 3647 1787 3688 tum
1827 3638 1969 3701 dare,
2013 3652 2202 3704 equum
2257 3637 2539 3689 militarem
2595 3649 2737 3692 extra

1679 3715 2009 3766 Provinciam
2042 3716 2165 3767 duci
2201 3731 2302 3766 non
2341 3716 2646 3780 permittere
2677 3717 2734 3765 ad

1678 3808 1808 3858 opus
1848 3793 2122 3859 privatum,
2170 3800 2426 3856 venatum,
2465 3796 2736 3859 piscatum,

1677 3873 1891 3921 militem
1911 3885 2009 3921 non
2032 3873 2261 3922 mittere.
2327 3872 2463 3922 Nam
2497 3871 2551 3925 in
2588 3872 2737 3924 disci·

1677 3948 1823 4016 plina
1844 3948 2066 4014 Augusti
2086 3947 2162 3998 ita
2182 3946 2434 3999 cavetur?

1742 4026 1759 4058 ‘
1789 4027 2016 4082 Quamvis
2036 4025 2281 4076 minimum
2298 4024 2546 4089 fortuna]
2597 4025 2736 4091 Idip·

1675 4118 1784 4152 sum
1809 4119 1930 4155 vere
1952 4102 2257 4154 laudandum
2289 4102 2421 4153 mire
2456 4110 2737 4167 exaggerat

1675 4179 1909 4229 Velleius
1930 4180 2020 4231 lib.
2042 4194 2107 4229 ιι.
2131 4194 2248 4244 cap.
2285 4184 2400 4230 115.
2443 4188 2626 4245 utpote
2651 4179 2731 4231 cui

1673 4264 1729 4309 et
1755 4257 1867 4323 ipse
1889 4257 2026 4309 bello
2047 4257 2197 4309 simul
2210 4254 2528 4310 interfuerit.
