3019 4922
2258 364 2491 461 '⁸427

309 551 509 618 ducto
556 551 642 616 ad
690 550 1033 617 Orientem
1077 546 1430 630 exercitu‚*
1472 572 1742 635 regnum
1792 542 2172 618 Armeniae⁶
2217 554 2511 637 Tigrani

305 657 617 733 restituit,
665 676 745 720 ac
791 676 913 739 pro
943 652 1257 721 tribunali
1298 656 1604 721 diadema
1634 656 1975 739 imposuit.
2065 657 2354 741 Recepit
2383 662 2492 724 et¹

306 759 517 839 signa,
548 778 699 842 quae
747 758 844 820 M.
880 756 1130 823 Crasso
1172 759 1559 823 ademerant
1607 756 1884 823 Parthi.i
1972 760 2142 825 Post
2182 762 2329 827 baec
2361 761 2495 826 Co-

305 867 551 925 matam
580 857 605 895 ¹‘
636 860 931 927 Galliam
963 880 1130 926 anno
1155 862 1291 925 fere
1322 862 1520 938 rexit,
1553 868 1620 925 et
1649 861 2073 927 barbarorum
2103 864 2494 932 incursioni-

303 964 459 1040 buS,
489 971 561 1032 et
589 965 968 1048 principum
1014 963 1351 1029 discordia
1370 971 1394 999 ²
1426 964 1814 1047 inquietam.
1902 961 2084 1029 Exin
2104 973 2124 1013 ³
2159 966 2494 1033 Raeticum

303 1064 904 1158 Vindelicumque¹
933 1067 1210 1143 bellum,
1242 1067 1397 1132 inde
1430 1064 1920 1145 Pannonicum,
1946 1067 2105 1132 inde
2152 1068 2494 1133 Germani-

304 1190 461 1237 cum
489 1172 713 1253 gessit.
802 1169 1071 1235 Raetico
1103 1178 1307 1253 atque
1338 1170 1693 1235 Vindelico
1714 1176 1938 1252 gentes
1968 1169 2289 1254 Alpinas3
2320 1171 2494 1235 Pan·

303 1274 553 1338 nonico
583 1273 883 1357 Breucos
902 1279 933 1319 4
958 1280 998 1308 ²¹¹
1045 1280 1112 1337 et
1161 1274 1515 1339 Dalmatas
1547 1275 1855 1356 subegit3
1901 1273 2300 1340 Germanico
2331 1295 2493 1359 qua-

303 1375 609 1459 draginta
633 1383 655 1423 5
702 1377 912 1441 millia
932 1384 961 1410 ¹²
1009 1375 1465 1443 dediticiorum
1525 1377 1789 1461 trajecit
1821 1379 1890 1442 in
1915 1377 2233 1452 Galliam,
2258 1379 2495 1461 juxta-

302 1498 437 1562 que
470 1479 685 1563 ripam
734 1479 957 1549 Rheni
987 1481 1258 1546 sedibus
1277 1480 1304 1520 ⁶
1333 1481 1694 1564 assignatis
1722 1480 2100 1547 collocavit.
2186 1479 2375 1560 Quas
2404 1481 2492 1546 ob

1219 407 1601 457 TIBERIUS·

1215 1661 1575 1684 eeeoeeeeeeee

298 1796 467 1844 deinde
484 1796 534 1844 d.
553 1802 674 1845 ante
698 1795 839 1845 Oud.
874 1797 962 1861 qui
985 1799 1224 1858 reposuit
1237 1800 1365 1861 dein,
1399 1799 1710 1848 atictoritate
1734 1801 1947 1851 Memm.
1972 1798 2166 1848 Medic.
2190 1804 2238 1848 1.
2261 1803 2308 1848 3.
2340 1799 2494 1849 Vind.

301 1863 432 1922 Cup.
467 1861 610 1911 Cort·
637 1862 753 1924 Cuj.
776 1863 929 1911 Voss.
954 1870 1008 1911 et
1043 1863 1178 1913 Edd.
1219 1865 1366 1915 Rom.
1400 1865 1716 1926 astipulante
1750 1866 1906 1913 Fon-c.
1939 1865 2026 1928 qui
2063 1865 2298 1926 superius
2333 1865 2493 1913 habet

297 1926 524 1983 tribunis.
559 1928 736 1975 Burm.
753 1928 889 1991 conj.
913 1928 1021 1977 dein
1041 1930 1348 1978 deductae-1
1385 1931 1594 1979 Desunt
1614 1944 1764 1991 recep.
1794 1935 1842 1979 et
1876 1930 1974 1978 Ed.
2010 1930 2178 1992 Lugd.
2240 1930 2303 1978 In
2328 1930 2493 1978 Periz.

299 1992 462 2040 vind.
494 1996 543 2041 2.
586 1991 864 2055 recepitque.
928 1995 1057 2042 Tum
1095 1999 1198 2056 post
1224 1995 1311 2050 hoc
1333 1992 1541 2043 Memm.
1563 1995 1757 2044 Medic.
1779 2000 1828 2044 2.
1856 1996 2013 2043 Polit.
2030 1993 2187 2043 Vind.
2209 1999 2255 2045 1.
2279 1997 2493 2044 Voss.—

299 2059 333 2104 2
374 2057 644 2106 Discordiis
679 2058 836 2108 Fouc.
904 2059 1031 2107 Mox
1066 2059 1376 2121 inquietatum
1412 2061 1552 2123 conj.
1590 2061 1759 2109 Boxh.
1794 2060 1877 2113 uti,
1911 2061 2076 2110 edidit
2113 2060 2372 2112 Jnnk.-3
2409 2059 2494 2108 lta

301 2122 517 2171 Memm.
543 2121 735 2173 Medic.
761 2122 917 2173 Polit.
952 2125 1103 2173 Voss.
1125 2125 1257 2187 Cop.
1292 2125 1443 2176 Huls.
1470 2125 1586 2174 Pal.
1610 2129 1660 2174 1.
1691 2126 1836 2175 Dun.
1869 2126 2028 2174 Fouc.
2053 2139 2182 2178 cum*
2201 2125 2333 2174 Edd.
2360 2127 2495 2175 Bon.

299 2188 432 2235 Ven.
457 2191 504 2235 1.
539 2186 702 2248 Lugd.
732 2186 881 2238 Junt.
905 2188 1033 2252 Arg.
1065 2190 1246 2253 Stepb.
1312 2191 1443 2240 Aliae
1466 2191 1653 2246 exhinc,
1687 2190 1842 2241 vind.
1865 2195 1914 2239 2.
1942 2207 2004 2241 ex
2040 2192 2142 2252 hia,
2175 2190 2332 2240 Viud.
2364 2195 2412 2240 1.
2447 2195 2494 2238 et

298 2252 429 2311 hinc,
465 2252 581 2302 Pal.
617 2256 664 2301 3.
701 2259 753 2302 et
788 2259 838 2303 2.
876 2253 990 2318 (qui
1028 2253 1292 2315 Creticam)
1327 2255 1453 2306 dant
1495 2256 1781 2307 exinde—4
1815 2257 2042 2309 Brennus
2060 2255 2252 2305 Medic.
2275 2261 2324 2304 2.
2348 2256 2494 2305 Corr.

300 2318 460 2366 Fouc.
490 2319 628 2367 Dun.
651 2318 855 2367 Viterb.
879 2321 1003 2368 Lisl.
1027 2321 1142 2370 Pal.
1166 2325 1213 2370 3.
1235 2322 1408 2373 Periz.
1434 2322 1667 2371 Harlem.
1690 2321 1842 2370 Vind.
1864 2326 1912 2370 2.
1944 2323 1996 2370 in
2031 2337 2192 2385 marg.
2215 2335 2330 2369 cum
2356 2320 2492 2369 Edd.

300 2382 493 2444 primis.
544 2383 753 2432 Breuios
773 2383 930 2434 vind.
959 2390 1002 2434 l.
1026 2385 1185 2435 Polit.
1220 2386 1318 2435 Ed.
1349 2386 1567 2436 Mediol.
1605 2394 1726 2436 tert.
1770 2388 1989 2436 Breunos
2005 2388 2155 2436 Voss.
2177 2387 2274 2435 Ed.
2301 2383 2417 2433 Ald.
2440 2393 2494 2434 et

299 2447 429 2497 Mss.
463 2449 622 2499 Tora·
668 2449 854 2499 Brenos
895 2451 1028 2499 Bon.
1066 2451 1234 2501 Paris.
1297 2452 1541 2502 Breuneos
1575 2451 1722 2501 Huls.
1772 2452 2009 2501 Breuntes
2037 2451 2193 2500 vind.
2227 2455 2275 2499 2.
2341 2450 2496 2514 Legit

299 2513 509 2563 Brentos
532 2513 786 2564 Lindenb.
807 2514 872 2562 ad
895 2516 1129 2566 Warnef.
1155 2516 1218 2565 de
1243 2517 1395 2566 Gest.
1420 2520 1589 2580 Long.
1623 2532 1685 2565 ιι.
1721 2521 1769 2566 3.
1821 2518 2031 2566 Breunte
2054 2517 2167 2566 Pal.
2192 2519 2237 2563 1.
2287 2515 2496 2564 Breucos
2516 2521 2531 2531 '

300 2579 421 2627 Pal.
443 2584 492 2629 2.
515 2588 569 2627 et
594 2579 814 2629 membb.
835 2581 1056 2630 Casanb.
1110 2582 1318 2630 Breucos
1341 2590 1555 2631 tuentur
1577 2582 1791 2630 Memm.
1823 2582 1965 2630 Pith.
1999 2581 2114 2646 Cuj.
2155 2578 2493 2642 probantibus

297 2644 443 2693 Torr.
470 2644 609 2695 Oud.
634 2645 867 2709 aliisque.
924 2647 1058 2695 Dein
1085 2646 1382 2695 Dalmatio-as
1403 2648 1549 2696 Cort.
1576 2646 1710 2695 Edd.
1734 2646 1913 2709 Camp.
1936 2647 2166 2695 Ven.-—6
2205 2646 2263 2693 In
2284 2645 2490 2708 quibus-

301 2709 417 2757 dam
450 2710 613 2759 Codd.
640 2711 756 2762 CX.
784 2711 992 2775 legitur.
1041 2711 1123 2761 cf.
1162 2713 1381 2775 Eutrop.
1402 2712 1437 2763 l.
1458 2725 1559 2761 vn.
1581 2727 1624 2760 c.
1648 2717 1696 2762 9.
1767 2711 1892 2760 Mox
1913 2712 2196 2760 deditiorum
2231 2710 2425 2758 Medic.
2446 2715 2496 2758 3.

298 2788 417 2825 cum
443 2775 576 2825 Edd.
597 2777 731 2827 Ven.
757 2781 804 2826 l.
845 2777 1008 2841 Lugd.
1030 2777 1179 2828 Junt.
1204 2777 1423 2828 Aut—6
1456 2777 1746 2840 Sedibusqae
1766 2776 1926 2827 Vind.
1947 2780 1998 2827 2.
2046 2776 2422 2840 edibusMedic.
2445 2779 2492 2823 3.

1294 2943 1507 2994 NOTAE

359 3074 389 3103 ¹*
428 3074 493 3125 A.
519 3075 584 3124 U.
607 3074 666 3125 C.
690 3080 804 3127 734.

359 3152 384 3186 ¹¹
418 3152 685 3215 Armenia]
723 3154 986 3204 Memorat
1021 3154 1118 3204 boc
1151 3160 1209 3205 et
1247 3153 1352 3204 Ho-

296 3231 481 3286 ratius,
530 3230 763 3293 Epistola
818 3230 880 3279 ad
932 3231 1126 3280 Iccium
1182 3231 1272 3281 lib.
1316 3246 1355 3285 1.

294 3317 309 3338 ⁸
336 3309 599 3359 Cantaber
643 3308 909 3373 Agrippae,
943 3307 1129 3360 Claudi
1162 3310 1356 3359 virtute

298 3387 525 3437 Neronis
543 3387 814 3436 Armenius
831 3386 1056 3436 cecidit.’
1121 3384 1357 3449 Agrippa

293 3464 780 3513 recrudescentibus
812 3463 958 3512 novis
990 3478 1197 3526 semper
1220 3463 1356 3512 Cau-

296 3539 566 3589 tabrorum
613 3539 996 3589 defectionibus
1034 3540 1258 3605 denique
1296 3539 1355 3589 fi·

296 3631 415 3666 nem
437 3617 698 3680 imposuit.
765 3614 913 3665 Infra
933 3632 981 3666 c.
1001 3620 1083 3667 41.

309 3735 314 3738 .
359 3692 375 3725 ¹
406 3692 608 3755 Parthi]
647 3693 706 3742 In
730 3693 967 3757 Augusto
990 3708 1107 3757 cap.
1130 3698 1215 3744 21.
1248 3692 1354 3743 Ad-

294 3768 378 3817 dit
415 3767 663 3817 Horatius
698 3769 814 3816 loco
846 3768 997 3817 modo
1032 3769 1247 3832 citato‚‘
1266 3770 1356 3834 jus

291 3844 669 3908 imperiumque
692 3844 949 3894 Phraates
968 3845 1190 3895 Caesaris
1207 3858 1356 3896 acce-

295 3921 376 3983 pit
401 3920 613 3984 genibus
637 3919 831 3968 minor.'

362 3996 387 4029 Κ
422 3996 690 4060 Comatam]
742 3996 978 4058 Excepta
1027 3995 1355 4047 Narbonensi

295 4074 472 4124 Gallia
492 4073 740 4137 reliquam
772 4072 1023 4122 continet.
1089 4075 1169 4123 De
1205 4074 1353 4138 hujus
1381 4125 1384 4128 ,

297 4149 553 4199 divisione
575 4164 729 4211 supra
751 4150 800 4198 iu
822 4149 965 4200 Julio
986 4165 1034 4200 c.
1058 4154 1139 4201 26.

364 4224 377 4259 ¹
409 4226 646 4275 Micam
680 4225 1089 4291 Vindelicumque]
1132 4227 1356 4291 Augusti

296 4301 542 4366 auspiciis
562 4310 764 4365 gestum
796 4312 894 4363 est,
916 4310 975 4353 ut
997 4318 1152 4367 supra
1172 4304 1223 4355 in
1249 4303 1353 4354 Au-

1434 3080 1589 3140 gusto
1611 3090 1660 3124 c.
1683 3080 1766 3125 21.

1497 3160 1534 3185 ¹²²
1566 3152 1803 3215 Breucos]
1835 3152 2134 3203 Torrentius
2156 3157 2212 3201 et
2234 3151 2496 3203 casaubo-

1432 3245 1528 3278 nus
1551 3231 1600 3279 in
1624 3232 1862 3280 omnibus
1884 3231 1992 3282 suis
2026 3230 2156 3280 Mss.
2179 3232 2318 3280 varie
2354 3230 2495 3292 lege·

1434 3307 1562 3356 bant
1576 3308 1810 3366 Brennus,
1824 3308 2062 3368 Breunos,
2073 3307 2297 3355 Breucos.
2330 3306 2499 3354 Bren-

1436 3397 1619 3432 norum
1642 3382 1875 3431 meminit
1893 3382 2137 3431 Horatius
2171 3381 2290 3430 Ode
2312 3385 2389 3432 14.
2407 3381 2495 3429 lib.

1436 3472 1553 3507 xiv.
1586 3458 1676 3507 sed
1718 3460 1782 3507 de
1824 3458 2064 3521 gentibus
2095 3458 2296 3521 Alpinis
2332 3458 2497 3521 loqui-

1438 3545 1539 3590 tur,
1565 3541 1618 3583 et
1655 3535 1721 3583 de
1752 3535 2027 3585 Vindelico
2052 3535 2205 3583 bello.
2266 3535 2497 3583 Breuco-

1436 3626 1555 3662 rum.
1570 3612 1852 3661 meminere
1877 3612 2194 3660 Ptolemaeus
2218 3619 2273 3659 et
2295 3610 2496 3660 Plinius

1435 3688 1528 3739 lib.
1547 3703 1637 3738 111.
1658 3704 1769 3751 cap.
1790 3694 1871 3740 25.
1909 3696 1964 3737 et
1987 3688 2302 3738 Pannonicis
2336 3700 2495 3736 aunu-

1437 3772 1667 3829 merant3
1698 3766 1836 3815 unde
1875 3771 2084 3815 retenta
2120 3770 2202 3814 est
2240 3764 2496 3825 vulgatior

1433 3845 1611 3895 lectio.
1675 3843 1969 3893 Carniolam
1999 3848 2089 3891 aiut
2124 3840 2359 3904 regiones
2382 3839 2498 3888 fini-

1436 3923 1588 3973 timas
1641 3922 1980 3982 habitabant;
2021 3935 2111 3969 eos
2166 3921 2300 3969 enim
2356 3920 2496 3969 circa

1437 4001 1589 4051 Saum
1609 3996 1822 4048 fluvium
1845 3998 2047 4047 Plinius
2071 3997 2309 4046 collocat.

1500 4085 1526 4112 ¹¹
1562 4075 1894 4137 Quadraginta
1910 4071 2086 4135 millia]
2119 4072 2165 4122 Ii
2183 4086 2299 4122 esse
2318 4071 2495 4121 viden-

1438 4160 1522 4204 tur
1558 4154 1814 4212 dediticii,
1851 4152 1918 4202 de
1953 4150 2137 4217 quibus
2174 4150 2226 4200 in
2262 4150 2495 4215 Augusto

1437 4244 1481 4279 c.
1499 4233 1584 4282 21.
