3019 4922
486 430 575 516 22
779 449 877 500 ne
925 447 1304 499 sum-omo
1352 447 1855 511 'remquam
1901 449 2395 501 ‘rusi-morsm.

646 693 693 758 J
695 694 990 761 ohannes
1017 692 1540 782 seresberiensis
1579 691 1995 759 Policratico
2034 693 2179 759 sive
2211 692 2295 758 de
2323 693 2515 776 nugis

1064 797 1415 863 curialium
1445 797 1597 862 Lib.
1632 813 1798 861 vm.
1827 817 1983 882 cap.
2014 796 2122 862 18.

578 932 759 1000 Haec
798 932 1064 1020 quidem
1107 938 1393 1020 possunt
1432 939 1501 997 et
1554 933 1738 1018 apud
1785 933 1957 1000 alios
2002 933 2368 998 historicos
2410 931 2691 997 inveniri

494 1036 827 1117 diffusius,
858 1038 976 1121 qui
1013 1038 1851 1122 tyrannorumatrocitates
1880 1045 1950 1102 et
1979 1037 2203 1104 exitus
2231 1026 2515 1101 miseros
2542 1036 2691 1120 ple-

490 1140 643 1204 nius
675 1140 993 1205 scribunt.
1081 1138 1258 1218 Quae
1302 1140 1363 1203 si
1408 1140 1565 1222 quis
1611 1137 1988 1223 diligentius
2030 1139 2354 1205 recenseri
2386 1140 2691 1217 voluerit,

492 1245 675 1327 legat
714 1262 799 1308 ea
849 1262 1006 1326 quae
1042 1241 1304 1325 Trogus
1334 1241 1720 1328 PompeiuS,
1751 1243 1798 1308 J
1803 1244 2118 1328 osephus,
2149 1239 2550 1326 Egesippus,
2599 1240 2693 1321 Q.

494 1344 789 1425 Curtius,
835 1344 1190 1411 Cornelius
1232 1344 1540 1424 Tacitus,
1583 1345 1664 1411 T.
1694 1345 1960 1425 Livius,
1988 1346 2295 1424 Serenus,
2340 1352 2411 1411 et
2449 1344 2693 1410 Sueto-

490 1448 648 1515 nius
673 1447 1134 1533 Tranquillus,
1163 1456 1234 1515 et
1276 1448 1394 1514 alii
1434 1448 1760 1528 historici,
1789 1452 1961 1534 'quos
1989 1468 2372 1516 enumerare
2417 1449 2694 1533 longum

494 1560 626 1633 est,
658 1553 807 1621 suis
836 1552 1469 1639 comprehenderunt
1493 1553 1816 1620 historiis.

969 1768 1240 1836 Servius
1270 1769 1342 1834 in
1376 1769 1643 1835 AEneid.
1676 1765 1828 1834 Lib.
1860 1784 2031 1834 vlu.
2060 1766 2215 1836 680.

580 1903 988 1971 Naturaliter
1016 1906 1195 1970 enim
1226 1903 1570 1988 Augustus
1612 1907 1848 1989 igneos
1893 1904 2133 1970 oculos
2177 1901 2499 1968 habuisse
2532 1902 2698 1968 dici-

495 2014 628 2086 tur,
671 2007 842 2079 adeo
883 2015 960 2076 ut
1003 2009 1278 2095 quidam
1324 2028 1530 2093 eques
1576 2008 1929 2074 Romanus
1976 2009 2422 2091 interrogatus
2465 2007 2556 2071 ab
2596 2025 2701 2084 ee,

495 2124 613 2176 cur
653 2130 726 2175 se
768 2111 917 2178 viso
957 2116 1239 2178 verteret
1280 2110 1555 2189 faciem,
1587 2111 1860 2189 dixerit,
1893 2102 2328 2195 quia'fulmen
2352 2111 2701 2176 oculorum

497 2220 760 2281 tuorum
786 2214 958 2282 ferre
983 2235 1116 2282 non
1145 2234 1445 2301 possum,
1475 2215 1654 2283 sicut
1681 2214 1779 2281 ait
1806 2213 2193 2280 Suetonius·
