3019 4922
2214 450 2218 462 .
2265 383 2272 388 ’
2353 396 2485 463 249

298 540 486 620 quasi
517 540 751 606 tuendi
780 542 884 606 sui
911 560 1155 607 causa:
1202 551 1272 609 et
1320 547 1536 629 rapti²
1585 567 1705 631 per
1749 568 1950 633 agros
2002 553 2292 622 viatores
2338 559 2482 625 sine

301 640 702 721 discrimine,
791 645 988 709 liberi
1079 649 1407 733 servique,
1493 652 1891 733 ergastulisg
1976 670 2482 744 possessorum?

303 745 922 827 supprimebantur:
995 754 1064 813 et
1126 748 1432 832 plurimae
1496 752 1854 835 factioneS,
1910 758 2106 824 titulo
2167 761 2482 846 collegiih

301 846 479 925 novi,
510 847 599 912 ad
640 849 888 914 nullius
928 858 1113 915 non*
1160 853 1474 919 facinoris
1516 857 1907 925 societatem
1951 865 2252 930 coibant.
2344 866 2484 950 Igi-

298 955 399 1014 tur
454 956 884 1031 grassatoreS,
942 952 1292 1037 dispositis
1355 976 1474 1040 per
1530 969 1911 1043 opportuna
1961 965 2115 1031 loca
2168 970 2477 1034 stationi·-

299 1050 458 1129 ,busj
486 1053 817 1120 inhibuit:
863 1058 1192 1138 ergastula
1220 1062 1655 1141 recognovit:
1704 1065 2007 1148 collegia,
2040 1075 2290 1151 praeter
2316 1073 2483 1137 anti·
2511 1143 2514 1147 ,

297 1174 429 1235 qua
456 1161 524 1219 et
550 1155 874 1237 legitima,
903 1157 1231 1224 dissolvit.
1317 1159 1707 1227 Tabulassk
1751 1173 2047 1232 veterum
2091 1172 2310 1236 aerarii
2355 1174 2478 1237 de-

296 1256 603 1338 bitorum,
650 1260 755 1324 vel
807 1262 1212 1345 praecipuam
1260 1263 1709 1332 calumniandi
1740 1271 2103 1351 materiam,
2131 1274 2476 1341 exussit.⁶¹

1192 397 1427 455 ocTAv
1440 399 1460 447 1
1473 401 1587 450 US.

1205 1471 1566 1503 oeeeee'omee

292 1601 437 1657 Rom.
500 1605 635 1656 Tum
674 1606 727 1657 in
755 1609 1015 1673 principem
1045 1609 1200 1661 vind.
1238 1614 1388 1663 1.--2
1422 1613 1553 1676 Rapa*
1586 1614 1817 1665 Harlem.
1852 1617 1986 1669 Edd.
2027 1621 2162 1671 Ven.
2188 1626 2235 1673 2.
2260 1628 2308 1673 3.
2331 1630 2386 1675 et
2407 1626 2474 1679 al.

292 1671 415 1719 Mox
439 1671 719 1726 lectionem
741 1674 963 1739 liberique
995 1676 1166 1739 serviq.
1199 1683 1461 1739 receptam
1501 1694 1533 1727 a
1565 1679 1741 1730 Burm.
1777 1683 2013 1746 praebent
2046 1686 2205 1738 vind.
2239 1691 2283 1736 1.
2304 1689 2476 1744 Peria-

289 1734 520 1790 Harlem.
541 1736 678 1787 Edd.
699 1739 878 1800 Camp.
899 1740 1034 1791 Bon.
1053 1742 1182 1791 Ven.
1205 1750 1270 1791 tr.
1289 1743 1436 1791 Med.
1458 1743 1623 1806 Lugd.
1647 1746 1863 1796 Bam—3
1883 1748 2007 1813 an.
2023 1752 2158 1816 conj.
2175 1752 2476 1807 obsessorum.

287 1799 424 1851 Dein
444 1803 605 1864 plures
627 1803 796 1852 Periz.
822 1805 967 1855 Cort.
989 1805 1088 1857 Ed.
1111 1806 1293 1868 Camp.
1318 1814 1372 1856 et
1395 1809 1561 1870 collegi
1593 1810 1801 1860 Merum.
1826 1813 1983 1863 vind.
2010 1819 2153 1865 1.--4
2189 1819 2359 1869 Deest
2380 1835 2475 1869 non

288 1864 397 1927 Cuj.
420 1866 652 1917 Harlcrn.
714 1871 841 1917 Turn
860 1877 1111 1931 gramm·
1130 1874 1192 1919 od
1210 1872 1456 1933 dispositis
1485 1874 1698 1925 Memm.
1723 1876 1857 1926 unde
1887 1880 2025 1942 conj.
2052 1882 2269 1933 Salmas.
2296 1885 2346 1933 le
2385 1898 2475 1934 en·-

287 1929 407 1978 dum
449 1931 532 1993 Ig.
565 1940 870 1993 grassaturas
906 1936 1027 1998 disp.
1093 1936 1222 1984 Mox
1260 1940 1306 1984 et
1341 1936 1476 1995 legit.
1514 1938 1695 1987 absunt
1731 1940 1873 1991 Cort.
1909 1944 2061 1996 duob.
2092 1948 2240 1996 Torr.
2274 1954 2329 1998 et
2350 1900 2476 1999 ξΕὐ.

288 1994 465 2059 Camp.
487 2010 688 2046 necnon
712 2000 778 2047 ab
799 1999 922 2058 illis,
943 2001 1066 2064 Cop.
1091 2007 1145 2048 et
1160 2000 1324 2049 duob.
1345 2001 1541 2051 Medic.
1564 2004 1840 2055 oerarii.—5
1880 2008 2099 2059 Tabullas
2118 2012 2293 2062 veteris
2315 2013 2475 2064 Viud.

244 2093 248 2098 .
289 2062 335 2106 1.
355 2061 534 2111 Bnrm.
554 2077 620 2112 ex
650 2063 819 2112 Dione
840 2066 876 2113 l.
899 2078 1019 2115 mn.
1041 2066 1200 2114 vellet
1220 2066 1316 2115 tab.
1335 2071 1533 2115 veteres.
1600 2070 1737 2118 Dein
1760 2074 1889 2120 velut
1927 2088 2089 2137 marg.
2123 2074 2249 2126 Ant.
2272 2077 2474 2141 Grypb.

283 2128 379 2173 -6
411 2126 497 2175 Ita
532 2128 725 2191 primus
761 2130 1054 2180 emendavit
1083 2130 1325 2184 Beroald.
1353 2146 1502 2195 quem
1538 2129 1659 2185 Ald.
1700 2134 1899 2199 Grypln.
1935 2139 2117 2202 Steph.
2153 2145 2251 2192 διο.
2288 2144 2473 2200 secuti,

285 2190 685 2255 astipulantibus
715 2193 856 2244 Oud.
879 2196 1005 2246 Ern.
1026 2195 1187 2248 Wolf.
1210 2197 1298 2262 qui
1320 2211 1387 2246 ex
1411 2197 1636 2261 Guelph.
1656 2204 1706 2249 2.
1729 2198 1901 2251 firmat
1923 2204 2055 2256 hanc
2077 2205 2203 2257 lect.
2274 2208 2473 2260 Omnes

1268 2381 1480 2434 NOTAE

281 2481 438 2537 tores,
456 2482 566 2527 tum
587 2477 692 2542 hic,
715 2483 823 2528 tum
841 2480 1015 2532 Livius
1034 2481 1123 2532 lib.
1146 2497 1205 2532 ιι.
1244 2476 1332 2532 ᾶεὲ

279 2552 393 2602 cad.
427 2567 466 2603 1.
501 2553 568 2604 de
601 2556 868 2607 Porsenna
891 2558 1134 2622 loquens:
1169 2561 1185 2587 ‘
1207 2560 1333 2610 Tre-

281 2630 419 2678 centi
449 2631 850 2697 conjuravimus,
872 2641 931 2683 ut
961 2635 1014 2683 in
1039 2641 1093 2685 te
1116 2635 1211 2684 bac
1252 2635 1333 2684 via

277 2707 679 2767 grassaremurt'
712 2710 955 2760 Juvenal.
979 2711 1089 2761 Sat.
1105 2724 1194 2760 ιιι.
1219 2718 1234 2742 ‘
1255 2704 1329 2760 in-'

277 2781 477 2832 terdum
502 2789 559 2833 et
571 2782 712 2835 ferro
729 2784 929 2835 subitus
946 2793 1204 2850 grassator
1222 2787 1332 2849 agit

282 2869 385 2906 rem
407 2858 442 2907 :⁹
463 2864 522 2908 et
541 2859 817 2911 Suetonius
838 2862 1027 2926 ipsein
1049 2863 1158 2915 Jul.
1179 2878 1227 2914 c.
1247 2867 1329 2913 72.

275 2932 515 2998 Caligula
546 2940 628 2986 34.
663 2938 861 2988 Neron.
883 2943 965 2990 36.
997 2940 1182 3005 quibus
1207 2941 1334 2990 locis

271 3012 504 3063 adducar
526 3013 720 3078 potius,
742 3023 801 3065 ut
824 3031 940 3066 cum
963 3017 1223 3067 Sabellico
1246 3033 1334 3067 ex-

272 3087 496 3140 istimem
530 3092 755 3155 grassari
786 3106 915 3154 esse,
939 3108 1097 3158 supra
1128 3093 1334 3145 modurn

275 3166 457 3215 saevire
492 3167 558 3217 ab
591 3167 786 3233 impetu
819 3168 1107 3234 gradiendi,
1129 3185 1245 3220 cnm
1274 3178 1331 3221 et

270 3240 545 3292 Sallustius
562 3257 676 3308 pro,
690 3245 857 3309 gradi,
869 3256 989 3295 usus
1005 3247 1181 3309 fuerit,
1197 3262 1328 3312 prae·

272 3315 468 3368 fatione
484 3318 609 3368 belli
623 3320 939 3384 Jugurthini,
973 3323 990 3351 ⁶
1008 3320 1092 3372 Ad
1115 3324 1329 3386 gloriam

269 3393 478 3445 virtutis
504 3396 587 3445 via
609 3397 910 3459 grassatur!
1315 3414 1319 3418 ’

334 3478 357 3512 8
391 3472 694 3535 Ergastulis]
748 3474 1022 3538 Ergastula
1058 3481 1179 3531 sunt
1212 3476 1328 3526 loca

267 3543 319 3592 in
355 3547 543 3612 quibus
579 3548 739 3599 vincti
762 3551 914 3600 *servi
946 3551 1326 3603 detinebantur.

265 3622 513 3674 Juvenal.
536 3626 646 3675 Sat.
669 3639 788 3676 ειν.
820 3634 835 3656 ⁸
859 3628 1025 3681 Quem
1055 3629 1185 3678 mire
1220 3628 1330 3679 affi-

264 3697 415 3748 'ciunt
435 3700 688 3764 inscripta
707 3705 983 3766 ergastula,
1007 3721 1185 3756 carcer
1202 3707 1328 3756 Rus-

264 3773 404 3823 ticus
417 3773 453 3824 ?’
497 3776 566 3823 Et
586 3776 696 3826 Sat.
717 3790 844 3829 vm.
869 3786 884 3810 ‘
908 3780 1046 3832 Quid
1067 3779 1228 3832 facies
1251 3791 1328 3832 ta-

262 3848 366 3898 lem
383 3850 599 3901 sortitus
615 3853 834 3903 Pontice
847 3869 1048 3905 servum
1067 3859 1086 3905 ?
1121 3859 1327 3922 Nempe

263 3923 315 3974 in
342 3927 711 3992 Lucanos,aut
731 3930 907 3981 Tusca
927 3935 1187 3996 ergastula
1209 3936 1326 3985 mit·

264 4001 383 4053 tas!
424 4009 428 4015 '
449 4003 536 4053 Ibi
576 4010 729 4054 terrae
766 4010 1056 4071 praesertim
1092 4011 1324 4061 colendae

264 4077 644 4150 allaborabant.
677 4082 947 4134 Lucanus:
981 4091 996 4113 ⁸
1015 4086 1205 4136 Vincto
1226 4086 1324 4136 fos-

260 4152 382 4203 sore
401 4157 644 4207 coluntur
657 4159 934 4223 Hesperiae
951 4162 1193 4226 segetes!
1223 4165 1324 4215 Co-

262 4226 483 4280 lumella
502 4234 593 4286 lib.
619 4250 658 4285 1.
680 4251 730 4286 c.
753 4241 801 4286 8.
833 4241 934 4289 ὅτε.
957 4241 1039 4289 vel
1061 4240 1323 4291 caedendis

263 4304 548 4370 lapidibus.
609 4306 831 4363 Plautus
863 4314 915 4364 in
939 4316 1173 4380 Captivis
1199 4316 1323 4369 Act.

1420 2470 1513 2531 ιιι.
1536 2481 1619 2532 Sc.
1641 2486 1691 2532 5.
1726 2482 1743 2513 ⁴
1766 2484 1980 2547 Ducite,
2001 2485 2107 2536 Ubi
2144 2487 2474 2550 ponderosas,

1418 2571 1617 2607 crassas
1657 2559 1835 2622 capiat
1878 2560 2172 2625 compedes,
2206 2561 2337 2611 Inde
2378 2562 2474 2612 ibis

1415 2648 1567 2697 porro
1583 2634 1632 2683 in
1645 2635 1877 2685 latomias
1895 2636 2194 2701 lapidarias3
2217 2637 2300 2687 Ibi
2317 2653 2471 2703 quom

1414 2709 1501 2758 alii
1525 2715 1736 2760 octonos
1761 2712 1959 2774 lapides
1989 2710 2225 2777 effodint,
2248 2714 2364 2763 Nisi
2388 2728 2473 2763 co-

1413 2786 1637 2836 tidianus
1669 2787 1963 2852 sesquiopus
2002 2787 2287 2839 confeceris
2305 2788 2339 2838 ?’
2371 2793 2474 2859 διο.

1408 2861 1498 2911 De
1524 2876 1625 2926 quo
1648 2861 1813 2913 adhuc
1836 2862 1970 2913 infra
1990 2864 2185 2914 Tiberii
2212 2880 2329 2930 cap.
2347 2869 2395 2915 8.
2419 2871 2474 2916 et

1413 2937 1528 2988 fuse
1549 2940 1751 3002 Lipsius
1769 2930 1922 2990 elect.
1946 2940 2033 2991 lib.
2055 2955 2119 2991 ιι.
2142 2955 2189 2990 c.
2216 2945 2295 2991 15.

1416 3018 1421 3021 ’
1475 3013 1502 3049 ¹¹
1540 3015 1766 3081 Collegii]
1812 3018 2010 3068 Eadem
2043 3017 2153 3082 jam
2193 3024 2315 3068 ante
2348 3032 2473 3069 cura

1415 3095 1589 3147 fuerat
1611 3098 1772 3157 Julio,
1796 3113 1844 3148 c.
1867 3103 1951 3150 42.
2459 3160 2466 3165 „

1471 3174 1487 3208 ¹
1521 3175 1841 3240 Stationibus]
1878 3177 2019 3227 Hinc
2058 3175 2345 3228 stationarii
2379 3176 2474 3225 mi·-

1408 3253 1530 3302 iites
1567 3253 1722 3303 etiam
1751 3254 1805 3304 in
1844 3253 2146 3318 provinciis.
2214 3252 2474 3317 anacius‘,

1410 3327 1603 3378 Obser.
1626 3328 1715 3378 lib.
1740 3342 1860 3380 xrx.
1884 3345 1935 3379 c.
1957 3333 2037 3380 ll.
2055 3330 2179 3379 etin
2194 3329 2303 3380 Jul.
2320 3343 2370 3378 c.
2390 3333 2469 3393 19.

1472 3402 1498 3436 Β
1534 3403 1761 3467 Tubulus]
1793 3403 1931 3453 Vide
1953 3405 2006 3454 in
2027 3405 2062 3456 J
2068 3406 2135 3453 ul.
2155 3420 2201 3454 c.
2222 3407 2306 3454 42.
2465 3468 2468 3471 .

1469 3475 1484 3509 ¹
1523 3480 1753 3544 Est-ussit]
1811 3480 2051 3541 Vulgatae
2106 3480 2361 3528 editiones
2412 3484 2470 3528 et

1411 3567 1588 3603 omnes
1608 3555 1867 3604 Torrentii
1885 3554 2004 3603 libri
2026 3555 2221 3603 habent
2236 3555 2466 3604 excussit:

1409 3630 1635 3692 priorem
1681 3636 1851 3678 tamen
1896 3630 2171 3679 lectionem
2217 3629 2467 3697 praetulit,

1409 3711 1465 3754 et
1487 3719 1602 3755 cum
1625 3705 1740 3770 ipso
1775 3705 2129 3769 casaubonus,
2152 3713 2258 3754 tum
2294 3712 2471 3755 aucto·

1408 3780 1563 3831 ritate
1603 3781 1787 3832 Dionis
1826 3788 2048 3846 uterque
2085 3788 2285 3840 motus:
2333 3780 2468 3833 libro

1407 3855 1542 3905 enim
1574 3871 1695 3907 ιιιι.
1717 3870 1966 3921 expresse
1981 3863 1986 3871 ·
2001 3855 2130 3905 dicit
2153 3854 2470 3922 combustae,

1407 3940 1517 3982 tum
1540 3933 1693 3981 simili
1724 3933 1940 3981 aliorum
1971 3931 2342 3995 imperatorum
2376 3931 2469 3983 be·

1404 4009 1608 4072 neficio,
1634 4008 1912 4070 Hadriani,
1933 4015 1991 4058 ut
2011 4008 2338 4072 Spartianus,
2357 4003 2466 4061 Auss

1406 4085 1610 4147 reliani,
1635 4092 1692 4134 ut
1710 4085 1967 4148 Vopiscus
1986 4098 2282 4135 narravere.
2321 4086 2465 4149 Ejus-

1402 4162 1545 4211 modi
1562 4161 1780 4224 tabulas,
1800 4166 1815 4190 ‘
1839 4162 2044 4226 Stirpes
2069 4170 2303 4212 veterum
2325 4160 2463 4212 frau·

1403 4230 1622 4299 dum‚·et
1654 4238 1932 4288 seminaria
1961 4236 2292 4304 futurarum,’
2310 4240 2464 4307 vocat

1404 4315 1664 4368 Ausonius
1685 4317 1737 4367 in
1762 4316 2076 4380 Panegyric.
2419 4310 2456 4331 '⁴‘
