3019 4922
458 1397 469 1411 ,
536 1356 784 1421 pluribus.

527 403 657 471 172

533 574 604 629 et
632 583 719 628 ex
751 562 1014 628 Electra
1043 559 1257 626 Attilii
1281 570 1298 608 ³
1326 559 1350 596 ¹¹
1382 563 1535 638 alia,
1582 562 1668 627 ad
1700 537 1980 626 similem
2028 557 2445 623 sententiam.
2535 560 2711 624 Lau-

534 666 832 731 dationis
861 665 1018 730 loco
1041 671 1071 712 4
1099 662 1353 729 Consul
1384 664 1715 729 Antonius
1749 682 1867 746 per
1894 680 2268 746 praeconem
2291 659 2305 696 ¹
2332 663 2711 746 pronuntia-

471 806 495 822 ·
533 769 633 833 vit
675 763 1394 844 Senatusconsultum,¹‘
1435 785 1570 849 quo
1600 766 1824 830 omnia
1852 766 1916 829 ci
1949 764 2190 829 divina‘
2215 763 2422 828 simul
2445 769 2469 811 5
2509 770 2714 847 atque

534 872 824 936 humana
850 871 1274 935 decreverat:
1320 869 1479 933 item
1513 867 2002 952 jusjurandum,
2051 886 2185 950 quo
2231 885 2303 930 se
2342 866 2563 930 cuncti
2589 885 2714 949 pro

537 975 752 1039 salute
802 970 1044 1038 unius⁶
1095 971 1569 1036 astrinxerant:
1632 971 1873 1054 quibus
1915 986 2256 1051 perpauca
2303 987 2343 1031 a
2393 987 2468 1032 se
2519 969 2716 1032 verba

538 1076 821 1140 addidit.
908 1073 1187 1139 Lectum
1220 1091 1343 1157 pro
1377 1068 1684 1142 Rostris¹
1736 1072 1807 1135 in
1840 1070 2089 1136 Forum
2116 1070 2543 1154 magistratus
2565 1077 2607 1104 ¹¹¹
2652 1076 2717 1134 et

1378 419 1441 463 C.
1490 413 1843 464 SUEToNn

1445 1239 1536 1259 ΟΝ
1542 1237 1803 1261 ,00000000

850 1354 1018 1406 Pulm.
1043 1355 1204 1406 edidit
1224 1355 1343 1406 men'
1360 1370 1432 1405 me
1452 1370 1574 1405 serv.
1598 1362 1653 1405 et
1678 1356 1752 1405 sic
1774 1353 1957 1405 Pitisc.
1987 1356 2111 1404 Var.
2148 1367 2263 1403 cnm
2298 1352 2410 1402 aliis
2438 1352 2715 1402 nonnullis.

539 1422 601 1471 In
637 1421 770 1471 Edd.
807 1421 953 1471 Rom.
988 1429 1044 1472 et
1076 1421 1189 1472 Pal.
1222 1425 1266 1470 1.
1307 1428 1505 1470 tantum
1538 1435 1609 1468 me
1642 1435 1762 1469 serv.
1798 1421 1915 1469 iude
1940 1419 2093 1469 Grut.
2117 1420 2388 1482 repetebat
2408 1433 2482 1467 me
2503 1433 2575 1467 me
2595 1433 2717 1467 serv.

537 1486 674 1551 quod
710 1492 763 1536 et
796 1483 995 1535 fecerat
1028 1486 1180 1536 Torr.
1218 1487 1367 1549 paulo
1401 1486 1550 1535 aliter
1582 1484 1701 1534 men'
1724 1484 1845 1534 men’
1867 1500 1986 1534 serv.
2059 1484 2264 1534 Deinde
2303 1484 2481 1532 But-ru.
2506 1483 2720 1532 invertit

537 1550 767 1601 ordinem
789 1565 997 1600 servasse
1029 1565 1174 1614 mene,
1201 1552 1274 1601 vel
1305 1550 1544 1600 men’.—8
1577 1550 1793 1599 Variant
1824 1549 2096 1599 admodum
2133 1550 2259 1597 Mss.
2282 1548 2412 1598 Acili
2450 1549 2530 1597 vel
2570 1548 2721 1597 Acilii

537 1616 749 1666 Memm.
773 1617 960 1679 Copes.
982 1617 1148 1665 Periz.
1181 1616 1412 1666 Harlem.
1447 1616 1629 1678 Cujac.
1664 1614 1797 1664 Edd.
1838 1616 1988 1664 Rom.
2013 1615 2144 1664 Ven.
2169 1617 2214 1665 1.
2238 1613 2402 1676 Lugd.
2421 1613 2560 1663 Accii
2582 1614 2716 1661 Ven.

538 1685 589 1732 2.
611 1685 658 1731 3.
680 1681 714 1733 J
722 1688 829 1730 unt.
852 1680 1032 1745 Stepb.
1053 1680 1175 1730 Ald.
1200 1682 1308 1729 sine
1333 1681 1446 1730 alia.
1470 1680 1693 1730 Casaub.
1714 1680 1923 1745 legebat
1945 1680 2077 1730 Attii
2096 1679 2209 1735 alia,
2232 1692 2381 1744 quem
2407 1678 2573 1728 secuti
2597 1678 2718 1741 Bip.

540 1746 744 1812 Reliqui
763 1745 914 1795 codd.
931 1746 1077 1795 Atilia·
1095 1747 1175 1795 vel
1187 1746 1364 1808 Atillii,
1380 1745 1802 1810 quemadmodum
1825 1753 2163 1808 reposuerunt
2177 1744 2317 1795 Oud.
2334 1742 2490 1795 Wolf.
2504 1745 2720 1806 Baumg.

539 1819 595 1861 et
625 1812 805 1876 Bayle.
830 1811 968 1861 Dict.
995 1811 1137 1863 Hist.
1156 1812 1250 1861 sub
1273 1814 1515 1860 voce.—4
1549 1810 1611 1859 In
1637 1810 1770 1861 Edd.
1793 1813 1925 1862 Ven.
1961 1818 2026 1860 tr.
2057 1811 2223 1873 Lugd.
2255 1808 2561 1872 JuntsAld.
2595 1810 2720 1871 Arg.

540 1877 874 1941 distinguitur
895 1876 1004 1926 ita:
1038 1882 1158 1926 sent.
1179 1877 1307 1925 had.
1327 1878 1424 1924 loco
1450 1876 1641 1925 Consul.
1670 1876 1802 1925 haud
1838 1876 2160 1938 improbante
2183 1877 2362 1925 Burm.
2447 1877 2576 1925 Mox
2596 1889 2720 1937 γνω-

538 1942 780 1991 nuntiavit
798 1941 1105 1992 Memm.-6
1140 1941 1259 1991 Dic.
1297 1942 1342 1990 ei
1378 1942 1484 1991 sim.
1524 1940 1674 1991 Huls.
1706 1942 1876 1991 Periz.
1915 1942 2145 1991 Han-lem.
2181 1942 2334 1991 Voss.
2367 1940 2567 1990 Medic.
2599 1939 2722 1999 duo,

540 2006 697 2055 vind.
715 2012 764 2056 2.
789 2006 931 2056 Cort.
955 2007 1071 2056 Pin.
1090 2013 1146 2056 et
1165 2006 1297 2055 Edd.
1321 2021 1494 2055 omnes
1531 2006 1716 2069 priscae
1753 2013 1943 2070 praeter
1966 2008 2106 2056 Rom.
2128 2021 2288 2070 usque
2314 2006 2376 2055 ad
2399 2006 2521 2054 Bas.
2543 2004 2650 2053 sinu
2680 2004 2724 2052 ei

541 2077 588 2120 et
609 2071 701 2121 div.
723 2071 876 2120 Vind.
898 2074 946 2121 1.
978 2079 1033 2121 et
1065 2072 1201 2121 idem
1236 2086 1352 2122 cum
1373 2072 1501 2120 Ven.
1524 2076 1570 2121 1.
1590 2087 1646 2120 nc
1666 2071 1891 2122 lcum—6
1923 2071 2104 2121 Edidit
2117 2066 2264 2122 *Oud.
2286 2070 2391 2120 fide
2420 2069 2572 2119 vind.
2595 2074 2644 2118 2.
2670 2078 2722 2117 et

1528 2218 1739 2268 No'rAE

542 2314 844 2364 Torrentius
868 2379 875 2382 Α
901 2297 1079 2365 censet
1129 2315 1456 2367 scribe-ndum
1512 2315 1590 2365 bis

542 2389 667 2439 men'
703 2389 846 2453 men’,
866 2392 946 2454 asc.
975 2407 1071 2442 nec
1094 2394 1266 2457 placet
1288 2392 1589 2443 Casaubono

1669 2315 1886 2380 phoclis,
1920 2316 1984 2366 ab
2008 2331 2070 2366 eo
2104 2317 2154 2366 in
2182 2317 2415 2367 Latinum
2438 2328 2722 2385 sermonem

1671 2409 1950 2456 conversae,
1984 2395 2225 2444 'meminit
2267 2395 2446 2443 Cicero
2464 2408 2503 2442 1.
2539 2392 2603 2441 de
2640 2392 2725 2442 Fi·

543 2468 684 2531 prior
710 2469 883 2530 lectio,
918 2475 1025 2519 tum
1051 2471 1173 2535 quia
1206 2469 1499 2518 commodus
1524 2483 1589 2518 ex

545 2554 608 2592 ea
632 2558 826 2607 sensus,
848 2559 946 2594 non
970 2545 1067 2594 nisi
1091 2560 1225 2609 aegre
1248 2545 1367 2595 elici
1393 2551 1562 2608 potest
1573 2560 1593 2605 ;-

543 2629 603 2669 ut
625 2619 747 2684 qnid
786 2622 918 2670 enim
955 2621 1194 2686 ejularet,
1233 2620 1372 2685 quod
1403 2634 1458 2669 se
1484 2635 1590 2670 ser·

543 2706 717 2748 vasset
756 2699 957 2763 ipsum?
1012 2700 1253 2761 minime3
1305 2700 1394 2749 sed
1452 2699 1589 2765 quod

544 2776 998 2840 Pompeianorum,
1032 2775 1282 2827 beneficio
1308 2791 1399 2825 suo
1420 2790 1592 2825 serva·

543 2860 734 2915 torum,
756 2851 939 2903 fraude
964 2855 1158 2918 periret
1180 2870 1193 2904 ε
1221 2863 1328 2905 tum
1342 2853 1462 2918 quia
1484 2855 1596 2902 vul-

542 2937 713 2992 gatam
757 2935 969 2980 tuentur
1023 2930 1353 2992 membranae,
1395 2929 1595 2979 scilicet

542 3007 665 3058 men'
708 3023 936 3070 servasse,
981 3011 1064 3073 ἃμ.
1128 3024 1310 3060 manco
1354 3009 1593 3073 equidem

544 3099 722 3145 versu3
744 3085 835 3134 sed
856 3092 1001 3136 recta
1020 3086 1296 3136 sententia.
1366 3084 1594 3136 Diceba-

547 3169 637 3211 tur
676 3162 765 3212 ille
802 3177 978 3212 versus
1016 3163 1153 3226 apud
1200 3163 1483 3213 Pacuvium
1527 3163 1594 3212 ab

550 3239 736 3305 Ajace,
760 3243 841 3290 vel
868 3242 933 3292 de
958 3242 1179 3305 Graecis‚
1200 3242 1384 3307 quibus
1407 3258 1594 3306 expro-

543 3317 731 3381 brabat
756 3319 994 3368 victorias
1028 3333 1165 3382 suas,
1193 3320 1274 3368 vel
1309 3318 1374 3369 de
1399 3319 1593 3384 Ulysse

543 3392 679 3458 ipso,
698 3408 848 3459 quem
885 3394 1139 3457 abAJace
1181 3409 1384 3461 quoque
1420 3410 1592 3446 serva-

543 3476 652 3519 tum
689 3477 837 3520 notat
861 3470 1079 3521 Ovidius
1113 3472 1522 3537 Metamorplios.
1556 3474 1592 3522 l.

544 3557 670 3597 xm.
735 3552 750 3575 ⁶
776 3546 1017 3610 Opposui
1039 3549 1221 3598 molem
1243 3549 1433 3614 clypei,
1461 3549 1595 3599 texi-

545 3638 645 3688 que
678 3625 964 3687 jacentem.
1028 3626 1341 3690 Servavique
1374 3627 1594 3676 animam

542 3701 832 3766 (minimum
856 3710 936 3752 est
951 3703 1048 3752 hoc
1071 3701 1260 3764 laudis)
1280 3702 1532 3761 inertem.'

608 3775 632 3809 ¹²
664 3779 832 3828 Attilii
871 3779 1048 3842 [Attii]
1084 3780 1171 3829 Sic
1216 3778 1459 3828 emendat
1496 3780 1595 3829 Ca·

545 3854 818 3906 sanbonus.
883 3855 989 3905 Alii
1032 3856 1199 3906 Anicii
1239 3858 1438 3920 legunt,
1469 3871 1595 3921 qnos

544 3933 776 3996 sequitur
816 3934 1139 3996 Torrentius,
1183 3934 1270 3998 qui
1315 3941 1371 3984 et
1414 3948 1594 3984 vocem

544 4008 759 4072 Electra,
803 4015 1046 4074 tanquam
1095 4025 1125 4060 e
1180 4012 1492 4073 glossemate
1540 4010 1593 4060 in

544 4090 746 4134 textum
781 4085 1055 4150 invectam,
1093 4087 1281 4151 rejicit,
1315 4087 1451 4151 quod
1489 4094 1596 4137 tra-

546 4160 730 4224 goediae
793 4161 945 4224 hujus
1002 4163 1218 4213 nominis
1280 4163 1352 4225 ab
1407 4163 1595 4214 Attilio

551 4235 764 4299 scriptae
818 4235 1132 4286 mentionem
1172 4238 1351 4288 nullibi
1387 4253 1595 4303 repere-

548 4312 635 4364 rit.
699 4311 803 4363 Sed
839 4321 892 4364 et
928 4313 1118 4379 Attilii,
1151 4320 1208 4366 et
1241 4315 1470 4366 Electrae
1506 4317 1597 4367 So·

1670 2470 1835 2528 nibus,
1861 2471 1944 2521 ubi
1981 2479 2037 2522 et
2073 2472 2284 2522 Pacuvii
2320 2484 2521 2535 quoque
2556 2484 2724 2519 sermo

1670 2552 1766 2599 est.
1831 2551 1903 2599 Ut
1925 2557 1978 2599 et
2001 2549 2196 2600 Gellius
2219 2548 2306 2598 lib.
2333 2561 2428 2597 xv.
2451 2563 2495 2597 c.
2516 2550 2596 2596 24.

1732 2625 1747 2658 ¹
1779 2627 1880 2676 Per
1896 2627 2176 2690 preconem]
2196 2623 2577 2675 Pronuntiabat
2595 2637 2727 2688 prae·

1670 2717 1750 2767 co,
1776 2704 1858 2752 cui
1883 2712 2054 2753 tamen
2088 2702 2254 2752 scriba
2277 2698 2584 2765 subjiciebat
2611 2714 2722 2749 ver-

1673 2779 1756 2829 ba.
1841 2780 2108 2845 Appianus
2159 2787 2331 2829 tamen
2375 2793 2475 2828 non
2524 2785 2721 2827 tantum

1673 2873 1842 2922 pauca
1863 2874 1892 2908 a
1914 2873 1988 2916 se,
2010 2858 2109 2908 hoc
2132 2866 2212 2908 est
2236 2872 2326 2906 suo
2345 2858 2505 2920 ipsius
2523 2856 2725 2905 nomine

1674 2942 1730 2985 et
1752 2950 1898 2992 voce,
1922 2934 2099 2984 addita
2121 2934 2185 2983 ab
2218 2933 2440 2983 Antonio
2463 2932 2611 2994 dicit,
2632 2931 2721 2980 sed

1673 3017 1827 3065 etism
1864 3018 2004 3065 lecta
2048 3013 2206 3064 fuisse
2250 3015 2362 3063 haec
2401 3013 2589 3063 omnia.
2655 3012 2736 3083 Et

1674 3093 1965 3158 elegantem
1991 3091 2058 3141 ab
2093 3106 2155 3141 eo
2192 3092 2425 3142 habitam'
2448 3090 2726 3140 orationem

1673 3170 1780 3221 Dio
1803 3171 1935 3221 dicit
1969 3169 2059 3221 lib.
2087 3184 2243 3221 xuv.
2280 3185 2435 3234 quam
2459 3176 2515 3218 et
2553 3181 2726 3218 recen-

1674 3254 1773 3298 set.

1703 3361 1709 3369 .
1738 3322 1761 3356 ¹‘
1793 3323 2276 3388 Senatusconsuuum]
2314 3325 2396 3373 De
2433 3336 2535 3386 quo
2569 3335 2725 3385 supra

1675 3405 1836 3452 c.74.·

1740 3475 1754 3510 ¹
1784 3476 1980 3526 Lectum
1997 3491 2080 3540 pro
2103 3473 2316 3537 Rostris]
2348 3473 2467 3523 Hoc
2505 3479 2606 3536 est,
2644 3472 2728 3538 qui

1674 3560 1790 3603 erat
1835 3568 1928 3615 pro
1959 3552 2173 3613 Rostris,
2208 3551 2468 3600 locutione
2502 3549 2728 3609 Graeca3

1673 3645 1775 3694 qno
1797 3631 1911 3680 loco
1939 3628 2158 3680 Casaub.
2181 3627 2310 3689 legit
2345 3627 2608 3676 detulerant
2632 3640 2726 3690 pro

1672 3696 1961 3755 detulerunt.
2025 3703 2206 3764 Facili,
2247 3710 2305 3750 ut
2343 3708 2506 3765 patet,
2540 3716 2731 3761 errore,

1675 3781 1866 3845 quique
1892 3780 2095 3830 videtur
2119 3780 2385 3828 admissus.
2451 3779 2723 3828 Suetonius

1675 3858 1828 3918 enim,
1856 3857 2026 3907 studio
2065 3854 2360 3911 brevitatis,
2395 3854 2596 3902 nonnisi
2637 3867 2721 3902 no·

1677 3940 1789 3983 tatu
1836 3933 1995 3997 digna
2037 3933 2239 3993 retulit,
2279 3931 2565 3994 proeteritis
2613 3945 2726 3995 quae

1676 4009 1731 4059 in
1771 4024 1863 4058 usu
1897 4007 2153 4059 communi
2185 4013 2353 4069 erant,
2382 4006 2725 4056 ablutionibus

1676 4101 1728 4138 v.
1772 4101 1826 4150 g.
1872 4085 2219 4147 unctionibus,
2273 4090 2327 4132 et
2372 4084 2732 4144 collocatione,

1678 4177 1793 4228 quae
1832 4170 2008 4213 tamen
2047 4159 2281 4211 funerum
2319 4166 2520 4225 partem
2540 4158 2729 4210 efficie-

1676 4240 1835 4291 bant:
1893 4238 2161 4307 propinqui
2206 4237 2459 4302 siquidem
2512 4237 2727 4287 cadaver

1677 4317 1897 4384 primum
1930 4330 2061 4382 aqua
2100 4312 2270 4365 calida
2308 4313 2541 4364 ablutum
2577 4326 2725 4378 unge-
