3019 4922
511 375 641 442 344

1361 390 1423 438 C·
1467 388 1558 439 SU
1576 388 1830 438 nvom!

509 537 742 604 Verba
770 534 986 619 ipsius
1007 553 1106 599 ex
1135 534 1440 618 epistolis
1470 540 1658 599 sunt:
1725 538 1749 567 ‘
1770 531 1919 599 Nos
1951 531 2021 596 in
2051 532 2298 620 essedo
2326 536 2378 570 ¹0
2404 540 2425 568 ⁸
2452 549 2695 617 panem

511 649 580 705 et
611 638 977 723 palmulas²
1023 635 1485 719 gustavimus²
1558 696 1574 755 1

509 743 689 824 regia
707 750 734 776 ¹²
762 741 1030 805 domum
1094 739 1316 817 reden,
1348 739 1545 822 panis
1567 760 1605 802 u

511 844 846 908 duracinae
874 851 938 879 ²⁹
967 842 1271 907 comedi.'

1578 637 1633 701 E
1692 637 1966 722 iterum:
2040 639 2060 669 ‘
2089 635 2267 699 Dum
2314 636 2554 700 lectica
2607 655 2697 700 ex

1621 745 1650 820 ζ
1698 732 2274 820 ἰὲήἰῖὀαηίῂαιιοίε
2294 701 2773 802 ἔξιῗῐῗῖεῗιῗνᾘω

1360 841 1445 907 Et
1474 860 1746 906 rursus:
1791 845 1810 874 ‘
1840 839 1948 904 Ne
1978 839 2263 905 Judaeus
2284 839 2579 923 quidem,
2599 840 2691 904 mi

509 945 756 1024 Tiberi,
787 953 926 1010 tam
952 945 1296 1028 diligenter
1321 946 1620 1009 sabbatis
1643 952 1681 980 '⁹'
1699 942 2027 1027 jejunium
2072 948 2308 1016 servat,
2341 964 2541 1027 quam
2572 953 2696 1026 egb

1431 1116 1547 1139 ‘m
1550 1114 1783 1134 ‘ww‘

509 1227 558 1272 3.
585 1220 799 1270 Medici.
836 1219 983 1270 Cald.
1024 1222 1152 1283 quod
1178 1222 1471 1268 extat.-1o
1505 1217 1567 1266 In
1590 1218 1805 1266 vescendo
1834 1216 2003 1266 Periz.
2028 1215 2260 1265 Hau-lem.
2283 1217 2443 1266 Fouc.
2467 1217 2624 1266 vind.
2644 1223 2697 1269 1.

510 1289 654 1339 Cort.
680 1286 812 1335 Edd.
837 1287 985 1335 Rom.
1006 1287 1139 1335 Ven.
1164 1284 1309 1334 Med.
1331 1282 1474 1333 Cald.
1498 1283 1551 1332 in
1574 1284 1762 1331 escendo
1798 1282 1925 1345 Cop.
1948 1281 2047 1331 Ed.
2075 1281 2244 1343 Lugd.
2263 1280 2315 1331 in
2336 1284 2509 1331 edendo
2533 1283 2693 1334 Polit.

507 1357 603 1401 —1
641 1352 702 1401 In
725 1353 852 1401 Exc.
870 1352 1016 1400 Voss.
1038 1351 1319 1399 exhibetur
1339 1364 1400 1397 ex
1420 1348 1556 1409 regia
1577 1349 1727 1396 domo.
1785 1347 1924 1396 Dein
1946 1361 2039 1409 pro
2064 1348 2252 1395 unciam
2273 1347 2430 1397 vind.
2462 1352 2506 1396 1.
2527 1348 2688 1398 buibu-

510 1418 650 1480 eiam,
668 1424 721 1466 et
742 1415 896 1466 vind.
919 1421 967 1464 2.
989 1416 1068 1465 via
1089 1415 1272 1464 urticam
1286 1430 1305 1473 ,·
1337 1412 1458 1462 inde
1480 1412 1605 1462 facit
1629 1411 1769 1462 Onu.
1794 1427 1933 1461 unam
1955 1413 2159 1474 unciam,
2182 1412 2270 1459 sed
2296 1412 2416 1461 nihil
2443 1420 2699 1463 mutat.—

509 1488 542 1533 2
575 1484 723 1532 Torr.
742 1482 830 1548 qui
856 1481 1082 1545 Lipsium
1105 1482 1357 1545 sequitur,
1381 1477 1581 1544 legend.
1612 1484 1862 1535 autumat,
1884 1492 1989 1526 cum
2018 1476 2183 1540 paucis
2202 1477 2444 1527 duracinis
2463 1479 2585 1537 uvis,
2603 1480 2697 1528 im·

1505 1639 1720 1705 NOTAE'

579 1782 598 1807 ⁸
631 1775 691 1824 Iu
722 1775 904 1839 essedo]
941 1772 1044 1824 Alii
1081 1772 1290 1823 codices
1324 1770 1569 1819 vescendo.

515 1852 766 1901 Essedum
789 1866 971 1901 currus
995 1858 1094 1907 est,
1128 1865 1228 1914 quo
1264 1850 1340 1898 usi
1363 1849 1571 1898 Britan·

514 1929 585 1978 ni.
649 1928 892 1992 Propert.
912 1928 1002 1978 lib.
1020 1941 1083 1977 ιι.
1114 1927 1262 1989 Eleg.
1291 1931 1333 1975 1.
1371 1926 1424 1974 in
1447 1925 1575 1985 line,

516 2007 532 2033 ‘
552 2005 606 2054 Si
645 2011 698 2054 te
731 2003 868 2055 forte
909 2018 1020 2053 meo
1050 2003 1205 2052 ducet
1231 2002 1311 2051 via
1336 2002 1570 2065 proxima

516 2079 686 2139 busto,
725 2080 920 2128 Esseda
947 2080 1149 2129 caelatis
1173 2080 1298 2128 siste
1317 2079 1572 2129 Britanna

508 2152 691 2217 jugis!
756 2155 824 2203 Et
848 2154 986 2205 Galli
1008 2154 1184 2203 etiam.

581 2236 597 2264 ‘
635 2230 904 2293 Palmulas]
954 2230 1072 2279 Hoc
1109 2238 1204 2291 est,
1236 2229 1432 2281 fructus
1458 2226 1571 2293 pal·'

517 2322 737 2368 marum,
790 2306 1078 2371 hujusmodi
1140 2305 1397 2371 arborum,
1432 2305 1568 2354 unde

516 2384 884 2449 quinquaginta
932 2383 1147 2433 tradunt
1189 2397 1304 2432 esse
1359 2396 1571 2446 genera,

519 2463 846 2526 omniumque
869 2468 924 2511 et
942 2460 1059 2511 cibo
1081 2469 1135 2511 et
1158 2476 1312 2511 succo
1336 2460 1568 2510 celeber-

517 2540 671 2588 rimas
696 2554 783 2588 eas
807 2553 921 2587 esse
945 2553 1059 2603 quae
1096 2539 1334 2602 Caryotae
1372 2553 1569 2589 nuncn-

518 2625 726 2680 pautur,
759 2615 823 2664 de
863 2614 1047 2680 quibus
1083 2615 1285 2664 Plinius
1320 2615 1411 2665 lib.
1445 2630 1573 2668 xln.

517 2707 563 2742 c.
596 2696 647 2742 4.
681 2698 736 2742 et
768 2691 874 2742 alii.
940 2691 1175 2741 Martial.
1200 2692 1452 2756 Ep53087.
1479 2691 1569 2742 lib.

520 2784 652 2823 1111.

581 2855 605 2882 ¹²
639 2847 821 2911 Regia]
856 2847 987 2897 Hoec
1023 2846 1122 2897 fuit
1156 2849 1205 2898 N
1214 2863 1340 2896 umoe
1362 2847 1573 2912 Pompi-

514 2924 593 2987 lii,
619 2937 768 2986 quam
792 2932 905 2986 post
927 2922 1128 2986 ejectos
1152 2939 1301 2988 reges
1320 2924 1573 2974 habitavit

517 3015 611 3048 rex
634 3013 913 3049 sacrorum.
961 3001 1117 3050 Curia
1138 3014 1340 3063 quoque
1363 3000 1573 3063 Pompi-

517 3075 589 3122 lia
613 3074 756 3123 dicta
778 3082 875 3129 est,
899 3081 955 3123 et
977 3074 1044 3123 de
1065 3089 1128 3122 ea
1143 3075 1444 3124 Torrentius
1465 3075 1573 3125 Ho-

518 3151 706 3199 ratium
743 3150 985 3212 intelligit
1025 3150 1143 3199 Ode
1181 3155 1231 3199 2.
1266 3151 1356 3201 lib.
1378 3165 1418 3200 1.
1449 3152 1572 3200 ‘Ire

517 3225 780 3288 dejectum
813 3234 1143 3275 monumenta
1181 3226 1317 3290 regis
1339 3227 1575 3290 Templa-

515 3317 616 3369 que
639 3301 849 3352 Vestae.'
913 3303 1041 3352 Erat
1064 3303 1259 3368 quippe
1275 3303 1574 3358 Vestalibus

515 3379 776 3443 contigua,
799 3380 937 3430 unde
958 3389 1015 3430 et
1032 3381 1109 3430 his
1133 3381 1454 3444 postmodum
1481 3382 1571 3432 do·

517 3463 641 3506 nata
683 3464 765 3506 est
807 3457 873 3507 ab
916 3456 1156 3520 Augusto
1205 3458 1570 3508 Pontificatum

516 3533 792 3582 maximum
814 3533 1023 3596 adepto,
1058 3539 1116 3583 ut
1151 3542 1333 3583 auctor
1363 3543 1443 3584 est
1465 3537 1571 3585 Dio

513 3610 606 3660 lib.
645 3623 756 3660 ιιν.
825 3611 1090 3674 Augustus
1129 3619 1300 3661 autem
1338 3612 1450 3676 ipse
1486 3613 1574 3663 do·

515 3702 628 3737 mus
649 3687 902 3737 Palatlnae
927 3695 1127 3751 partem
1161 3688 1347 3752 primo,
1384 3688 1573 3739 deinde

517 3771 676 3813 totam
703 3763 1021 3826 publicavit:
1058 3763 1111 3811 in
1149 3765 1357 3825 publico
1379 3765 1574 3829 quippe

518 3838 828 3890 Pontificem
856 3837 1090 3893 habitare
1114 3852 1325 3888 necesse
1347 3845 1479 3899 erat,
1503 3847 1573 3889 -ut

515 3916 654 3964 idem
679 3919 750 3964 ait
789 3914 917 3964 ibid.
942 3915 1072 3977 Dio,
1094 3922 1151 3964 et
1182 3915 1234 3964 in
1254 3915 1398 3968 Julio
1422 3931 1468 3967 c.
1485 3918 1569 3966 46.

518 3999 749 4041 notatum
774 4000 871 4045 est.
910 4030 915 4031 κ

580 4076 603 4100 v
641 4071 761 4117 Cum
791 4070 954 4133 paucis
987 4070 1139 4120 acinis
1170 4086 1276 4121 uva
1308 4070 1572 4134 duracina]

513 4144 1572 4198 Torrentiusemendandumcensebatuvis

517 4217 790 4275 durae-inin
821 4219 1098 4269 arbitratus
1140 4222 1316 4271 acinos
1347 4237 1441 4286 pro
1476 4238 1570 4272 nu-

516 4293 645 4343 cleis
681 4293 1041 4358 accipiendos3
1073 4303 1251 4346 contra
1285 4311 1437 4362 quem
1473 4299 1570 4350 Ca-

1646 1764 1901 1814 saubonus
1925 1763 2037 1814 fuse
2061 1765 2265 1829 probat,
2281 1765 2454 1816 acinos
2481 1765 2534 1816 in
2558 1778 2700 1817 race-

1646 1843 1741 1892 mis
1776 1844 1884 1892 sive
1908 1843 2021 1893 uvis
2044 1858 2158 1893 esse
2182 1859 2299 1908 quae
2324 1858 2485 1908 grana
2505 1858 2701 1898 nuncu·

1650 1934 1827 1984 pamas
1846 1937 1863 1972 z
1897 1928 1953 1971 et
1977 1934 2158 1970 revera
2190 1917 2455 1971 Palladius
2477 1921 2588 1985 ipse
2611 1920 2699 1970 lib.

1646 2010 1703 2046 x.
1746 2011 1794 2048 c.
1819 2001 1898 2046 11.
1942 1998 2017 2047 sic
2042 1998 2304 2062 loquitur=
2339 1997 2473 2047 ‘Sed
2496 1998 2702 2047 maturi·

1647 2079 1807 2122 tatem
1832 2074 2101 2123 vindemiae
2126 2074 2477 2138 cognoscimus
2500 2074 2597 2123 hoc
2618 2089 2704 2138 ge·

1645 2164 1771 2199 nere
1792 2166 1808 2212 ;
1832 2151 1874 2200 si
1898 2165 2146 2215 expressa
2171 2166 2266 2223 unva
2286 2152 2629 2216 vinacia,quae
2654 2153 2703 2201 in

1646 2227 1807 2277 acinis
1831 2229 2099 2292 caelantur,
2132 2230 2230 2279 boc
2265 2237 2346 2279 est
2385 2244 2563 2293 grana,
2601 2230 2702 2279 sint

1648 2303 1879 2368 fusca,et
1895 2307 2139 2357 nonnulla
2158 2306 2523 2370 propemodum
2541 2309 2707 2370 nigra,

1646 2399 1798 2447 quam
1837 2400 1944 2434 rem
1978 2385 2225 2435 naturalis
2250 2386 2516 2435 maturitas
2539 2384 2703 2435 facit!

1649 2460 1854 2513 Quibus
1872 2470 2044 2513 autem
2065 2464 2176 2512 uvis
2198 2464 2355 2513 durus
2375 2472 2488 2513 erat
2507 2465 2703 2519 acinus,

1649 2541 1730 2588 hae
1757 2541 1771 2568 ‘
1793 2538 2054 2589 duracinae
2072 2539 2087 2562 '
2111 2541 2287 2600 dictae,
2316 2555 2431 2605 quae
2456 2555 2558 2589 non
2584 2540 2708 2589 alibi

1652 2617 1905 2680 gratiores
1926 2631 2076 2682 quam
2100 2617 2151 2665 in
2174 2616 2345 2666 Italia.
2391 2616 2594 2666 Plinius
2618 2617 2706 2669 lib.

1653 2705 1774 2742 xlv.
1806 2707 1854 2742 c.
1880 2696 1927 2743 1.
1963 2700 2017 2742 et
2039 2692 2183 2755 alibi,
2213 2699 2267 2742 et
2291 2693 2578 2744 Columella
2598 2703 2709 2744 toto

1653 2768 1740 2818 lib.
1772 2782 1860 2827 m,
1899 2776 1953 2818 et
1989 2782 2070 2818 ιν.
2106 2768 2242 2818 unde
2273 2769 2427 2819 etiam
2452 2770 2710 2821 evincitur

1653 2844 1827 2893 acinos
1852 2843 1903 2891 id
1934 2859 2036 2894 non
2072 2858 2205 2905 esse,
2245 2845 2383 2908 quod
2403 2847 2708 2897 Torrentius

1654 2919 1989 2976 existimavit,
2027 2921 2213 2988 prioris
2244 2920 2426 2971 saltem
2448 2923 2549 2972 aevi
2574 2924 2708 2974 Lati·

1654 2996 1735 3045 nis
1757 2999 2071 3047 auctoribus.
2465 3025 2470 3035 ·

1719 3079 1751 3105 ⁹¹
1784 3070 2030 3138 Subbatis]
2065 3075 2161 3123 Vel
2185 3074 2415 3138 intellige
2433 3075 2499 3125 de
2523 3091 2709 3141 magno

1654 3148 1741 3197 illo
1766 3148 1999 3211 sabbato,
2018 3165 2116 3214 quo
2134 3152 2345 3214 singulis
2365 3153 2514 3202 annis
2536 3167 2710 3203 recur-

1654 3229 1821 3286 rente,
1859 3224 2063 3275 Pascha
2084 3242 2229 3277 suum
2254 3229 2596 3280 celebrabant
2616 3230 2710 3282 Ju-

1654 3303 1770 3359 daei,
1811 3302 1967 3352 variis
2007 3310 2127 3353 ante
2167 3305 2454 3355 observatis
2475 3306 2711 3379 jejuniis,

1651 3380 1734 3429 vel
1758 3379 1823 3428 de
1846 3380 2148 3444 quibusdam
2172 3382 2488 3446 singularum
2521 3384 2712 3436 bebdo-

1648 3456 1910 3506 madarum
1924 3458 2121 3517 diebus,
2132 3474 2233 3524 quo
2251 3475 2407 3509 sensu
2420 3460 2559 3510 dixit
2579 3461 2711 3512 Pha-

1636 3534 1830 3593 ‚risaeus
1862 3535 1999 3598 apud
2035 3537 2104 3586 D.
2146 3538 2337 3587 Lucam
2374 3554 2420 3588 c.
2443 3552 2613 3591 xvm.
2638 3555 2711 3589 vs.

1652 3614 1734 3661 12.
1758 3610 1968 3671 νηστεῦω
1988 3612 2058 3663 δὶς
2078 3614 2166 3662 τοῦ
2184 3613 2452 3680 σαββάτου,
2471 3617 2610 3682 quod
2637 3617 2712 3667 iu-

1656 3695 2000 3753 terpretatum
2036 3698 2135 3756 est,
2152 3692 2319 3755 Jejuno
2356 3693 2429 3742 bis
2458 3695 2511 3742 in
2540 3695 2713 3745 hebdo-

1654 3767 1809 3815 mada.
1878 3767 1992 3816 Nec
2011 3768 2168 3829 enim,
2203 3770 2247 3818 si
2271 3769 2540 3819 sabbatum
2562 3772 2712 3821 intel-

1652 3842 1843 3905 ligatur
1865 3844 2076 3893 ultimus
2104 3845 2192 3896 ille
2216 3845 2328 3894 dies
2352 3845 2710 3910 hebdomadae,

1652 3920 1813 3983 quieti
1837 3930 1892 3971 et
1915 3922 2077 3971 cultui
2100 3921 2275 3972 divino
2293 3922 2518 3985 dicatus,
2538 3938 2712 3973 verum

1649 4003 1789 4045 esset
1811 3997 1949 4060 quod
1971 3997 2236 4061 Augustus
2265 3998 2350 4047 hic
2388 3999 2576 4065 innuit,
2613 4001 2709 4050 hoc

1650 4085 1836 4135 nempe
1859 4073 1944 4122 die
1973 4074 2238 4138 jejunasse
2259 4075 2494 4126 Judaeos.
2559 4077 2709 4128 Unde

1649 4149 1983 4199 Casaubonus
2002 4153 2286 4213 existimat,
2303 4153 2580 4212 Romanos.
2606 4172 2711 4206 mo·

1650 4240 1760 4275 rum
1793 4227 2124 4278 Judaicorum
2158 4228 2384 4291 ignaros,
2416 4244 2532 4280 cum
2571 4231 2710 4281 vide-

1650 4312 1767 4354 rent
1801 4313 1857 4354 et
1875 4305 2078 4355 sabbati
2110 4305 2245 4356 diem
2279 4305 2547 4370 praecipua
2568 4324 2599 4359 a
2616 4307 2708 4365 Ju-
