3019 4922
521 406 651 470 224

523 587 706 643 ranei,
754 563 1078 643 ‘Quintili
1128 561 1332 641 Vare,
1383 563 1678 645 legiones
1731 561 2011 643 redde3'
2070 560 2382 644 diemque
2435 561 2655 626 cladis
2682 571 2703 598 ¹·

526 668 878 754 quotannis
918 674 1228 731 moestum
1286 665 1596 731 habuerit
1646 685 1727 756 ac
1779 665 2138 747 lugubrem.
2142 672 2168 714 ⁷
2187 672 2208 699 ³
2293 663 2452 748 [24]
2498 664 2582 727 In
2641 683 2711 728 re

523 772 786 837 militari
818 777 890 835 et
918 768 1345 834 eommutavit
1373 769 1601 846 multa,
1631 775 1698 833 et
1726 768 2051 833 instituit·
2079 767 2103 805 ⁸
2150 774 2356 851 atque
2386 768 2592 831 etiam
2623 767 2712 832 ad

528 874 871 957 antiquum
918 890 1167 937 morem
1217 870 1541 935 nonnulla
1580 871 1946 935 revocavit.
2036 870 2484 954 Disciplinam
2518 888 2712 935 seve·

473 1057 482 1062 ,
528 976 794 1040 tissime
823 975 1082 1040 rexitz⁹
1127 993 1207 1038 ne
1252 974 1623 1056 legatorum
1648 973 1667 1009 t
1709 973 1975 1056 quidem
2006 973 2344 1057 cuiquam,
2394 974 2525 1037 nisi
2568 991 2712 1057 gra-

1378 419 1443 467 0.
1492 417 1843 467 SUETONH

528 1274 686 1323 diue
672 1288 724 1323 m
752 1272 905 1322 Oros.
922 1274 960 1323 l.
982 1287 1062 1322 vr.
1085 1277 1262 1324 21.--7
1298 1273 1428 1324 Cod.
1453 1274 1565 1337 Cuj.
1580 1275 1794 1336 diemque
1809 1272 1976 1327 cladis,
1992 1286 2126 1338 quem
2146 1272 2330 1321 dammis
2353 1277 2504 1321 moest.
2534 1275 2583 1321 et
2614 1273 2714 1331 lug.

522 1338 766 1400 hasmet,
815 1352 1099 1399 memorans,
1147 1353 1295 1400 quam
1330 1340 1451 1389 lect.
1488 1354 1591 1388 nou
1625 1339 1836 1387 damnat
1869 1338 2048 1386 Burm.
2085 1339 2127 1385 si
2161 1337 2313 1386 modo
2348 1337 2618 1400 scripserit
2653 1337 2711 1383 li-

525 1403 724 1452 brarius
758 1418 891 1465 quem
921 1404 1106 1452 damnis
1137 1404 1246 1452 aliis
1280 1411 1429 1453 Μαι.
1445 1407 1526 1468 ⁸5¹⁶·
1553 1404 1666 1453 Pal.
1692 1407 1742 1451 3.
1780 1404 1946 1465 diemq.
1966 1404 2090 1452 clud.
2112 1403 2252 1452 annis
2272 1403 2516 1451 meusium.
2581 1401 2711 1449 Tum

524 1468 689 1517 babuit
713 1468 1109 1517 viud.1.c‹›rt.
1132 1468 1266 1517 Edd.
1288 1469 1415 1518 Rom
1421 1474 1535 1519 .·-8
1572 1468 1835 1519 Constituit
1858 1466 2293 1516 Periz.Harlem.
2331 1466 2713 1517 cort.1·2dd.a

526 1533 673 1581 Rom.
695 1546 831 1581 omn.
860 1533 923 1580 ad
949 1533 1086 1581 Bas.
1097 1533 1187 1582 sed
1229 1535 1411 1597 Steph.
1438 1543 1648 1585 secutus
1670 1533 1820 1582 Vett.
1888 1533 2056 1580 Etiam
2086 1533 2234 1581 malta
2265 1531 2446 1581 deerat
2478 1532 2715 1581 Heriem.

528 1596 662 1646 V.en
683 1603 728 1647 1.
731 1602 829 1647 —9
862 1598 1066 1647 Tuetur
1086 1598 1217 1647 hanc
1249 1598 1374 1652 lect.
1410 1599 1628 1651 Cssaub.
1663 1604 1843 1648 contra
1873 1596 2048 1647 Ursin.
2080 1612 2146 1646 ex
2178 1612 2270 1648 suo
2303 1597 2421 1648 cod.
2454 1599 2715 1648 volentem

1514 1761 1732 1812 No'rAE

526 1865 583 1908 to
618 1858 836 1908 tundere
871 1865 1017 1922 poste
1050 1860 1246 1923 caput.'
1308 1859 1393 1909 Ad
1423 1874 1577 1925 quem
1658 1859 1744 1909 ille
1767 1856 1927 1908 fuerit
1949 1874 2049 1909 non
2084 1867 2347 1925 repertum
2379 1861 2478 1911 sibi
2500 1858 2714 1916 fatetur,

525 1935 694 1983 locum
741 1934 967 1985 Achilles
1016 1936 1200 1985 Tatius
1254 1938 1306 1987 in
1367 1934 1574 1988 Sfortiae
1658 1935 1795 1985 unde
1820 1936 2123 1987 illustriores
2145 1938 2377 1987 Suetonii
2400 1938 2713 2000 interpretes

525 2009 629 2059 Ms.
671 2009 857 2073 legisse
893 2025 949 2059 se
990 2010 1065 2059 ait
1101 2016 1229 2062 tacto
1264 2026 1358 2076 pro
1393 2019 1574 2062 sancto.

528 2086 601 2135 Et
638 2095 781 2136 certe
825 2086 1029 2136 videtur
1064 2089 1161 2138 boc
1195 2088 1355 2151 magis
1392 2098 1577 2153 argute

526 2176 677 2227 quam
702 2177 823 2212 vere
846 2172 1138 2220 annotasse,
1155 2179 1271 2215 cum
1294 2166 1429 2229 apud
1452 2166 1576 2215 His-

529 2239 722 2289 toricos
755 2240 879 2289 alios
907 2240 1093 2289 similia
1121 2241 1458 2304 impatientias
1494 2258 1575 2292 re·

528 2315 796 2379 pariantur
827 2317 1080 2380 exempla.
1145 2318 1466 2383 Capitolinus
1508 2321 1577 2369 de

526 2390 830 2455 Maximino,
854 2394 870 2422 ‘
888 2392 962 2443 sic
984 2394 1196 2457 exarsit,
1218 2401 1276 2444 ut
1294 2409 1397 2446 non
1419 2396 1578 2445 homi-

525 2482 663 2530 nem,
695 2471 785 2519 sed
823 2470 1043 2520 belluam
1077 2479 1316 2536 putares3
1342 2473 1579 2537 jaciebat

526 2557 584 2592 se
607 2544 658 2592 in
681 2546 927 2608 parietes,
948 2561 1310 2612 nonnunquam
1345 2556 1499 2599 terrae
1523 2565 1578 2600 se

523 2622 1046 2687 prosternebat,'&c.
1113 2626 1184 2676 Et
1218 2626 1306 2676 lib.
1328 2637 1580 2691 sequente

528 2697 543 2723 ‘
569 2697 831 2748 incurrere
868 2700 922 2748 in
946 2701 1185 2765 parietes,
1216 2710 1413 2753 vestem
1446 2706 1578 2754 scin·-

525 2772 651 2824 ‹lere
675 2775 983 2841 videbatur,’
1004 2780 1103 2829 διο.
1124 2779 1178 2828 in
1201 2794 1355 2844 quem
1374 2795 1577 2831 sensnm

527 2864 734 2914 prorsus
771 2853 971 2903 Seneca
1002 2855 1091 2905 lib.
1126 2869 1166 2904 1.
1200 2856 1265 2904 de
1296 2855 1384 2915 Ira
1423 2871 1468 2906 c.
1497 2861 1575 2907 16.

524 2930 540 2957 ‘
565 2928 704 2979 Quid
745 2944 874 2994 opus
914 2938 997 2980 est
1039 2946 1264 2982 mensam
1307 2936 1577 2983 evertere?

524 3004 644 3068 quid
669 3007 854 3068 pocula
877 3006 1140 3071 affligere?
1173 3008 1295 3073 quid
1327 3024 1381 3059 se
1404 3010 1454 3058 in
1492 3026 1578 3062 co-

525 3080 726 3129 lumnas
780 3083 1101 3145 impingere?
1169 3084 1309 3136 Quid
1365 3088 1580 3151 capillos

524 3156 788 3206 evellere?
821 3157 941 3221 quid
965 3157 1131 3207 femur
1154 3166 1435 3225 pectusque
1457 3159 1577 3227 per-⁸

526 3235 751 3285 cutere?'
769 3240 867 3286 &c.
922 3238 1053 3289 Quae
1068 3239 1239 3289 omnia
1256 3246 1312 3290 et
1324 3241 1425 3290 alia
1438 3257 1577 3305 quae-

524 3310 643 3359 dam
682 3325 987 3361 enumerans
1025 3313 1211 3364 Cicero
1244 3316 1580 3368 111.'1'uscul.

521 3387 537 3414 ‘
562 3387 892 3438 detestabilia
912 3391 1124 3454 lugendi
1156 3406 1347 3455 genera
1363 3391 1584 3467 'appelf

523 3464 620 3521 lat,
642 3471 697 3514 et
733 3465 970 3514 muliebri
1001 3469 1367 3532 superstitione
1402 3470 1580 3520 existi-

523 3552 712 3602 masse,
733 3542 863 3603 ait,‘
886 3542 1005 3593 Diis
1027 3543 1400 3596 immortalibus
1424 3561 1480 3596 se
1503 3545 1580 3596 fa-

522 3615 672 3664 cilius
711 3614 1070 3668 satisfacturos
1113 3620 1156 3669 si
1201 3634 1376 3670 eorum
1426 3622 1580 3686 plaga

522 3693 746 3755 perclusi
769 3691 990 3755 afflictos
1012 3709 1068 3745 se
1089 3703 1144 3745 et
1161 3702 1352 3746 stratos
1366 3711 1479 3747 esse
1502 3696 1579 3747 fa-

523 3769 764 3821 teantur.’
831 3772 966 3821 Nam
1004 3778 1059 3820 et
1094 3771 1266 3822 hocin
1301 3774 1440 3823 luctu
1475 3774 1578 3823 usi·

524 3852 712 3910 tatum,
756 3855 903 3912 patet
945 3849 1103 3898 etiam
1149 3861 1215 3897 ex
1257 3848 1483 3897 Lucieno
1526 3849 1579 3898 in

523 3922 690 3986 luctu,
720 3923 809 3972 ubi
840 3923 890 3972 id
923 3923 1077 3981 ridet,
1107 3931 1165 3974 et
1194 3922 1333 3974 infra
1365 3925 1497 3976 Ner.
1531 3941 1579 3976 c·

522 4000 606 4045 42.

588 4072 871 4137 'Diamque
903 4076 1070 4133 cledis,
1104 4075 1215 4138 &it-J
1248 4076 1578 4128 Casaubonus

522 4147 576 4195 in
615 4147 819 4211 Cujacii
850 4150 1029 4199 codice
1070 4151 1278 4213 legebat
1309 4154 1580 4218 sequentia

525 4223 684 4272 verba
722 4225 826 4273 sic.
877 4240 1013 4287 quem
1051 4227 1237 4275 damnis
1273 4233 1485 4278 moestum
1523 4244 1579 4278 ac

523 4299 769 4359 lugubrem
785 4299 1008 4350 habuerat
1024 4316 1281 4353 mensurans
1294 4321 1315 4363 ;
1349 4306 1439 4355 sed
1465 4308 1578 4371 quis

1658 2014 1845 2076 arguit,
1870 2013 2006 2078 quod
2045 2014 2360 2064 Ber-caldum
2394 2014 2547 2063 nimis
2580 2013 2715 2062 bona

1654 2089 1760 2139 fide
1776 2090 1959 2153 secuti,
1983 2092 2033 2140 iu
2057 2090 2275 2140 eundem
2298 2106 2414 2142 cum
2436 2091 2550 2154 ipso
2574 2104 2713 2141 erro·

1656 2181 1763 2215 rem
1798 2166 2130 2232 impegerint,
2168 2167 2303 2217 diem
2337 2168 2479 2217 illum
2514 2168 2562 2215 4.
2593 2181 2714 2215 non.

1657 2244 1828 2293 sextil.
1853 2245 2070 2294 eundem
2089 2244 2289 2293 scilicet
2305 2249 2461 2307 atque
2480 2243 2716 2312 Cannen-

1657 2322 1725 2371 sis
1748 2336 1939 2386 pugnse
1963 2337 2076 2371 esse
2100 2322 2353 2383 diceutes,
2373 2320 2512 2385 quod
2533 2319 2715 2369 nullibi

1658 2398 1878 2463 reperiri
1903 2406 2168 2448 asseverat
2189 2403 2445 2447 scrutatus
2467 2396 2563 2446 hoc
2595 2410 2715 2445 con·

1659 2476 1792 2539 silio,
1815 2483 2066 2540 quotquot
2101 2490 2165 2524 ea
2187 2475 2253 2524 de
2284 2488 2341 2523 re
2377 2473 2716 2536 scripserunt.

1659 2553 1880 2602 Erraudi
1904 2567 2029 2601 ausa
2048 2550 2149 2602 fuit
2181 2552 2438 2603 Beroaldo
2468 2552 2611 2601 locus
2631 2550 2716 2599 bic

1659 2629 1798 2679 Flori
1834 2627 1924 2679 lib.
1946 2643 2024 2678 ιν.
2056 2644 2101 2679 c.
2124 2634 2204 2680 12.
2240 2628 2256 2655 ‘
2282 2630 2448 2678 Varus
2485 2625 2716 2691 perditas

1659 2718 1741 2753 res
1760 2702 2070 2768 eodem‚quo
2089 2706 2411 2754 Cannensem
2432 2704 2567 2753 diem
2585 2703 2718 2752 Pau·

1659 2781 1759 2842 lus,
1801 2787 1856 2828 et
1891 2777 2003 2829 fato
2046 2788 2127 2830 est
2169 2788 2225 2829 et
2266 2780 2435 2829 animo
2477 2777 2717 2829 secutus.'

1658 2855 1762 2904 Ubi
1802 2854 1936 2903 diem
1983 2870 2076 2918 pro
2113 2855 2262 2904 clade
2301 2854 2591 2917 intelligere
2627 2852 2716 2904 de-

1658 2931 1789 2988 buit,
1824 2946 1925 2996 quo
1955 2932 2111 2980 modo
2146 2933 2282 2982 idem
2322 2938 2503 2981 auctor
2539 2931 2629 2979 lib.
2652 2943 2715 2979 ιι.

1662 3021 1710 3056 c.
1732 3011 1782 3056 6.
1819 3014 1834 3036 ‘
1856 3007 1974 3057 Non
1997 3005 2100 3057 fuit
2121 3008 2286 3072 major
2308 3007 2499 3071 populo
2527 3006 2716 3056 Roma·

1660 3098 1727 3133 no
1749 3084 1879 3143 dies,
1902 3099 2055 3149 quam
2078 3084 2170 3134 illa
2202 3099 2318 3134 cum
2354 3084 2457 3134 duo
2489 3084 2715 3133 omnium

1658 3166 1714 3209 et
1747 3167 1901 3211 antea
1942 3167 2001 3210 et
2039 3167 2218 3225 postea
2260 3162 2449 3211 ducum
2486 3160 2716 3222 maximi,

1659 3237 1748 3287 ille
1766 3237 1953 3300 Italiae,
1971 3238 2052 3288 bic
2073 3238 2343 3302 Hispanias
2360 3238 2541 3294 victor,
2561 3238 2720 3286 colla·

1658 3313 1729 3363 tis
1770 3314 2000 3363 cominus
2038 3314 2195 3377 siguis
2239 3314 2403 3365 aciem
2441 3312 2718 3364 direxere!

1661 3389 1799 3439 Olim
1838 3390 2031 3454 quippe
2070 3391 2115 3439 si
2149 3389 2292 3440 ferro
2331 3404 2434 3440 non
2471 3403 2622 3439 secus
2655 3403 2718 3438 ac

1652 3464 1855 3528 judicio
1886 3464 2228 3530 disceptanda
2250 3464 2390 3516 foret
2420 3473 2718 3515 controver-

1655 3543 1751 3605 sia,
1772 3542 1887 3595 dies
1910 3551 2083 3594 certus
2107 3545 2359 3608 assignari
2379 3544 2603 3593 solebat:
2640 3543 2716 3590 in·

1657 3617 1726 3667 de
1746 3616 1961 3681 factum,
1985 3626 2044 3668 ut
2066 3634 2168 3668 vox
2205 3621 2222 3647 ‘
2239 3620 2349 3669 dies
2368 3618 2384 3641 '
2415 3631 2511 3682 pro
2533 3617 2715 3681 praeiio

1660 3695 1861 3759 pariter
1903 3709 1964 3745 ac
1994 3696 2198 3759 judicio
2230 3694 2391 3745 fuerit
2430 3701 2714 3757 usurpata:

1661 3785 1775 3834 quae
1825 3771 2070 3835 loquendi
2121 3772 2257 3821 ratio
2310 3771 2530 3821 necdum
2577 3767 2718 3832 apud

1658 3860 1753 3894 noe
1797 3846 2083 3896 obsolevit:
2117 3861 2343 3911 pugnam
2385 3846 2582 3910 quippe
2624 3851 2716 3893 aut

1658 3921 1858 3972 cladem
1881 3922 2130 3985 insignem
2153 3923 2369 3972 dicimus
2391 3936 2480 3970 une
2493 3920 2713 3982 jannae.

1711 4006 1731 4031 ⁸
1744 3999 2038 4066 Lugubrem]
2058 4000 2396 4050 Inominalem
2411 4012 2503 4049 seu
2513 4005 2713 4056 atrurn3

1655 4077 1731 4126 sic
1775 4077 1921 4129 enim,
1959 4077 2286 4126 calamitosos
2330 4075 2442 4125 dies
2483 4074 2713 4140 appella-

1656 4153 1799 4204 bant.

1718 4232 1734 4263 ⁸
1767 4229 2083 4293 Legatorum]
2132 4232 2216 4279 De
2258 4230 2339 4279 his
2380 4229 2710 4295 quidessent

1659 4323 1777 4371 cap.
1799 4312 1881 4359 28.
1914 4310 2010 4359 hoc
2045 4308 2268 4372 Augusti
2299 4306 2527 4357 edictum
2559 4304 2706 4354 etiam
