3019 4922
508 392 641 460 258
1373 407 1434 455 o.
1479 394 1835 456 eumenii

510 554 965 641 epulandique
1017 550 1332 636 publice⁸
1365 551 1508 636 jus,
1600 550 1757 631 Quo
1801 554 2028 614 autem
2071 547 2229 613 lecti
2274 548 2704 632 probatique,

508 667 577 723 et
601 657 977 739 religiosius
1005 662 1071 720 et
1097 656 1352 720 minore
1395 654 1747 721 molestias
1777 652 1803 689 ¹¹
1845 652 2181 718 senatoria
2227 671 2498 716 munera
2545 652 2700 715 fun·-

508 765 830 843 gerentur,
876 760 1126 836 sanxit,
1170 764 1249 823 ut
1285 758 1680 841 priusquam
1712 754 2091 821 consideret
2122 754 2435 837 quisque,
2468 753 2700 818 thure⁶

507 880 590 926 ae
619 879 805 924 mero
827 857 1280 943 isupplicaret
1303 858 1486 941 apud
1522 877 1705 923 aram
1730 858 1881 941 ejus
1905 857 2108 934 Dei,
2090 876 2158 921 ιιι
2183 855 2372 939 c'ujus
2398 849 2672 939 templo
2675 852 2703 891 ¹⁵

505 963 828 1027 coiretur.
871 967 937 1026 et
978 980 1059 1024 ne
1099 961 1257 1044 plus
1287 980 1490 1044 quam
1519 961 1676 1024 bis
1657 980 1724 1023 m
1753 979 1974 1023 mense
2001 957 2342 1043 legitimus
2375 942 2700 1022 Senatus¹

504 1071 847 1146 ageretur‚⁷
881 1061 1212 1127 Kalendis
1240 1068 1305 1126 et
1334 1062 1666 1127 Idibuszm
1699 1081 1863 1127 neve
1898 1061 2276 1147 Septembri
2301 1059 2700 1125 Octobrive³

502 1183 732 1231 mense
758 1165 936 1229 ullos
967 1165 1208 1229 adesse
1230 1165 1404 1230 alios
1433 1185 1711 1231 necesse
1737 1170 1939 1243 esset,
1963 1185 2166 1249 quam
2190 1163 2374 1229 sorte
2406 1162 2703 1242 ductos?

1415 1345 1776 1371 oeeebveeveee

498 1470 596 1514 -5
632 1463 871 1514 Modestia
891 1461 1028 1513 Ven.
1050 1469 1100 1515 2.
1121 1465 1171 1513 8.
1206 1461 1372 1526 Lugd.
1408 1464 1626 1514 Medion.
1651 1469 1698 1513 1.
1734 1464 1883 1514 Cald.
1918 1460 2090 1513 minori
2120 1463 2326 1525 vestigia
2347 1461 2556 1510 molestia
2581 1460 2702 1523 Cuj.

498 1528 636 1577 unde
655 1527 885 1578 faciebat
915 1529 1056 1591 Lips.
1079 1530 1258 1579 minore
1279 1530 1487 1589 fastidio
1514 1545 1570 1578 ac
1592 1529 1768 1578 molen.
1834 1531 1974 1579 Dein
1999 1527 2233 1579 senatorio
2261 1539 2449 1576 munere
2472 1526 2701 1575 vind.1.

498 1594 620 1657 Lys.
651 1600 705 1641 et
739 1594 917 1642 statim
936 1593 1230 1655 fugerentur
1262 1595 1473 1643 Memm.
1476 1598 1574 1642 —6
1611 1594 1740 1642 Pure
1772 1609 1828 1642 ac
1859 1609 1923 1644 m.
1948 1594 2109 1644 Fouc.
2175 1593 2301 1642 Mox
2325 1592 2376 1640 in
2398 1596 2521 1639 ante
2545 1604 2702 1639 mense

499 1658 830 1707 omittiturin
851 1657 949 1707 Ed.
972 1672 1049 1721 pr.
1013 1663 1145 1707 ι·.-7
1183 1658 1267 1707 ΑΙ.
1288 1659 1562 1709 haberetur.
1629 1658 1764 1706 Tum
1785 1660 1906 1707 Kal.
1931 1658 2115 1708 scilicet
2136 1657 2291 1706 Vind.
2326 1660 2371 1704 1.
2407 1656 2553 1704 Cort.
2583 1669 2701 1703 cum

497 1721 634 1772 Edd.
657 1722 808 1773 Rom.
833 1718 964 1773 Ven.
989 1727 1036 1773 l.
1058 1723 1180 1773 Bas.
1212 1723 1415 1789 Gryph.
1450 1723 1630 1773 Plant.
1660 1722 1765 1773 scil.
1790 1719 1910 1775 Kal.
1946 1719 2118 1774 Periz.
2144 1722 2379 1773 Harlem.
2404 1719 2541 1769 Edd.
2565 1719 2701 1768 Ven

1484 1884 1705 1936 NOTAE

558 2006 585 2042 8
615 1987 938 2062 Epulandibue
955 1997 1159 2063 publice]
1192 1997 1411 2053 Quando
1430 1999 1557 2050 Jovi
1638 1998 1847 2063 ovidio,
1892 2014 2008 2050 cum
2047 2011 2261 2049 uxorem
2299 1995 2534 2056 doceret,
2576 2008 2701 2058 qua·-

496 2075 706 2137 epulum
736 2073 987 2137 libabant,
1019 2075 1294 2124 Senatores
1326 2076 1375 2123 in
1399 2075 1553 2138 Capi·
1634 2090 1751 2125 nam
1770 2076 1970 2125 ratione
1993 2074 2141 2125 Livia
2163 2074 2303 2123 foret
2326 2069 2699 2121 convenienda.

494 2150 622 2200 tolio
659 2150 810 2200 simul
846 2164 1022 2200 omnes
1045 2150 1413 2214 epulabantur.
1477 2152 1554 2218 Ut
1633 2153 1770 2204 ‘Sed
1797 2156 1939 2218 prius
1963 2155 2206 2220 imposito
2229 2151 2422 2202 sanctis
2445 2148 2700 2199 altaribus

495 2241 560 2275 ex
598 2226 757 2275 Gellii
795 2226 884 2276 lib.
918 2240 1027 2276 xn.
1062 2242 1111 2277 c.
1145 2231 1195 2276 8.
1230 2226 1284 2275 iu
1311 2226 1551 2276 ludorum

490 2315 693 2366 quoque
730 2301 1149 2366 solennitatibus,
1185 2311 1242 2351 ιιι
1284 2310 1338 2351 et
1372 2302 1551 2376 trium3
1633 2320 1764 2371 pura
1787 2307 1968 2358 Deos!

1631 2229 1738 2293 igni
1771 2231 1945 2280 Thura
1986 2230 2068 2281 fer
2107 2229 2173 2280 ad
2218 2239 2440 2304 magnos
2465 2224 2699 2291 'vinaque
2791 2305 2792 2308 Ἴ

490 2376 704 2441 phorum
745 2378 945 2442 pompis
979 2378 1216 2428 convivia
1237 2377 1446 2442 publica
1467 2394 1552 2428 ce·

487 2455 852 2520 lebrabantur,
889 2457 939 2507 in
974 2457 1083 2510 Jul.
1123 2473 1244 2522 cap.
1284 2461 1365 2507 38.
1406 2458 1552 2509 colli·

490 2548 613 2597 gere
646 2540 745 2596 est,
779 2539 835 2582 et
869 2533 923 2583 in
960 2533 1077 2584 trib.
1115 2548 1232 2599 cap.
1255 2538 1337 2586 20.
1359 2541 1415 2585 et
1437 2535 1549 2586 vit.

489 2623 537 2658 e.
564 2613 646 2658 1-8.

552 2683 577 2718 ¹²
611 2687 901 2750 Religiosius
934 2692 981 2737 et
1014 2688 1193 2737 minore
1211 2689 1447 2752 molestia]
1475 2689 1552 2739 Ut

487 2761 776 2824 religiosius
830 2763 1189 2824 convenirent,
1253 2764 1552 2828 supplicare

477 2837 658 2902 jubet,
710 2844 771 2888 ut
824 2838 1160 2901 commodius,
1208 2840 1413 2889 nonnisi
1467 2840 1548 2891 bis

485 2926 792 2977 unoquoque
829 2927 1005 2962 mense
1043 2915 1338 2963 convenire.
1414 2915 1548 2967 Quae

401 2993 409 2998 ·
485 3001 629 3037 more
659 3003 751 3038 suo
790 2989 1107 3051 conjunctim
1144 2990 1385 3052 proponit
1419 2991 1552 3040 Sne·

485 3063 675 3118 tonius.
712 3064 865 3126 paulo
907 3071 1025 3125 post
1063 3066 1342 3126 separatim
1387 3066 1547 3129 expli—

485 3136 668 3193 canda,
682 3145 748 3186 ut
758 3137 869 3200 jam
891 3152 1046 3200 snpra
1068 3146 1322 3188 notatum.

548 3212 562 3244 ¹
597 3213 752 3262 There
773 3229 831 3263 nc
851 3216 1002 3278 mero]
1055 3214 1160 3263 Hic
1183 3229 1291 3265 mos
1313 3215 1544 3280 gentium

484 3296 779 3341 exterarum
803 3290 987 3353 legatis
1008 3291 1255 3341 Senatum
1286 3291 1549 3355 ingressu-

482 3365 553 3414 ris
575 3373 696 3417 ante
721 3368 831 3431 Jam
853 3366 1042 3431 fluerat,
1076 3374 1136 3417 ιιι
1158 3382 1222 3417 ex
1247 3369 1432 3432 Polyb.
1451 3371 1545 3420 lib.

484 3450 580 3490 xv·
607 3441 672 3489 ‹le
695 3443 1202 3506 Carthaginensibus,
1241 3452 1297 3494 et
1320 3445 1388 3496 de
1410 3446 1544 3496 Pru-

481 3513 559 3562 sia
579 3529 701 3577 rege
724 3516 1007 3582 Bithyniae,
1036 3519 1123 3583 qui
1140 3521 1362 3571 Romam
1387 3537 1543 3572 vene·

479 3595 580 3653 rat,
627 3589 963 3641 casaubonus
1005 3594 1088 3643 liic
1131 3598 1353 3647 notavit.
1437 3598 1541 3648 Sed

479 3666 865 3728 magistratibus
900 3673 1020 3719 exta
1054 3671 1224 3733 potius
1245 3674 1540 3736 consulere,

479 3741 634 3790 moris
656 3741 813 3792 fuisse
835 3745 1119 3809 existimat,
1140 3753 1196 3798 et
1217 3756 1365 3799 certe
1392 3756 1542 3813 patet

479 3816 564 3865 vel
599 3818 710 3866 solo
749 3819 966 3871 Caesaris
1001 3824 1264 3887 exemplo,
1299 3839 1457 3887 supra
1494 3839 1545 3874 c.

475 3894 561 3940 81.
583 3901 638 3944 et
653 3893 877 3958 Appiani
897 3897 1135 3947 Civilium
1160 3899 1423 3949 Bellorum
1447 3899 1537 3950 lib.

479 3980 547 4017 ιι.
569 3983 631 4017 ae
651 3971 870 4020 maxime
894 3987 959 4020 ex
977 3973 1136 4023 Gellii
1159 3974 1249 4025 lib.
1276 3989 1394 4025 xxv.
1417 3990 1467 4026 e.
1487 3980 1543 4027 7.

480 4042 746 4107 Angustus
780 4047 1062 4098 Senatores
1099 4064 1274 4101 omnes
1304 4051 1455 4102 thure
1479 4068 1541 4103 ae

479 4132 622 4167 mero
643 4120 938 4182 supplicare
963 4124 1139 4187 voluit,
1177 4141 1292 4188 qnoe
1328 4135 1386 4177 et
1424 4132 1540 4194 ejus

481 4196 653 4245 aetatis
665 4197 985 4247 consuetudo
997 4197 1119 4262 fuit,
1129 4214 1245 4251 cum
1264 4198 1399 4252 se'rio
1416 4205 1540 4269 quid

481 4270 920 4336 aggrederentur:
977 4274 1228 4338 probatur
1276 4277 1416 4330 idem
1470 4294 1539 4330 ex

1695 2379 1721 2414 ¹¹
1756 2368 1904 2445 Cibus
1948 2375 2144 2447 templo]
2173 2370 2332 2435 Quid
2378 2380 2422 2429 si
2462 2380 2515 2429 in
2554 2380 2702 2430 curia

1634 2458 1855 2523 quadam
1878 2460 2144 2510 coiretur?
2211 2458 2281 2509 Et
2312 2457 2364 2506 in
2394 2456 2557 2507 curiis
2583 2472 2700 2507 aras

1627 2532 1790 2585 fuisse
1814 2536 2150 2587 casaubonus
2185 2536 2484 2585 existimat.
2521 2548 2705 2598 qnem-

1632 2610 1906 2660 admodum
1931 2611 1983 2661 in
1997 2611 2149 2663 dulia
2167 2612 2331 2673 curia,
2354 2611 2442 2661 nbi
2465 2625 2557 2660 ara
2579 2613 2703 2660 Vie-

1634 2686 1797 2751 toriae,
1820 2688 1885 2737 de
1908 2703 2008 2753 qua
2027 2689 2132 2738 Dio
2154 2688 2244 2738 lib.
2265 2702 2340 2738 m.
2363 2689 2552 2738 Curias
2576 2702 2704 2752 qno-

1634 2778 1733 2829 que
1769 2764 2012 2828 plurimas
2046 2765 2242 2828 templa
2272 2777 2384 2812 esse
2410 2763 2702 2813 constitue-

1630 2846 1752 2889 runt
1776 2853 2012 2903 augures,
2030 2843 2174 2889 mm).
2191 2853 2258 2888 ex
2273 2837 2434 2889 Gellii
2457 2837 2551 2888 lib.
2574 2838 2701 2888 x'1v.

1631 2929 1678 2965 e.
1696 2919 1747 2964 7.
1771 2922 2002 2964 notatum
2024 2921 2124 2965 est.

1637 3021 1644 3025 -
1695 2987 1710 3021 ¹
1737 2990 2008 3052 Legitimam
2042 2988 2275 3053 Senatus]
2308 2989 2439 3039 Dies
2475 2991 2701 3041 Senatus

1625 3065 1851 3115 habendi
1890 3066 2114 3131 duplicis
2156 3065 2302 3116 fuere
2342 3068 2570 3131 generis,
2610 3069 2698 3118 alii

1627 3141 1760 3191 certi
1796 3149 1852 3191 et
1889 3142 2090 3205 legibus
2124 3140 2330 3203 statuti,
2365 3142 2453 3191 alii
2490 3142 2698 3206 indicti,

1626 3224 1783 3281 prout
1820 3217 2105 3268 incidentia
2141 3217 2427 3280 exigebant
2462 3220 2697 3283 negotia.

1623 3294 1846 3344 Senatus
1867 3295 2021 3344 statis
2054 3300 2111 3344 et
2147 3293 2264 3343 fixis
2295 3293 2478 3344 diebus
2501 3309 2697 3345 convo-

1625 3377 1774 3419 catus
1811 3369 2098 3420 dicebatur¹
2122 3370 2405 3432 legitimus.
2474 3369 2548 3419 Hi
2585 3370 2695 3419 dies

1624 3444 1833 3508 singulis
1855 3444 2120 3495 mensibus
2147 3446 2202 3494 in
2229 3445 2396 3495 veteri
2432 3445 2696 3495 Kalenda-

1624 3519 1700 3569 rio
1720 3520 1969 3570 annotati.

1701 3604 1738 3630 ¹¹¹
1790 3596 1982 3660 Idibus]
2048 3599 2408 3660 Praeterqnam
2464 3594 2695 3658 Martiis,

1623 3672 1807 3736 quibus
1824 3671 2131 3724 interfectus
2152 3680 2266 3722 erat
2279 3671 2469 3724 Julius.
2500 3671 2568 3720 In
2585 3671 2694 3723 Jnl.

1624 3763 1672 3798 c.
1694 3753 1778 3798 88.

1682 3831 1709 3857 ··
1737 3824 2008 3888 Septembri
2058 3822 2333 3884 Octobr-ive]
2386 3822 2689 3874 Vindemia-

1620 3914 1750 3965 rum,
1796 3907 1855 3951 ut
1893 3902 2116 3962 videtur,
2158 3912 2314 3948 causa
2353 3898 2689 3963 institutum3

1614 3976 1665 4025 hi
1688 3978 1885 4042 quippe
1907 3992 2108 4027 menses
2134 3976 2193 4025 in
2227 3975 2385 4025 Italia
2410 3974 2686 4028 vindemiis

1617 4054 1865 4105 destinati
1888 4064 2027 4105 sunt.

1683 4129 1880 4179 ‘’Son-te
1900 4128 2091 4193 ductos]
2144 4127 2342 4180 Quibus
2361 4142 2556 4196 nempe
2577 4144 2687 4181 sors

1618 4204 1917 4270 obtigisset.
1961 4246 1968 4251 .
