3019 4922
1299 441 1318 459 ⁴
1396 411 1695 464 sumus.
1801 367 1804 370 ,
2380 471 2387 474 ,
2511 404 2642 472 113

425 551 578 626 ties
606 556 859 623 liberos
887 556 1236 641 exegisset
1263 576 1565 641 uxorem,
1587 564 1656 626 et
1671 553 1872 645 quem
1902 563 2174 645 gemens
2193 547 2640 649 AEgisthum⁵⁶

436 660 788 746 appellare
814 667 1225 741 consuesset,
1256 660 1404 746 ejus
1431 668 1671 747 postea
1691 663 1898 730 filiam
1923 667 2245 750 potentiae
2267 670 2640 754 cupiditate

439 766 516 831 in
564 764 1053 831 matrimonium
1106 766 1509 852 recepisset?
1596 767 1735 833 Sed
1793 772 1943 835 ante
2004 770 2177 836 alias
2233 772 2480 839 dilexit
2539 776 2641 843 M.

431 869 643 936 Bruti
672 874 975 948 matrem,
1005 868 1351 936 Serviliam
1372 892 1389 937 t
1407 879 1433 906 ⁸
1458 874 1569 938 cui
1587 872 1613 910 ⁸
1643 880 1714 938 et
1741 873 2096 959 proximo⁶
2129 895 2257 942 suo
2286 881 2642 949 consulatu

433 970 794 1057 sexagies?
822 975 1161 1041 sestertio⁷
1190 977 1607 1062 margaritam
1635 986 1968 1044 mercatus
1997 985 2126 1059 est,
2151 986 2217 1045 et
2237 981 2412 1047 bello
2433 984 2642 1065 civili,

449 1097 655 1163 super
683 1077 854 1143 alias
886 1078 1312 1160 donationes»,
1341 1082 1768 1166 amplissima
1798 1083 2047 1167 praedia
2088 1103 2176 1148 ex
2215 1085 2643 1168 auctionibus

450 1182 669 1247 hastae
689 1189 714 1218 ⁰
757 1202 1026 1248 nummo
1045 1182 1069 1222 ⁸
1090 1179 1120 1220 ‘¹
1162 1180 1469 1253 addixit:
1523 1206 1676 1253 cum
1705 1187 2026 1280 quidem,⁹
2055 1185 2398 1273 plerisque
2426 1190 2646 1258 vilita-

517 1373 543 1407 ¹⁸
579 1376 672 1427 Cui
691 1378 858 1428 ultimo
878 1394 961 1428 suo
980 1381 1220 1430 consulatu
1240 1379 1352 1431 emit
1374 1380 1690 1443 margaritum
1709 1383 1929 1445 sexagies
1946 1383 2155 1444 centenis
2185 1382 2390 1433 millibus
2409 1381 2650 1432 sestertio-

454 1453 555 1489 rum
571 1457 589 1490 .-
622 1449 670 1491 et
692 1445 893 1493 tumultu
914 1445 1051 1494 civili
1068 1445 1358 1507 adjudicavit
1377 1462 1441 1497 ex
1459 1445 1887 1499 subhastationibas
1907 1449 2139 1501 maximas
2153 1449 2484 1514 possessiones,
2506 1448 2649 1497 mini-

445 1519 526 1554 mo
541 1508 716 1570 pretio,
734 1515 911 1573 prater
925 1509 1023 1561 alia
1040 1526 1250 1566 ηιωιενα.
1693 1545 1698 1550 ·

1361 1624 1696 1645 ‘mumOO
1706 1626 1735 1645 O
2178 1629 2205 1650 ο

457 1734 611 1800 vind.
644 1740 696 1787 2.
730 1736 971 1790 Corte-5
1006 1740 1164 1803 Bant.
1203 1741 1328 1790 Pius
1368 1741 1420 1791 in
1443 1742 1570 1792 Fac.
1610 1742 1743 1792 Crit.
1779 1747 1818 1792 t.
1844 1755 1882 1791 ι.
1918 1743 2179 1807 AEgyplum
2213 1742 2317 1807 legi
2349 1742 2476 1805 vult,
2511 1742 2648 1805 quod

460 1802 600 1852 valde
622 1802 873 1865 displicet
893 1806 1034 1857 Oud.
1061 1807 1235 1857 Burm.
1289 1806 1466 1858 Habet
1489 1807 1651 1857 vind.
1677 1812 1724 1858 1.
1745 1808 2022 1871 appellasset
2057 1823 2152 1871 pro
2189 1823 2266 1871 ap.
2288 1823 2415 1857 cons.
2468 1808 2647 1859 'Paulo

459 1876 570 1931 post
621 1868 843 1932 recipisse
889 1871 1103 1921 Memm.
1169 1873 1418 1937 repetisset
1458 1873 1641 1923 Barth.
1677 1874 1854 1938 Cujac.
1905 1880 1961 1923 et
1993 1888 2110 1923 mox
2147 1872 2199 1921 in
2234 1874 2448 1922 Memm.
2489 1873 2649 1922 etiam

459 1932 573 1982 alias
602 1935 853 1997 repetisset
884 1936 971 1987 dil.
1010 1937 1319 2001 legitur.—6
1352 1939 1397 1989 E
1431 1939 1550 1989 cod.
1584 1939 1762 1989 Ursini
1799 1938 2047 1988 Torrent.
2089 1938 2268 1988 Graev.
2307 1938 2649 2001 Oudendorp.

460 2006 509 2048 et
559 1999 687 2047 Ern.
720 2000 950 2051 scribere
1006 2004 1298 2052 mainerunt
1350 2004 1520 2067 primo.
1590 2004 1780 2068 Copes.
1822 2004 1900 2054 cui
1937 2004 1991 2053 in
2035 2018 2174 2068 prox.
2261 2003 2431 2067 Supra
2475 2002 2650 2052 omisit

459 2063 618 2114 dilexit
657 2065 919 2118 Fouc.—-⁷
950 2067 1218 2132 Sexagiens
1250 2069 1461 2121 sestertii
1505 2069 1587 2118 vel
1627 2070 1847 2120 sestertio
1889 2070 1945 2125 in
1984 2070 2200 2119 Memm.
2243 2083 2275 2119 a
2316 2083 2396 2134 pr.
2442 2084 2511 2118 m.
2555 2067 2651 2124 sed

460 2131 763 2180 cor'rectum.
821 2133 969 2183 Med.
1003 2138 1049 2184 3.
1082 2150 1186 2185 sex.
1226 2135 1517 2198 sestertium,
1547 2141 1607 2184 ut
1640 2135 1694 2185 in
1730 2136 1862 2202 aliis,
1899 2134 2038 2199 quod
2079 2134 2239 2185 Polit.
2276 2148 2480 2199 quoque
2524 2133 2647 2182 alle-

458 2204 601 2244 verat
649 2196 717 2246 ad
755 2211 916 2263 marg.
963 2199 1062 2250 Ed.
1111 2199 1429 2249 Mediol.—8
1460 2200 1523 2250 In
1573 2208 1752 2265 partes
1790 2207 1916 2250 euut
1952 2199 2047 2249 viri
2087 2199 2241 2252 docti.
2297 2199 2490 2248 minimo
2531 2213 2650 2263 pro·

459 2261 579 2312 bant
599 2261 747 2310 Torr.
767 2263 991 2313 casaub.
1012 2264 1167 2315 Grut.
1188 2265 1367 2315 Burm.
1392 2266 1575 2316 Barth.
1595 2273 1649 2315 et
1669 2266 1810 2317 Oud.
1834 2266 2200 2316 accedentibus
2224 2264 2436 2314 Merum.
2458 2265 2653 2313 Turon.

460 2326 673 2387 Nonnii,
708 2328 853 2378 Med.
889 2329 1075 2393 tribus,
1098 2332 1253 2380 Viud.
1279 2334 1324 2380 1.
1348 2331 1494 2381 Cort.
1518 2332 1666 2382 Voss.
1693 2332 1810 2381 P‘al.
1847 2331 2100 2392 omnibus,
2124 2331 2309 2393 Copes.
2335 2328 2484 2379 Huis.
2511 2328 2650 2378 Har·

456 2393 569 2442 lem.
590 2393 756 2442 Fouc.
789 2394 962 2444 Periz.
995 2394 1047 2443 in
1086 2408 1248 2457 marg.
1285 2403 1342 2445 et
1371 2394 1505 2445 Edd.
1528 2396 1789 2446 Beroaldo
1820 2397 2092 2460 prioribus.
2159 2395 2353 2445 Contra
2377 2395 2511 2443 hanc
2534 2408 2653 2442 sen-

455 2457 696 2520 tentiam,
728 2473 916 2509 nummo
945 2459 1228 2524 praeferunt
1257 2461 1475 2512 Salmas.
1528 2463 1704 2513 Bentl.
1743 2460 1807 2512 ad
1847 2461 2038 2512 Horat.
2064 2475 2102 2511 ι.
2133 2461 2241 2510 Sat.
2261 2464 2310 2510 4.
2344 2461 2469 2510 Ern.
2492 2455 2653 2508 Wolf.

454 2526 674 2586 Baumg.
696 2530 748 2574 et
772 2525 879 2591 alii,
904 2534 961 2576 ut
994 2527 1148 2577 codd.
1173 2528 1342 2590 plures
1365 2542 1479 2577 cum
1502 2528 1641 2578 Edd.
1666 2528 1815 2578 Junt.
1842 2527 2003 2591 Lugd.
2036 2526 2157 2576 Aid.
2180 2527 2359 2588 Steph.
2425 2525 2654 2574 Deleve-

455 2599 572 2640 runt
595 2591 757 2639 etiam
789 2590 952 2643 Scriv.
975 2592 1117 2642 Oud.
1142 2594 1279 2643 Ern.-
1289 2607 1572 2657 pronomen
1604 2594 1651 2643 ei
1671 2592 1805 2656 qnod
1838 2593 1888 2642 in
1913 2591 2084 2642 multis
2108 2591 2241 2640 Edd.
2265 2589 2488 2641 additur.
2555 2589 2655 2640 Ce-

454 2663 622 2707 terum
655 2655 709 2705 in
734 2655 879 2708 Med.
898 2661 947 2707 2.
982 2673 1045 2709 ex
1072 2663 1200 2709 auct.
1228 2663 1366 2708 aucta
1387 2674 1414 2708 e
1434 2658 1551 2708 min.
1585 2657 1730 2708 Med.
1753 2662 1802 2708 3.
1830 2657 2016 2721 Copes.
2053 2657 2220 2705 hausta
2242 2671 2267 2704 e
2287 2656 2403 2706 min.
2433 2655 2591 2705 Vind.
2604 2659 2656 2703 2.

452 2735 642 2770 numero
665 2735 699 2770 a
720 2735 787 2770 m.
810 2736 889 2786 pr.
912 2722 963 2772 in
988 2714 1102 2773 aliis
1124 2740 1151 2774 e
1172 2725 1259 2774 vei
1277 2740 1339 2774 ex
1358 2740 1424 2774 m.
1488 2722 1847 2775 Itemudduxit
1869 2737 1963 2782 pro
1984 2721 2173 2772 addixit
2195 2720 2345 2769 Huls.
2365 2718 2510 2768 Med.
2533 2718 2657 2768 duo.

452 2790 547 2836 -9
586 2786 709 2836 Tum
740 2789 928 2849 quidem
950 2789 1114 2841 Rbed.
1136 2794 1186 2840 2.
1217 2790 1396 2840 Burm.
1430 2790 1570 2855 conj.
1593 2804 1730 2854 quam
1764 2789 1969 2861 quidem,
1989 2786 2232 2836 laudante
2267 2784 2408 2834 Oud.
2444 2782 2655 2848 plerique

1442 2937 1493 2987 N
1500 2934 1668 2988 0⁹1·AE

443 3092 448 3095 v
513 3043 535 3068 ²
571 3032 877 3097 AEgisthum]
904 3031 1156 3100 Apposita
1177 3035 1520 3099 comparatio·
1610 3094 1613 3099 ,
1664 3030 1688 3066 Β
1718 3031 1975 3097 Sexagies]
2006 3031 2232 3083 circiter
2252 3033 2445 3081 219000
2469 3029 2505 3079 l.

448 3128 545 3164 nez
565 3109 827 3164 Sacerdos
845 3112 982 3162 enim
1001 3111 1265 3178 AEgisthus
1288 3111 1520 3162 absentis
1663 3117 1686 3144 e
1719 3109 2033 3161 [fluctionibus
2053 3107 2227 3172 hastae]
2262 3109 2355 3159 1²:ae
2389 3114 2509 3163 ‚sunt
2533 3120 2656 3156 ven.-

448 3199 506 3243 et
545 3189 750 3241 bellum
792 3188 1068 3253 Trojanum
1114 3187 1344 3252 gerentis
1377 3188 1521 3252 Aga·
1599 3185 1820 3236 ditiones
1864 3185 2176 3239 auctoritate
2226 3185 2439 3250 publica
2478 3181 2655 3245 factae,

447 3264 748 3321 memnonis
806 3281 1020 3318 uxorem
1068 3267 1520 3331 Clytaemnestram
1601 3279 1815 3329 quarum
1860 3264 2064 3329 signum
2101 3270 2217 3315 erat
2258 3264 2409 3313 hasta
2450 3259 2501 3309 in
2541 3258 2657 3314 foro

447 3343 699 3397 vitiavit:
759 3342 936 3397 Caesar
977 3349 1151 3395 autem
1194 3343 1422 3393 absentis
1464 3348 1523 3399 et
1601 3340 1788 3405 p‘osita,
1826 3341 1962 3390 nude
2001 3343 2017 3370 ‘
2043 3338 2366 3391 subhastare'
2401 3345 2458 3388 et
2494 3339 2511 3367 ‘
2536 3336 2656 3386 sub·

449 3419 823 3473 Mithridatico
846 3420 984 3471 bello
1005 3408 1246 3484 occupati
1277 3419 1522 3483 Pompeii
1592 3416 1870 3478 hastatio,'
1920 3418 2078 3468 etiam
2135 3417 2340 3468 Gallice
2390 3415 2656 3477 alabaster,
2682 3427 2698 3438 ’

450 3495 733 3559 conjugem
751 3496 969 3548 Mutiaru
989 3499 1238 3549 maximus
1254 3497 1365 3563 ipse
1383 3497 1524 3552 Pon·
1596 3499 1768 3548 vendre
1785 3499 1816 3545 ἁ
1836 3496 2037 3547 l’encan.
2070 3496 2209 3545 Vide
2226 3495 2276 3544 in
2299 3492 2430 3559 Aug.
2454 3507 2503 3542 c.
2527 3495 2609 3540 36.

454 3574 590 3627 tieex
616 3574 967 3631 adulteravit:
1003 3564 1274 3643 utriusque
1304 3574 1523 3628 historia
1612 3566 1617 3573 ’
1663 3572 1688 3606 ‘¹
1712 3570 1943 3634 Nummo]
1979 3571 2099 3621 Hoc
2122 3577 2203 3620 est
2222 3570 2430 3620 minimo
2454 3565 2654 3631 pretim
2716 3642 2721 3645 ι

464 3650 698 3713 apprime
721 3651 1070 3716 quadraverit‚
1096 3653 1139 3702 si
1170 3652 1527 3717 consanguini·
1601 3649 1677 3700 sic
1695 3648 1832 3701 enim
1856 3648 2042 3698 Horat.
2068 3646 2181 3696 Sat.
2203 3651 2252 3696 5.
2288 3646 2322 3695 1.
2346 3657 2409 3693 11.
2441 3644 2492 3692 in
2516 3641 2655 3716 tinet

469 3727 592 3776 tatis
615 3741 820 3791 nexum,
841 3734 894 3778 et
915 3728 1221 3780 domesticas
1240 3730 1411 3781 caedes
1434 3745 1525 3780 ex·
1597 3730 1614 3757 ‘
1628 3727 1769 3778 Huic
1791 3734 1847 3778 tu
1872 3726 1996 3788 Dic,
2011 3740 2076 3774 ex
2095 3729 2244 3788 parte
2262 3728 2373 3783 tua,
2393 3734 2483 3769 seu
2506 3717 2658 3770 fundi

478 3802 708 3865 ceperis3
740 3810 861 3857 nota
883 3804 1077 3870 quippe
1099 3805 1314 3872 Pelopis
1341 3804 1524 3864 domus
1598 3806 1711 3856 sive
1744 3805 1926 3856 domus
1959 3803 2044 3860 sit,
2075 3803 2313 3869 Emptor,
2346 3795 2659 3863 gaudentem

484 3877 705 3928 historia·
989 3872 992 3873 ⁷
1437 3877 1444 3880 ’
1500 3933 1503 3935 Α
1603 3880 1811 3936 nummo
1832 3889 1887 3931 te
1911 3877 2190 3944 addicere-‚⁹
2212 3881 2311 3928 ὅτε.
2337 3921 2340 3925 .
2363 3873 2542 3925 Valer.
2565 3874 2661 3927 lib.

495 4006 498 4011 .
553 3960 577 3987 ⁸
606 3955 872 4023 Serviliam]
908 3960 985 4009 Ea
1010 3958 1112 4010 fuit
1146 3974 1292 4010 soror
1314 3959 1529 4011 Catonis
1608 3973 1662 4010 v.
1709 3975 1824 4023 cap.
1862 3963 1912 4008 2.
1954 3956 2142 4010 ‘Quod
2180 3961 2434 4006 nostrates
2471 3953 2661 4005 dicunt

497 4028 764 4097 Uticensis,
786 4050 933 4100 quam
966 4037 1089 4102 quia
1114 4035 1325 4103 juvenis
1360 4038 1530 4089 adhuc
1604 4035 1896 4100 fragmento
1933 4034 2081 4099 panis
2116 4032 2362 4094 vendere,
2393 4030 2531 4097 quod
2571 4030 2662 4080 do-

508 4107 665 4158 Coesar
703 4113 906 4180 amavit,
948 4114 1072 4167 ideo
1120 4115 1276 4166 Bruti
1326 4123 1529 4182 patrem
1606 4114 1832 4166 nationis
1854 4119 1936 4166 est
1958 4113 2136 4170 instar,
2159 4127 2274 4163 curn
2298 4111 2516 4161 obtentu
2541 4121 2663 4156 ven·

515 4187 738 4253 creditam
758 4188 911 4243 fuisse
933 4194 1248 4245 Plutarchus
1266 4194 1359 4260 ait,
1374 4200 1432 4245 et
1453 4194 1530 4244 in·
1605 4192 1818 4245 ditionis
1834 4205 1944 4247 rzem
1967 4190 2216 4241 donantes
2235 4187 2477 4238 invidiam
2501 4184 2664 4234 dona-

526 4262 598 4319 (η
616 4278 714 4327 cap.
733 4268 806 4316 82.
829 4283 893 4320 ex
924 4270 1149 4323 Caesaris
1173 4271 1331 4337 ipsius
1360 4272 1531 4324 verbis
1606 4269 1757 4322 tionis
1782 4269 2020 4326 vitamus,
2052 4276 2108 4317 et
2140 4264 2324 4335 pudori
2357 4261 2663 4326 accipientis

527 4336 740 4395 '’mnu'ssm'·
1608 4346 1955 4400 consulimus!
2010 4345 2235 4397 Budaeus
2272 4344 2327 4393 in
2367 4339 2663 4392 Pandectas

642 4420 792 4484 napa.
822 4433 867 4478 et
893 4432 1011 4484 ναν.
1049 4432 1181 4483 ctas.
1471 4422 1472 4425 ’
1526 4430 1664 4482 suec.
2478 4424 2532 4473 H
