3019 4922
1212 409 1596 460 susumus
2365 396 2495 464 481

322 558 751 643 excogitavit,
779 553 1000 620 sedem
1030 571 1413 619 arcanarum
1443 552 1788 618 libidinum
1816 574 1832 619 t
1876 554 1941 618 in
1970 573 2166 644 quam
2198 554 2492 638 undique

327 659 689 744 conquisiti
718 656 1097 743 puellarum
1126 661 1193 720 et
1219 655 1634 738 exoletorum
1686 676 1937 739 greges,
1965 657 2454 746 monstrosique
2472 656 2497 695 ⁸

326 762 722 828 concubitus
767 765 1150 843 repertores,
1202 777 1378 841 quos
1430 763 1451 793 ‘
1487 758 1801 841 spintrias
1821 754 1878 794 ’ἃ
1942 758 2346 843 appellabat,
2390 761 2503 823 tri-

323 864 489 948 plici
518 864 682 928 serie
725 861 1035 939 connexi,
1062 860 1354 926 invicem
1380 860 1786 925 incestarent
1812 868 1923 925 se⁹
1951 880 2169 925 coram
2205 861 2386 944 ipso,
2425 866 2504 925 ut

327 971 607 1049 aspectu
650 963 1037 1030 deficientes
1077 962 1398 1027 libidines
1436 962 1785 1027 excitaret.
1871 962 2201 1030 Cubicula
2230 963 2505 1046 plurifa÷

326 1069 496 1134 riam
517 1076 570 1106 ¹0
597 1066 931 1150 disposita
960 1064 1224 1131 tabellis
1265 1084 1350 1131 ac
1399 1064 1639 1148 sigillis
1678 1063 2265 1132 lascivissimarum
2291 1065 2505 1147 pictu-

326 1189 549 1238 rarum
569 1177 589 1207 ¹
616 1174 690 1234 et
727 1169 1069 1251 figurarum
1116 1167 1484 1244 adornavit,
1521 1166 1843 1249 librisque
1875 1164 2337 1249 Elephantidis
2356 1174 2380 1201 ⁶
2409 1167 2506 1230 in·

328 1273 599 1351 struxit,
626 1292 709 1336 ne
738 1271 850 1337 cui
880 1271 951 1335 in
995 1277 1204 1354 opera
1245 1268 1502 1333 edenda
1545 1267 1888 1351 exemplar
1927 1268 2269 1350 imperatae
2317 1268 2506 1332 sche-

330 1392 461 1441 mae
481 1371 549 1449 ’ἦ
580 1374 861 1460 deesset.
949 1372 1032 1438 In
1083 1371 1290 1458 sylvis
1309 1380 1329 1419 ³
1376 1391 1645 1457 quoque
1698 1391 1781 1437 ac
1830 1372 2205 1440 nemoribus
2253 1373 2507 1456 passim

1240 1552 1599 1573 eeeeeeeeeeeee

332 1668 434 1718 Ed.
455 1668 589 1716 Ven.
609 1672 656 1719 1.
675 1672 723 1718 et
743 1669 846 1720 sell.
867 1668 1014 1718 Cort.
1036 1666 1171 1718 Edd.
1191 1670 1436 1719 Rom.—8
1469 1668 1806 1732 Monstruosiq·
1844 1668 1947 1720 duo
1975 1667 2090 1718 Pal.
2106 1668 2366 1729 meliores,
2391 1682 2509 1728 cum

332 1732 532 1782 Medic.
555 1737 597 1782 1.
619 1736 668 1783 3.
686 1734 843 1783 Vind.
866 1738 918 1784 2.
952 1733 1082 1796 Cop.
1112 1733 1271 1783 Fouc.
1296 1734 1529 1783 Har-lem.
1553 1736 1721 1783 Periz.
1743 1735 1888 1783 Cort.
1911 1739 1966 1783 et
1998 1733 2134 1783 Edd.
2156 1734 2426 1794 nonnullis,
2457 1741 2514 1783 et

332 1797 412 1846 ita
433 1796 573 1846 alibi.
621 1795 703 1849 cf.
736 1798 898 1861 Calig.
918 1812 966 1848 c.
990 1801 1068 1847 16.
1132 1799 1262 1847 Mox
1297 1800 1593 1862 appellabant
1628 1801 1784 1849 Fonc.
1818 1804 1866 1847 et
1900 1800 2031 1861 mpl.
2063 1798 2216 1848 vind.
2237 1803 2287 1848 2.
2317 1798 2515 1848 convexi

335 1862 439 1910 duo
460 1863 607 1911 Torr.
626 1862 890 1912 eodm—9
923 1863 987 1912 Se
1010 1863 1156 1912 abest
1188 1878 1218 1912 a
1252 1864 1464 1914 Merum.
1500 1863 1693 1913 Medic.
1711 1867 1762 1912 2.
1793 1863 1911 1926 Cuj.
1935 1863 2086 1912 Voss.
2108 1863 2265 1911 Fonc.
2291 1864 2430 1911 Dun.
2462 1877 2514 1912 se

332 1926 434 1975 inv.
456 1927 549 1975 inc.
572 1927 771 1977 Medic.
800 1932 846 1976 l.
880 1926 1010 1989 Cop.
1035 1928 1186 1980 Huls.
1218 1928 1316 1976 inv.
1335 1943 1387 1977 se
1407 1929 1501 1978 inc.
1524 1928 1719 1978 Medic.
1736 1931 1784 1976 3.
1806 1928 1963 1976 Polit.
2027 1927 2313 1988 Distingnit
2333 1928 2515 1976 Burm.

332 1992 639 2050 incestarent,
669 2006 719 2041 se
750 2006 927 2055 coram,
948 1992 986 2041 ι’.
1008 2008 1055 2041 ιι.
1077 2008 1123 2041 α.
1155 1992 1294 2041 Oud.
1328 2008 1380 2042 se
1410 1992 1504 2043 inc.
1526 2008 1699 2050 coram,
1718 1993 1755 2041 i.
1778 2006 1827 2040 a.
1848 1996 2025 2041 a.—10
2056 1990 2328 2052 Plurifaria
2361 1992 2517 2041 Vind'.

336 2060 383 2105 3.
449 2057 578 2104 Tum
617 2055 859 2119 dispositi·
880 2055 1109 2108 malebat
1142 2056 1364 2106 Casaub.
1398 2071 1551 2120 quem
1585 2065 1779 2107 secutae
1824 2056 1954 2105 Edd.
1991 2057 2165 2106 Germ.
2200 2055 2518 2120 quasdam.—

338 2124 365 2168 1
403 2121 566 2169 Deest
584 2120 700 2181 piet.
723 2119 874 2171 Huls.
940 2121 1068 2170 Mox
1106 2122 1440 2184 Elephantinis
1467 2122 1625 2172 Vind.
1647 2126 1796 2171 2.-2
1831 2122 1979 2183 Legit
1998 2121 2222 2171 Turneb.
2241 2117 2378 2170 Adv.
2403 2132 2518 2170 xiv.

336 2188 420 2234 17.
455 2191 590 2234 teste
623 2185 763 2234 Oud.
798 2186 1066 2249 impetrata
1095 2186 1308 2244 schem,
1343 2195 1399 2236 et
1430 2186 1503 2236 ita
1536 2187 1653 2236 Pal.
1684 2193 1810 2250 tres,
1832 2186 2038 2236 viterb.
2066 2186 2208 2235 Pith.
2242 2186 2365 2235 Lisl.
2400 2199 2518 2233 cum

337 2248 504 2298 codd.
526 2248 666 2299 Ond.
693 2250 788 2299 nisi
819 2249 956 2314 qnod
992 2252 1043 2299 in
1063 2250 1219 2311 vind.
1244 2256 1291 2300 1.
1314 2251 1383 2301 sit
1401 2250 1740 2316 {interpretata
1765 2250 1919 2301 Tor-r.
1944 2267 2011 2301 ex
2034 2265 2135 2300 uno
2157 2250 2285 2300 libro
2306 2249 2522 2314 praefert

331 2319 634 2376 perpetratae.
681 2314 746 2364 In
767 2315 1070 2378 quibusdam
1094 2316 1314 2366 casaub.
1334 2318 1582 2379 imperate
1601 2332 1749 2367 scenae
1766 2318 1979 2379 exempla
1997 2318 2227 2378 deessent,
2249 2322 2304 2364 et
2326 2314 2523 2363 habent

331 2378 509 2440 impar.
541 2380 662 2427 Bas.
701 2386 831 2443 post.
866 2380 1041 2430 Plant.
1066 2379 1267 2443 Gryph.
1290 2382 1453 2432 Colin.
1487 2383 1660 2432 Dolet.
1681 2382 1937 2446 ⁴probante
1973 2383 2090 2432 Urs.
2124 2380 2356 2443 Reliquae
2378 2380 2522 2442 iampe-

335 2447 499 2500 tratoe,
520 2452 715 2508 praeter
743 2446 858 2493 Bas.
885 2452 1018 2508 post.
1044 2445 1209 2507 Lugd.
1229 2445 1376 2497 Junt.
1400 2461 1516 2511 quae
1539 2447 1757 2512 imperat.
1780 2454 1993 2496 tuentur
2014 2459 2128 2495 cum
2153 2444 2321 2494 vatic.
2341 2441 2522 2492 suffra·

336 2509 538 2571 gantib.
585 2509 805 2559 Casaub.
845 2510 1024 2558 Burm.
1046 2509 1186 2558 Oud-
1211 2517 1266 2559 et
1288 2526 1433 2574 seqq.
1521 2512 1741 2561 Praebet
1781 2515 1919 2561 Dun.
1965 2511 2282 2572 exemplorum
2310 2512 2520 2572 ματαίω

336 2587 389 2621 se
403 2573 568 2622 hemoe.
635 2575 877 2624 Ceterum
900 2589 1050 2622 scenoe
1071 2574 1241 2623 Peris-
1262 2575 1494 2625 Harlem.
1513 2582 1567 2624 et
1585 2578 1654 2625 Ο.
1678 2574 1789 2624 fere
1814 2574 1945 2624 Edd.
1968 2574 2116 2622 Vett.
2165 2572 2319 2622 Unde
2339 2573 2521 2633 Steph-

338 2636 529 2687 habeat
549 2639 666 2702 imp.
687 2641 894 2688 lascinioe
919 2638 1260 2688 nescitura-3
1296 2640 1530 2702 sanisque
1566 2641 1717 2689 Huls.
1752 2641 2002 2701 probante
2038 2639 2161 2686 Ern.
2222 2639 2347 2687 Tum
2375 2638 2524 2686 Vene·

337 2701 438 2752 riu
460 2703 672 2753 Memm.
701 2704 897 2754 Medic.
915 2703 1049 2766 jocos
1083 2702 1240 2752 iidem
1267 2708 1312 2754 1.
1344 2707 1394 2753 3.
1429 2719 1546 2755 cum
1584 2706 1716 2770 Cop.
1741 2703 1901 2754 vind.
1925 2709 1974 2754 l.
1998 2703 2169 2752 Periz.
2190 2707 2526 2752 commentatas

1256 2840 1259 2841 f
1329 2883 1543 2936 noma

341 2979 552 3046 cellar-ia,
564 2979 704 3046 quod
717 2985 770 3030 et
790 2985 978 3045 potest,
991 2988 1050 3030 ut
1061 2980 1388 3044 intelligatur

344 3057 411 3107 de
427 3057 756 3107 meretricum
775 3056 943 3119 cellis3
961 3055 1076 3107 cum
1088 3058 1227 3107 'enim
1250 3041 1398 3108 ceflae

344 3133 448 3181 sint
483 3141 663 3196 partes
698 3134 933 3198 quaedam
971 3134 1023 3183 in
1054 3131 1285 3183 domibus
1321 3147 1400 3184 re·

342 3210 611 3273 metiores,
642 3225 674 3259 a
695 3210 915 3260 celando
950 3210 1126 3268 dicta,
1147 3209 1269 3260 hinc
1291 3208 1401 3261 fac-

345 3292 458 3336 tum
498 3294 559 3337 ut
609 3288 709 3336 hoc
755 3288 958 3341 nomine
1020 3287 1399 3337 mansiunculas

1478 2978 1871 3051 repertassunt,
1899 2973 2250 3047 Sellsriorum,
2278 2964 2531 3042 spintria2

1478 3058 1632 3123 rums
1651 3066 1706 3109 et
1735 3046 2139 3123 'foeditate'loci,
2166 3063 2223 3117 et
2258 3049 2533 3118 multiplici

1479 3135 1771 3200 patientia!
2375 3170 2377 3175 ,

1545 3219 1568 3246 e
1600 3211 1953 3277 Elephantidis]
2006 3208 2328 3275 Elephantis,
2379 3221 2532 3273 quem

1480 3288 1567 3338 alii
1591 3289 1777 3350 virum,
1809 3289 1895 3337 alii
1931 3286 2195 3336 foeminam
2218 3285 2532 3344 existimant,

304 3384 309 3396 ·
344 3362 549 3412 illarum
568 3363 910 3428 appellarent.
932 3363 966 3414 J
974 3377 1124 3412 uven.
1144 3363 1259 3413 Sat.
1278 3375 1400 3412 vnt-
1446 3366 1450 3367 ⁷
1477 3363 1583 3414 fuit
1608 3373 1786 3414 auctor
1808 3363 2036 3413 obscoeni
2056 3360 2323 3423 cujusdam
2352 3356 2535 3417 libelli,

306 3446 315 3491 “,
346 3439 363 3467 ‘
384 3437 454 3488 Et
488 3439 698 3489 dubitas
729 3440 835 3489 alta
870 3439 1101 3488 Chionen
1142 3439 1402 3489 deducere

346 3514 530 3565 cella:’
564 3523 620 3565 et
669 3515 783 3566 Sat.
834 3529 912 3565 vr.

347 3590 591 3651 Clausit,'
613 3594 710 3642 διο.

301 3706 308 3711 .
411 3666 438 3700 <¹
471 3666 742 3731 Spina-ias]
774 3665 1002 3732 Σπινθὴρ,
1027 3666 1125 3717 hoc
1161 3672 1242 3717 est
1262 3635 1403 3716 πει.-

965 3517 981 3543 ‘
1003 3514 1186 3565 ultima
1216 3514 1402 3565 cellam

349 3818 492 3869 citiae
551 3819 790 3869 scintillae
843 3819 1152 3882 fomitesque
1211 3825 1407 3868 essenti

351 3894 441 3946 De
463 3895 559 3944 hac
582 3908 708 3944 voce
740 3894 890 3957 plura
923 3894 1194 3944 Turnebus
1223 3894 1316 3944 lib.
1349 3909 1404 3945 v.

354 3970 577 4036 Advers.
615 3984 733 4034 cap.
757 3975 804 4021 1.
824 3970 911 4019 ubi
947 3984 1041 4034 pro
1075 3984 1140 4020 eo
1171 3972 1260 4036 qui
1295 3985 1406 4020 mu·

352 4048 540 4098 liebria
561 4048 791 4111 patiatur
811 4047 1171 4111 explicandum
1208 4054 1409 4097 censet.

356 4125 428 4174 Et
463 4123 597 4172 infra
619 4124 783 4187 Calig.
821 4138 942 4188 cap.
976 4127 1061 4173 16.
1114 4131 1191 4174 et
1214 4123 1408 4174 Vitellii

318 4264 321 4267 ,
356 4212 478 4262 cap.
499 4202 548 4248 3.
567 4199 773 4249 Tacitus
795 4200 885 4248 lib.
904 4213 980 4249 vr.
1002 4200 1177 4252 initio:
1211 4202 1408 4250 ‘Tunc--

358 4289 461 4341 que
505 4275 721 4338 primum
777 4276 955 4339 ignota
991 4284 1114 4328 ante
1156 4276 1409 4328 vocabula

396 4370 402 4376 ·
488 4355 664 4420 Delph.
698 4361 747 4406 et
774 4356 890 4409 Var.
916 4358 1043 4408 Clas.

1360 4357 1555 4409 Sueton.

1480 3439 1630 3502 cujus
1651 3438 1888 3489 meminit
1922 3444 1979 3487 et
2013 3433 2271 3486 Martialis
2306 3434 2397 3482 lib.
2430 3436 2533 3483 xn.

1482 3514 1743 3577 Epig.⁴3.
1808 3513 1959 3562 ‘Nec
2002 3511 2183 3561 molles
2238 3508 2537 3574 Elephanti-

1370 3612 1395 3618 ’ἡ
1483 3589 1577 3639 dos
1596 3588 1791 3639 libelli:

1548 3664 1831 3728 ‘Schemoej
1883 3664 1985 3714 Alii
2044 3679 2223 3714 scenoer
2281 3664 2381 3712 hoc
2435 3665 2536 3723 est,

1484 3740 1611 3792 foedi
1651 3741 1785 3792 illius
1822 3742 2147 3805 spectaculi:
2192 3740 2329 3805 quod
2365 3738 2539 3787 Inter-

1485 3826 1694 3884 pretum
1738 3819 1863 3868 nulli
1915 3820 2179 3882 probatur.
2269 3816 2535 3866 Schemam‘

1486 3896 1670 3946 dixere
1708 3897 1929 3945 Veteres
1970 3909 2065 3958 pro
2108 3893 2335 3956 schema,
2360 3905 2537 3954 quem-

1488 3972 1762 4022 admodum
1783 3978 1841 4021 et
1869 3970 2162 4020 diademam
2186 3977 2243 4019 et
2275 3969 2536 4031 dogmam,

1487 4053 1589 4100 διο.
1633 4048 1700 4098 de
1744 4048 1928 4112 quibus
1975 4045 2168 4095 videsis
2213 4044 2539 4093 Priscianuui

1488 4126 1582 4175 lib.
1625 4139 1703 4174 vr.
1792 4125 1984 4173 Sensus
2033 4128 2130 4179 est,
2168 4121 2246 4170 sui
2286 4133 2540 4186 quemque

1486 4199 1732 4251 facinoris
1755 4200 2019 4263 exemplar
2056 4197 2314 4259 sumsisse,
2349 4198 2430 4244 vel
2473 4200 2538 4244 ex

1488 4277 1727 4341 picturis,
1759 4276 1928 4328 velex
1960 4274 2103 4326 libris
2142 4271 2539 4340 Elephantidos,

2291 4358 2323 4402 2
2357 4354 2411 4403 Η
