3019 4922
509 366 656 432 ιω,

509 526 672 591 tonii
698 521 718 559 f
766 525 1095 605 Consului,
1138 532 1203 592 et
1242 526 1546 611 Magistri
1590 532 2231 621 equitumssLepidi,
2252 605 2255 608 ,
2277 539 2688 608 destiterunt.

507 627 666 709 [83]
709 627 1101 710 Postulante
1131 648 1291 713 ergo
1323 631 1401 695 L.
1429 631 1679 698 Pisone
1713 635 1997 717 socero,h
2041 639 2508 709 testamentum
2540 646 2713 729 ejus,

509 731 818 813 aperitur,
848 732 1297 816 recitaturque
1319 742 1337 772 ¹
1369 736 1434 798 in
1464 734 1736 802 Antonii
1764 738 1988 819 domo,
2033 743 2215 826 quod
2247 746 2484 812 Idibus
2515 748 2688 832 Sep-

509 832 909 899 tembribusi
954 837 1281 920 proximis
1331 838 1397 901 in
1443 839 1784 905 Lavicano
1807 850 1831 879 ²
1876 863 2000 909 suo
2024 841 2050 879 ¹¹
2095 847 2371 926 fecerat,
2419 851 2689 915 deman·

510 933 918 1019 daveratque
966 939 1197 1022 virgini
1228 938 1533 1020 Vestali¹
1577 946 1951 1012 maximam
2042 948 2127 1027 Q.
2160 950 2423 1016 Tubero
2469 952 2717 1030 tradit„

509 1035 835 1101 haeredem
868 1040 952 1104 ab
982 1061 1064 1105 eo
1094 1041 1296 1107 scribi
1326 1044 1634 1122 solitum‚³
1659 1054 1688 1081 ¹³
1731 1068 1820 1112 ex
1849 1052 2200 1134 consulatu
2230 1052 2443 1136 ipsius
2473 1053 2691 1139 primo

506 1156 720 1221 usque
744 1141 833 1204 ad
860 1142 1116 1208 initium
1145 1145 1365 1211 civilis
1393 1146 1577 1226 belli,
1606 1148 1730 1214 Cn.
1754 1151 2141 1237 Pompeium
2168 1178 2185 1238 ;
2229 1156 2431 1241 idque
2463 1158 2689 1222 militi-

504 1241 634 1305 bus
682 1262 804 1327 pro
857 1248 1184 1312 concione
1236 1250 1606 1315 recitatum.
1696 1254 1829 1319 Sed
1876 1258 2265 1324 novissimo.
2297 1266 2689 1338 testamento

508 1345 641 1407 tres
687 1345 974 1412 instituit
1017 1349 1340 1430 haeredeS,
1370 1371 1664 1419 sororum
1693 1367 2024 1442 nepoteS,⁰
2054 1360 2132 1425 C.
2161 1360 2520 1428 Octavium
2543 1372 2571 1413 Ρ
2599 1384 2688 1429 ex

1372 388 1430 434 C.
1476 386 1563 435 SU
1580 387 1828 437 E'romt

1422 1550 1659 1572 ”oceno
1663 1554 1779 1575 Ono

511 1676 703 1727 Tiberin
725 1678 823 1728 Ed.
848 1681 1092 1732 Rom.—1
1129 1684 1460 1749 Recitavitque
1482 1687 1637 1739 Huls.
1672 1690 1799 1740 Mox
1822 1690 2107 1755 Septembris
2129 1694 2302 1745 Periz.
2327 1695 2561 1746 Harlem.
2584 1704 2638 1747 et
2659 1712 2691 1747 a

506 1742 640 1791 Ven.
669 1746 715 1791 1.
748 1758 883 1796 omn.
908 1747 1055 1798 Vett.
1094 1759 1286 1810 praeter
1317 1752 1464 1801 Rom.
1501 1762 1557 1803 et
1588 1753 1836 1820 deinceps
1874 1758 2076 1822 Gryph.
2110 1759 2232 1809 Bas.
2266 1768 2321 1809 et
2354 1762 2692 1813 recentiores.

504 1808 737 1868 proximis
771 1809 920 1860 deest
959 1813 1123 1862 Rhed.
1159 1819 1301 1865 1.--2
1337 1817 1471 1867 Edd.
1508 1820 1657 1869 Rom.
1694 1822 1826 1871 Bon.
1861 1828 1915 1887 et
1946 1823 2129 1873 Doleti
2152 1824 2408 1887 Labicano,
2432 1828 2690 1890 probante

505 1871 684 1922 Burm.
708 1875 794 1937 qui
820 1886 1067 1938 provocat
1089 1878 1153 1928 ad
1180 1881 1446 1931 Drakenb.
1464 1884 1516 1931 in
1540 1884 1631 1935 Sil.
1654 1898 1758 1935 111.
1782 1890 1895 1937 534.
1916 1888 2005 1937 sed
2032 1890 2093 1937 V.
2115 1889 2252 1939 Ou'd.
2276 1891 2435 1941 Levis.
2458 1892 2624 1943 Rbed.
2643 1897 2693 1943 2.

1491 2065 1537 2114 Ν
1547 2065 1704 2116 ΟΤΙΕ

570 2164 592 2197 f
617 2168 692 2218 M.
714 2169 935 2234 Antonii]
980 2174 1060 2223 De
1084 2177 1317 2239 eoplura
1338 2179 1487 2230 modo
1508 2180 1560 2228 in

502 2243 641 2305 Aug.
665 2244 800 2296 hunc
822 2254 1007 2311 utpote
1031 2251 1222 2301 Caesari
1250 2255 1562 2318 conjunctis·

504 2320 707 2385 simum,
741 2330 797 2372 et
828 2317 1012 2376 robore
1052 2329 1281 2393 corporis
1321 2331 1560 2388 validum,

503 2396 697 2446 Brutus
737 2399 954 2451 Albinus
992 2411 1145 2454 extra
1186 2406 1430 2458 Senatum
1471 2410 1560 2459 de-

506 2474 753 2539 tinuerat,
786 2481 1005 2542 prolixos
1044 2486 1277 2535 consulto
1301 2502 1560 2539 sermones

503 2551 744 2615 miscens,
778 2553 942 2606 donec
965 2559 1135 2610 coedes
1164 2572 1377 2626 peracta
1401 2563 1556 2617 foret.

584 2636 610 2672 ε
642 2630 877 2692 Magistri
919 2635 1148 2702 equitum]
1207 2639 1382 2689 Caesar
1423 2642 1559 2692 enim

506 2703 734 2757 dictator
757 2716 887 2771 erat,
910 2725 957 2761 c.
983 2717 1063 2762 76.

568 2777 593 2813 ¹¹
627 2782 803 2834 Pisone
840 2789 1019 2852 socero]
1074 2789 1207 2839 Vide
1245 2806 1403 2855 supra
1441 2808 1559 2859 cap.

502 2861 585 2908 21.

566 2933 581 2968 ί
610 2935 774 2986 Idibus
796 2937 1166 3006 Septembribus]
1197 2944 1381 2994 Mense
1400 2947 1560 2997 Octo·

503 3013 583 3063 bri
622 3030 883 3067 reversum
909 3019 961 3068 in
987 3022 1163 3071 urbem
1199 3039 1264 3072 ex
1287 3025 1558 3091 Hispania,

504 3090 688 3140 scribit
726 3093 976 3157 Velleius,
1023 3097 1161 3148 unde
1202 3099 1253 3147 in
1301 3102 1421 3150 villa
1466 3118 1559 3152 sua

505 3167 799 3217 constitisse
818 3172 1099 3239 verosimile
1123 3182 1223 3237 est,
1259 3177 1338 3225 vel
1363 3176 1559 3228 interes

504 3244 622 3292 dum
650 3244 908 3309 triumpho
926 3250 1214 3299 necessaria
1238 3261 1560 3317 pararentur,

504 3321 587 3369 vel
623 3328 680 3371 ut
712 3319 900 3373 fessum
936 3339 991 3373 se
1032 3333 1111 3376 tot
1147 3327 1294 3377 bellis
1346 3332 1557 3380 rustica-

502 3397 646 3447 tione
680 3399 955 3467 relaxaret.
1023 3403 1158 3453 Utut
1180 3412 1279 3466 est,
1306 3413 1442 3456 totos
1464 3422 1556 3457 sex

501 3489 704 3524 menses
745 3477 940 3540 potitus
979 3493 1080 3528 nou
1123 3488 1205 3532 est
1256 3489 1405 3546 parta
1467 3484 1558 3533 illa

502 3558 582 3601 tot
622 3552 881 3604 laboribus
920 3557 1268 3618 auctoritate;
1301 3559 1556 3622 siquidem

500 3629 683 3679 Idibus
719 3631 924 3681 Martiis
948 3633 1181 3696 proxime
1203 3635 1395 3684 secutis
1421 3637 1556 3687 occi-

502 3722 588 3758 sus
612 3716 706 3759 est.

565 3784 589 3817 ¹³
624 3786 684 3835 In
701 3787 936 3836 Lauicano
956 3788 1064 3851 suo]
1096 3788 1233 3838 Villa
1253 3804 1342 3839 seu
1367 3797 1556 3855 praeto-

500 3861 631 3910 rium
655 3860 754 3911 fuit
774 3863 825 3911 in
846 3878 968 3927 agro
1002 3864 1280 3927 Lavicano‚
1315 3869 1556 3930 quemad·

500 3936 704 3987 modum
729 3939 916 3989 dicitur
949 3941 1000 3990 in
1040 3936 1327 4004 Formiano,
1359 3942 1409 3991 in
1430 3945 1557 3993 Tus-

500 4014 704 4076 culano,
725 4014 818 4064 διο.
873 4017 1052 4067 Lavici
1073 4017 1227 4067 bodie
1257 4018 1559 4071 Valmontone

499 4089 555 4139 in
587 4105 712 4154 agro
738 4089 984 4143 Ostiensi.
1051 4093 1157 4144 Alii
1198 4094 1556 4148 Suburbanum

497 4165 654 4216 fuisse
694 4167 839 4217 aiunt
877 4169 942 4217 ad
979 4178 1179 4233 portam
1220 4172 1556 4239 Lavicauam,

500 4258 617 4309 quae
641 4243 792 4294 hodie
815 4243 1009 4295 dicitur
1025 4247 1077 4295 di
1096 4253 1235 4296 santa
1259 4249 1420 4301 Croce.

561 4319 577 4356 ¹
616 4319 820 4385 Vestali]
850 4321 1000 4387 Saepe
1020 4320 1085 4372 ab
1109 4322 1219 4372 aliis
1250 4322 1466 4391 factum,
1492 4333 1553 4378 ut

1640 2181 1706 2230 de
1728 2182 1860 2246 Aug.
1889 2182 2022 2233 infra
2055 2199 2104 2235 c.
2140 2189 2253 2242 101.
2288 2193 2344 2237 et
2376 2186 2444 2237 de
2467 2185 2698 2238 Antonio

1641 2257 1973 2311 Plutarchus.

1703 2345 1737 2370 ¹¹²
1774 2338 2026 2402 Maximae]
2079 2338 2254 2389 AEtate
2294 2345 2491 2389 tautum
2531 2344 2692 2391 maxi-

1640 2428 1770 2461 mam
1811 2415 2063 2479 intelligo,
2095 2429 2197 2465 uon
2231 2415 2387 2465 etiam
2418 2417 2694 2481 dignitate,

1641 2490 2032 2542 Abbatissarum
2052 2493 2217 2542 instar
2231 2500 2538 2560 nostrarum,
2555 2497 2692 2561 quod

1642 2573 1812 2617 tamen
1838 2570 2124 2619 Beroaldus
2147 2578 2352 2635 censet3
2387 2572 2487 2622 illis
2510 2574 2694 2624 Vesta-

1640 2645 1770 2697 libus
1794 2647 1930 2695 enim
1956 2645 2223 2711 praet’uisse
2259 2649 2412 2699 alium
2449 2665 2479 2698 a
2513 2650 2694 2700 Ponti-

1639 2721 1735 2772 fice
1759 2724 2028 2784 nemiuem,
2056 2723 2287 2775 indicant
2308 2726 2618 2777 Plutarchus
2640 2728 2694 2778 in

1641 2799 1833 2861 Numa,
1855 2799 2053 2850 Gellius
2074 2801 2162 2849 lib.
2185 2815 2223 2851 ι.
2245 2816 2289 2851 c.
2313 2805 2392 2851 12.
2417 2809 2471 2852 et
2495 2803 2691 2869 Diony-

1638 2873 1739 2923 sius
1764 2875 1850 2925 lib.
1873 2890 1931 2926 n.
1957 2881 2004 2925 3.
2068 2877 2321 2942 Equidem
2347 2893 2461 2928 cum
2485 2879 2537 2928 in
2560 2882 2692 2945 eJus-

1640 2951 1775 3000 modi
1811 2952 2112 3014 ministerio,
2145 2953 2362 3017 primum
2385 2954 2692 3006 decennium

1637 3026 1687 3075 in
1712 3027 2034 3077 addiscendis
2056 3031 2231 3091 sacris,
2265 3030 2484 3079 alterum
2517 3031 2568 3079 iu
2602 3046 2692 3081 ex-

1639 3104 1893 3165 ercendis,
1928 3106 2134 3154 tertium
2157 3105 2377 3171 denique
2396 3107 2447 3155 in
2470 3107 2692 3157 edocen-

1637 3178 1716 3227 dis
1750 3179 2085 3243 insumerent,
2116 3181 2234 3245 quin
2260 3181 2432 3247 aliqua
2453 3183 2591 3232 iuter
2614 3183 2693 3246 ip·

1637 3269 1718 3303 sas
1741 3253 1897 3322 fuerit
1915 3255 2106 3306 ordinis
2143 3257 2289 3319 hujus
2327 3258 2691 3322 praerogativa,

1639 3337 1693 3379 et
1730 3331 1972 3393 dignitas,
2006 3333 2294 3395 negandum
2334 3347 2434 3383 uon
2471 3333 2691 3398 videtur,

1639 3406 1730 3456 sed
1759 3408 1854 3457 hac
1877 3408 2075 3457 ratione
2098 3409 2298 3458 nonnisi
2319 3410 2692 3474 antiquissimas

1639 3484 1688 3533 in
1712 3484 2013 3534 Sacerdotio
2035 3485 2259 3555 dignitas
2280 3489 2517 3538 maxima.
2573 3490 2622 3538 N
2627 3503 2690 3538 ee

1638 3561 1738 3610 alio
1763 3561 1910 3611 modo
1931 3562 2106 3611 Valer.
2137 3563 2412 3622 Maximus,
2449 3573 2504 3615 et
2538 3566 2692 3630 Capi-

1637 3638 1823 3687 tolinus
1860 3638 1911 3687 iu
1934 3639 2236 3702 Valerianis,
2271 3641 2591 3706 intelligendi
2619 3646 2688 3693 vi-

1635 3713 1844 3763 dentur.

1703 3795 1725 3820 ¹¹
1742 3790 1898 3839 Scribi
1917 3791 2129 3854 solitum]
2151 3792 2538 3845 Testamentum
2553 3798 2686 3846 enim

1637 3866 1899 3916 conditum
1937 3882 2142 3931 semper
2174 3876 2229 3917 et
2273 3876 2504 3933 paratum
2535 3873 2686 3922 habe-

1639 3943 1783 4005 bant,
1825 3944 1959 4008 quod
1996 3959 2090 4009 pro
2125 3947 2268 3995 varia
2311 3962 2479 3998 rerum
2521 3957 2686 4000 muta-

1622 4020 1780 4091 ·tione
1798 4021 2157 4071 immutarent:
2195 4031 2315 4073 nota
2330 4024 2412 4074 hie
2424 4040 2550 4076 vocs
2568 4030 2583 4056 ⁴
2600 4042 2689 4077 uo·

1636 4097 1869 4148 vissimus
1891 4096 1906 4120 ’
1961 4112 2220 4163 nunquam
2284 4116 2430 4150 usum
2483 4103 2686 4154 Cicero·

1635 4189 1777 4237 nem,
1796 4178 1852 4225 et
1883 4174 2133 4224 rationem
2169 4175 2344 4226 reddit
2366 4178 2563 4228 Gellius
2595 4181 2685 4231 lib.

1638 4265 1694 4300 x.
1715 4265 1831 4315 cap.
1847 4255 1930 4300 21.

1696 4333 1719 4358 ⁰
1751 4325 1976 4376 Sororum
2005 4326 2215 4391 nepotes]
2248 4328 2335 4379 De
2365 4328 2465 4379 illis
2486 4329 2682 4381 Sorori·
