3019 4922
528 413 658 481 26⁰
1389 424 1451 468 c.
1502 418 1740 468 suero
1753 417 1858 465 N-11

529 595 712 652 nore,
760 573 984 638 statim
1016 571 1084 634 in
1115 565 1492 652 provincias
1511 561 1962 627 mitterentur:
2008 561 2086 620 nt
2139 550 2664 624 proconsulibus
2685 558 2719 586 ’Ψ

531 677 618 743 ad
646 677 855 742 mulos
874 681 941 739 et
962 668 1407 745 tabernacula,
1430 685 1581 750 quse
1609 662 1877 746 publice
1905 657 2109 724 locari
2129 666 2154 691 ¹
2186 655 2506 732 solebant,
2536 664 2722 722 certa

530 779 828 864 pecunia
855 776 1401 843 constitueretur:
1443 775 1519 833 ut
1547 785 1709 832 cura
1739 764 1959 830 aerarii
1991 782 2033 830 a
2061 759 2572 839 Quaestoubusy
2617 777 2723 822 nr-

531 883 726 947 banis
770 882 857 946 ad
906 878 1273 945 Praetorios
1318 874 1737 939 Praetoresve
1779 868 2121 932 transiret:
2164 869 2240 928 ut
2286 860 2724 926 centumvira-

531 983 699 1049 lem³
741 985 1056 1061 hastam?
1102 1000 1313 1066 quam.
1361 981 1744 1062 quaestura¹
1789 970 2005 1036 functi
2047 970 2435 1033 consuerant
2463 974 2723 1045 cogere,

1290 1180 1308 1200 *-
1350 1197 1389 1206 -,
1445 1170 1805 1204 oeoeeeeeeeee

532 1318 668 1363 retur
690 1311 847 1362 vind.
874 1316 921 1361 1.
944 1310 1026 1375 qui
1052 1310 1206 1359 etiam
1231 1300 1679 1358 habet'muros.—1
1721 1306 2023 1361 Quaestsram
2053 1301 2268 1349 Merum.
2289 1294 2406 1359 cuj.
2429 1294 2591 1343 Fouc.
2616 1292 2728 1341 Me·

537 1379 641 1427 dic.
665 1382 716 1428 2.
735 1382 783 1425 3.
818 1378 939 1426 Pin.
973 1377 1132 1424 Polit.
1163 1376 1316 1424 Voss.
1344 1379 1399 1423 et
1422 1373 1492 1423 Ο.
1517 1370 1906 1432 Burmanniani,
1926 1381 2041 1417 cnm
2073 1364 2204 1414 Edd.
2227 1363 2360 1411 Ven.
2382 1368 2451 1436 tr.
2475 1356 2624 1407 Med.
2649 1372 2727 1432 pr:

538 1442 684 1493 Cald.
729 1444 856 1490 Tum
875 1445 1206 1489 consueverunt
1223 1441 1291 1489 Ο.
1315 1438 1498 1499 scripti
1524 1444 1576 1486 et
1596 1436 1724 1485 editi
1747 1441 1939 1499 praeter
1960 1433 2171 1481 Memm.
2191 1434 2245 1476 et
2268 1424 2470 1501 Μεᾶιρ.
2490 1430 2620 1482 tres,
2644 1436 2729 1485 qul

534 1511 830 1557 consuerant.
890 1506 1060 1570 Supra
1093 1518 1187 1568 pro
1219 1502 1323 1567 quis
1357 1504 1445 1553 alii
1480 1502 1608 1551 dant
1640 1500 1770 1564 queis
1804 1514 1895 1549 seu
1921 1496 2104 1561 quibus,
2125 1499 2181 1543 et
2204 1495 2507 1555 praepositio
2530 1503 2560 1537 a
2584 1485 2731 1535 deest

1523 1677 1742 1728 NOTAE

535 1809 648 1857 spe,
699 1794 867 1844 minus
917 1794 1181 1846 ambibunt
1234 1793 1593 1861 magistratus.
1669 1790 1809 1841 libus
1829 1779 2284 1850 erant,‘vasaria’
2316 1778 2565 1843 appellat.

533 1868 770 1938 Torreat.

599 1954 633 1979 W
667 1946 1053 2009 Proconsulibzae]
1090 1944 1174 1995 An
1196 1945 1316 1995 solis
1341 1945 1592 1994 Procons.

539 2035 602 2069 an
628 2020 819 2069 ceteris
845 2035 1049 2085 quoque
1082 2020 1376 2083 provincias
1412 2034 1594 2083 regen·

536 2096 695 2151 tibus,
729 2096 1069 2160 quigenerali
1109 2097 1317 2145 nomine
1343 2096 1593 2160 praesides

538 2173 806 2236 appellati,
847 2173 1119 2222 obscurum
1165 2173 1388 2235 reliquit.
1451 2170 1594 2220 Illud

538 2256 736 2298 certum
763 2255 858 2311 est,
895 2264 997 2298 non
1033 2249 1186 2298 modo
1220 2262 1441 2311 peregre
1476 2261 1595 2312 pro-

535 2324 904 2385 ficiscentibus,
921 2326 1011 2374 sed
1034 2324 1244 2374 Urbicis
1267 2337 1470 2388 quoque
1491 2338 1596 2372 ma-

1739 1873 1762 1907 !
1798 1860 2144 1924 Quaestoribus]
2177 1862 2262 1910 De
2298 1857 2379 1906 his
2420 1856 2471 1905 in
2512 1852 2655 1905 Julio
2686 1864 2735 1901 c.

1675 1948 1725 1993 6.
1779 1943 1849 1992 Et
1869 1942 1966 1990 boc
2011 1940 2335 1988 immutatum
2372 1945 2405 1981 a
2426 1928 2644 1981 Claudio
2679 1927 2735 1976 in

1677 2018 1860 2069 Claud.
1883 2032 1929 2065 c.
1950 2020 2031 2065 24.

1737 2104 1758 2128 ²
1793 2090 2212 2152 centumuiralem]
2248 2087 2453 2139 Festus,
2480 2083 2497 2111 ‘
2516 2095 2633 2131 cum
2656 2093 2736 2129 es-

1675 2177 1796 2221 sent
1830 2171 2008 2219 Romae
2047 2166 2261 2228 triginta
2293 2169 2347 2212 et
2380 2159 2607 2225 quinque
2645 2156 2736 2205 tri·

1676 2248 1773 2297 bus
1794 2248 1939 2312 (qnae
1979 2253 2038 2294 et
2067 2242 2228 2293 curiae
2250 2239 2406 2288 dictae
2427 2233 2579 2297 sunt)
2601 2233 2739 2283 terni

1676 2339 1743 2373 ex
1783 2321 1998 2385 singulis
2039 2318 2275 2369 tribubus
2326 2320 2447 2363 sunt
2479 2310 2636 2361 electi
2673 2308 2740 2358 ad

537 2402 837 2467 gistratibns
864 2403 1052 2452 tradita
1075 2401 1234 2451 fuisse
1274 2400 1340 2450 de
1364 2400 1596 2466 publico,
1672 2397 2039 2464 judicandum,
2071 2395 2161 2459 qui
2202 2387 2514 2442 centumviri
2557 2386 2760 2449 appel·'

538 2495 877 2545 quaecumque
912 2479 1147 2530 muneris
1186 2479 1264 2528 sni
1303 2492 1478 2540 causa,
1508 2493 1599 2526 ne-

538 2558 967 2606 cessariaersnt.
999 2575 1001 2578 ⁴
1039 2557 1120 2605 De
1154 2554 1386 2612 Urbicis,
1409 2553 1600 2618 probat

539 2639 687 2682 vetus
760 2632 1282 2682 ‘senatusconsultum
1360 2630 1599 2694 Augusto

537 2708 787 2773 Principe
809 2708 1028 2771 factum,
1052 2711 1188 2772 quod
1207 2710 1289 2757 bic
1314 2707 1478 2756 refert
1501 2708 1595 2756 Ca·

539 2786 812 2849 saubonus,
853 2788 954 2835 &c.
1034 2786 1116 2834 De
1149 2780 1357 2849 reliquis
1395 2791 1600 2832 constat

539 2872 605 2910 ex·
629 2863 805 2913 Dione
844 2863 939 2911 lib,
958 2876 1078 2910 mn.
1144 2862 1292 2911 Livio
1314 2861 1404 2910 lib.
1428 2874 1488 2910 11.
1514 2860 1598 2910 de·

540 2940 680 2989 cadis
722 2954 773 2989 v.
817 2940 992 2989 statim
1039 2939 1116 2988 ab'
1142 2938 1308 2995 initio,
1347 2937 1601 2987 Cicerone

537 3017 759 3065 Verrina
780 3024 857 3066 Π.
894 3020 993 3066 διο.
1022 3022 1245 3080 'quorum
1280 3015 1394 3063 loco
1437 3028 1595 3077 pecu-

540 3091 651 3139 nias
676 3092 772 3140 illis
798 3092 1076 3155 assignavit
1100 3092 1386 3154 Augustus.

551 3221 553 3225 ¹
603 3172 630 3197 ¹
651 3168 772 3222 Quoe
785 3168 963 3230 publice
985 3167 1154 3229 locari]
1179 3169 1344 3216 Erant
1362 3166 1449 3230 qui
1473 3166 1598 3216 talia

539 3244 928 3313 magistratibus
952 3243 1238 3306 praebenda
1262 3243 1597 3306 redimerent,

539 3319 937 3381 praebendorum
974 3321 1096 3370 inde
1130 3321 1393 3384 mancipes
1420 3323 1599 3384 appel·

536 3395 647 3444 lati.
670 3397 914 3445 Veterem
933 3390 1355 3447 consuetudinem
1369 3395 1599 3445 Alexan-

541 3470 866 3521 derSeverus
881 3474 1162 3536 imperator
1180 3480 1362 3536 postea
1374 3472 1601 3536 reduxit,

541 3560 863 3612 annuumque
877 3551 986 3599 ill-is
1010 3551 1322 3606 mercedem,
1341 3564 1402 3598 ac
1422 3551 1596 3613 resip-

540 3635 622 3670 sas
658 3624 898 3674 attribuit
930 3628 945 3653 ‘
969 3626 1130 3674 mulos
1150 3626 1315 3688 binos,
1337 3638 1498 3689 equos
1523 3626 1595 3674 bi-

539 3712 648 3762 nos,
660 3699 844 3750 vestes
858 3700 1083 3750 forenses
1099 3701 1261 3758 binas,
1283 3701 1597 3750 domesticas

539 3773 707 3840 binas,
730 3777 999 3826 balneares
1019 3779 1262 3841 singulas,
1279 3791 1461 3826 aureos
1476 3791 1598 3826 cen·

540 3858 707 3908 tenos,
730 3868 880 3904 cocos
903 3856 1153 3918 singulos,
1184 3858 1283 3904 διο.
1321 3853 1597 3916 reddituri,

543 3926 781 3988 deposita
798 3931 1262 3994 administratione,
1283 3931 1468 3991 mulas,
1487 3945 1599 3978 mu·

542 4002 639 4064 los,
661 4018 840 4068 equos,
854 4009 1126 4069 muliones,
1140 4015 1194 4057 et
1212 4022 1362 4057 cocos
1379 4023 1395 4068 ς
1419 4013 1601 4056 cetera

541 4079 639 4127 sibi
683 4080 908 4132 babituri
950 4085 994 4132 si
1038 4086 1172 4135 bene
1215 4085 1448 4147 egissent
1471 4099 1486 4133 ε
1546 4084 1599 4133 in

541 4155 882 4229 quadruplum
906 4159 1174 4220 reddituri,
1197 4159 1239 4207 si
1262 4159 1428 4207 male-⁹
1458 4157 1598 4208 Auc-

544 4239 627 4279 tor
650 4239 732 4280 est
755 4233 806 4280 in
839 4233 952 4296 ejus
976 4234 1080 4301 vita
1102 4233 1450 4298 Lampridius.
1515 4234 1599 4284 Ci-

544 4320 664 4357 cero
687 4306 740 4357 iu
772 4308 1034 4373 Pisonem,
1054 4324 1169 4373 quae
1209 4298 1239 4357 e
1260 4309 1599 4373 suppellecti—

1681 2475 1776 2525 lati
1811 2480 1950 2529 sunt,
1984 2480 2040 2521 et
2076 2471 2203 2520 licet
2247 2467 2474 2532 quinque
2518 2461 2741 2526 amplius

1679 2540 1834 2615 uuam
1858 2554 2064 2599 centum
2094 2546 2308 2608 fuerint,
2326 2550 2497 2593 tamen
2526 2555 2631 2605 quo
2664 2537 2741 2588 fa-

1680 2628 1828 2676 cilius
1852 2625 2257 2678 nominarentur,
2283 2617 2596 2670 centumviri
2618 2621 2742 2665 sut

1680 2703 1827 2764 dicti,
1846 2699 2241 2753 centumviralis
2252 2694 2470 2760 judicia,
2487 2707 2603 2757 quae
2619 2704 2743 2741 cen.-

1679 2781 1889 2830 tumviri
1944 2773 2293 2842 judicabant?
2380 2771 2574 2820 Causas
2624 2767 2742 2817 illas

1679 2857 1875 2906 minimi
1903 2853 2067 2903 fuisse
2088 2848 2334 2902 momenti
2372 2846 2574 2897 Plinius
2609 2844 2744 2893 indi·

1682 2940 1772 2982 cat
1813 2933 1903 2980 lib.
1927 2945 1992 2982 11.
2025 2929 2181 2994 epist.
2222 2930 2301 2978 14.
2336 2932 2397 2975 ut
2429 2923 2497 2975 ab
2541 2921 2744 2990 adoles·

1677 3009 1898 3058 centulis
1944 3005 2181 3069 obscuris
2233 3004 2605 3062 tractarentur,
2655 2997 2744 3061 qui

1678 3085 1743 3133 ad
1769 3082 2166 3134 declamandum
2194 3080 2319 3130 illuc
2352 3076 2655 3129 transirent,
2687 3079 2748 3123 et

1680 3176 1711 3211 a
1740 3158 2192 3211 centumviralibus
2211 3152 2381 3205 causis
2405 3151 2743 3214 auspicaren-

1679 3245 1784 3300 tur,
1831 3235 2267 3303 quemadmodum
2310 3231 2375 3280 ab
2413 3229 2653 3279 Homero
2689 3227 2744 3273 in

1680 3316 1886 3367 scholis.
1956 3314 2024 3362 Hi
2060 3327 2092 3361 a
2121 3310 2360 3374 judicum
2385 3303 2645 3365 decuriis,
2676 3301 2746 3348 de

1680 3391 1867 3458 quibus
1892 3406 2008 3454 cap.
2031 3393 2112 3438 20.
2139 3385 2333 3435 diversi
2351 3381 2584 3432 fuerunt.

1743 3478 1768 3505 ⁸
1801 3469 2035 3531 Hastam]
2072 3465 2202 3514 Cum
2239 3476 2324 3523 ea,
2359 3473 2475 3524 quae
2499 3455 2657 3505 arnus
2691 3458 2749 3501 et

1681 3548 1820 3598 bello
1840 3553 1998 3610 capta
2017 3549 2160 3603 sunt,
2190 3553 2369 3590 eornm
2400 3537 2522 3594 sint,
2548 3531 2636 3594 qui
2660 3545 2749 3580 ce-

1678 3639 1824 3687 pere,
1870 3622 2063 3672 idcirco
2108 3613 2333 3666 Romani
2374 3611 2641 3660 hastarum
2673 3607 2748 3655 in-

1678 3701 1808 3763 signi
1851 3699 2022 3765 posito
2059 3709 2140 3744 res
2173 3693 2288 3742 illas
2322 3687 2542 3751 primum
2567 3682 2749 3731 vendi-

1678 3777 1823 3838 dere,
1863 3773 2008 3838 quasi
2053 3776 2112 3820 ut
2168 3764 2423 3816 tutissimo
2465 3760 2557 3809 illo
2606 3757 2746 3820 juris

1679 3852 1909 3915 gentium
1951 3847 2106 3898 titulo
2135 3843 2436 3894 licitatores
2469 3833 2538 3883 ad
2569 3844 2748 3895 *emen-

1681 3929 1800 3977 ‹lum
1835 3922 2156 3989 pellicerent.
2222 3915 2342 3965 Hoc
2376 3911 2439 3961 ad
2469 3911 2598 3960 alios
2620 3925 2750 3975 quo.

1679 4017 1782 4068 que
1801 4006 2098 4052 contractus
2121 3989 2409 4051 faciendos,
2429 3986 2747 4047 locationem

1682 4098 1729 4134 v.
1756 4097 1803 4145 g.
1844 4075 2261 4132 conductionem,
2291 4079 2578 4129 causasque
2621 4065 2751 4114 diri·-

1680 4155 1890 4206 mendas
1920 4146 2371 4202 translatum-est.
2439 4141 2583 4192 Hinc
2624 4153 2750 4191 cen·

1682 4229 1967 4282 tumviralis
2020 4228 2186 4280 basta,
2236 4221 2375 4287 quod
2428 4216 2749 4271 centumviri

1680 4308 1832 4358 basta
1849 4308 1903 4356 in
1925 4304 2034 4356 foro
2057 4301 2230 4368 posita
2244 4296 2579 4364 judicabant.
2623 4330 2630 4337 -
