3019 4922
1165 423 1581 472 PRAEFArio.
2447 413 2493 474 5

313 570 503 635 etiam
531 588 709 635 nova
737 566 918 634 haud
949 586 1167 652 pauca
1193 569 1253 633 ei
1284 569 1761 652 suppetebant,
1811 575 1881 632 et
1926 567 2396 651 comparandis
2427 573 2494 633 et

313 672 669 755 digerendis
697 671 1077 754 diligentia,
1101 677 1414 737 accurata
1438 671 1683 753 linguae
1709 677 1776 737 et
1804 691 2022 736 rerum
2055 672 2358 748 scientia,
2381 673 2493 757 ju-

312 775 459 839 dicii
487 774 774 858 denique
807 773 1139 852 acumine,
1163 781 1239 838 ut
1260 775 1507 857 primas
1536 775 1603 837 in
1635 774 2030 838 demerendo
2059 773 2189 838 hoc
2218 784 2493 840 auctore
2547 852 2551 856 ¹

311 885 523 960 partes
548 877 893 942 vindicare
925 877 1053 942 sibi
1083 884 1333 961 posset.
1417 877 1529 942 Ita
1559 877 1721 941 mihi
1777 877 2044 956 saltem,
2093 878 2150 941 si
2196 878 2493 960 profiteri

310 978 479 1057 licet,
521 980 707 1064 quod
750 981 989 1058 sentio,
1035 1001 1301 1065 semper
1348 979 1476 1046 fuit
1522 1000 1936 1069 persuasum,
1983 1000 2195 1063 neque
2226 980 2493 1045 flectere

308 1084 522 1165 potuit
575 1084 869 1148 animum
918 1084 1288 1149 auctoritas
1342 1083 1633 1147 nominis
1687 1082 2081 1154 Ernestiani‚
2126 1084 2500 1147 communis

308 1186 532 1268 patriae
570 1185 792 1251 studio
820 1185 1106 1251 fortasse
1137 1185 1393 1270 adjuta.
1463 1185 1870 1270 Quanquam
1900 1185 2071 1249 enim
2103 1192 2252 1250 toto
2276 1186 2495 1250 animo

311 1289 390 1351 ab
431 1288 518 1352 iis
571 1309 720 1351 sum
769 1289 1043 1364 alienuS,
1089 1290 1207 1372 qui
1251 1287 1451 1359 hodie
1481 1287 1549 1352 id
1580 1289 1775 1352 unice
1803 1292 2029 1369 agunt,
2058 1288 2228 1353 utin
2265 1287 2499 1351 Ernes-

307 1390 460 1455 tium
490 1392 747 1474 ubique
771 1393 1191 1470 invehantur,
1235 1397 1321 1469 et,
1351 1411 1490 1475 quo
1523 1391 1736 1475 major
1764 1391 2090 1473 superiori
2122 1410 2270 1454 aevo
2300 1389 2497 1472 hujus

308 1492 422 1555 viri
452 1494 807 1559 celebritas
856 1494 1005 1570 fuit,
1052 1514 1136 1559 eo
1183 1494 1467 1578 graviori
1519 1492 1892 1563 acerbitate
1922 1494 2005 1558 de
2038 1493 2318 1556 summis
2348 1491 2497 1575 ejus

306 1597 563 1661 meritis
594 1617 711 1681 per
742 1599 1104 1691 quamlibet
1134 1598 1561 1662 occasionem
1594 1596 1964 1673 detrahant,
2009 1615 2246 1678 negare
2276 1602 2496 1659 tamen

307 1717 586 1782 neque0,
631 1719 864 1783 parum
915 1696 1178 1783 semper
1220 1699 1385 1764 mihi
1432 1700 1767 1784 placuisse
1806 1698 2196 1774 editionum,
2227 1696 2499 1778 quasin

303 1798 665 1882 juventutis
694 1821 893 1866 usum
923 1804 1330 1886 procuravit,
1359 1803 1703 1867 rationem.
1792 1798 2114 1882 Aspersoe
2143 1798 2312 1861 enim
2348 1799 2502 1862 sub-

309 1902 449 1966 inde
478 1905 759 1981 notulae,
804 1905 1109 1987 quamvis
1159 1904 1474 1968 eximiam
1507 1923 1768 1992 semper
1796 1902 2085 1986 prodant
2118 1901 2240 1965 viri
2285 1899 2502 1964 erudi·

312 2005 577 2084 tionem,
623 2007 792 2070 adeo
839 2027 926 2070 ex
981 2028 1162 2072 mero
1210 2008 1424 2089 magis
1469 2006 1713 2084 lubitu,
1754 2024 1955 2090 quam
1987 2009 2166 2067 certo
2196 2003 2512 2080 consilim-

310 2107 627 2188 profectee
657 2109 984 2188 videntur,
1030 2116 1103 2173 ut
1137 2108 1634 2193 praetermissiS,
1664 2128 1835 2192 quas
1867 2106 2191 2191 plurimas
2225 2124 2505 2188 provec-

308 2199 536 2274 tiorem
570 2211 775 2274 etiam
795 2211 1110 2294 juvenem
1144 2212 1410 2290 morari,
1443 2210 1597 2294 ipse
1628 2211 1789 2275 olim
1816 2213 2141 2293 expertus
2171 2226 2344 2285 sum,
2376 2208 2503 2272 dif-

309 2310 744 2391 ficultatibuS,
787 2314 1122 2397 longiores
1151 2314 1304 2379 aliis
1336 2314 1537 2391 locis,
1584 2313 1704 2377 ubi
1733 2313 1959 2377 minus
1990 2330 2183 2394 opuS,
2214 2317 2282 2374 et
2311 2329 2505 2391 argu-

198 2438 203 2445 ·
310 2421 387 2480 tae
416 2435 923 2501 nonnunquam,
951 2404 1070 2482 ubi
1100 2417 1406 2482 intentior
1429 2435 1594 2480 cura
1623 2421 1809 2481 tanto
1842 2416 1985 2479 viro
2017 2432 2275 2479 omnem
2311 2431 2501 2479 scru-

310 2520 534 2601 pulum
563 2522 950 2597 exemisset,
993 2519 1258 2584 facilem
1309 2519 1662 2602 scriptoris
1709 2518 2057 2583 lectionem
2089 2527 2372 2598 eamque
2404 2516 2503 2581 ine

305 2622 490 2702 genii,
521 2621 870 2700 dictioniS,
901 2623 1262 2705 argumenti
1293 2622 1764 2704 cognitionem,
1798 2639 1955 2703 quae
1985 2620 2071 2684 ad
2094 2617 2505 2683 familiarita⁶

307 2728 431 2787 tem
483 2725 825 2808 quandam
877 2746 1030 2789 cum
1082 2733 1356 2789 auctore
1405 2742 1757 2805 assurgere
1802 2722 2018 2799 debet,
2062 2721 2333 2784 minime
2366 2718 2508 2782 effi·
2576 2758 2580 2765 -

307 2825 512 2908 ciant;
545 2834 749 2910 atque
773 2827 926 2892 huic
948 2829 1151 2893 unice
1169 2846 1424 2904 causae,
1448 2826 1631 2910 quod
1664 2824 2041 2888 Ernestium
2069 2841 2204 2885 non
2238 2820 2506 2884 dedisse

310 2930 637 3009 putabam,
692 2948 847 3013 quae
877 2930 1035 2994 dare
1066 2929 1418 3012 potuisset,
1460 2947 1594 2992 non
1622 2924 2101 3002 immodestiae,
2131 2924 2239 2989 vel
2268 2922 2509 2987 minori

310 3032 838 3111 praestantissimi
877 3033 945 3096 in
977 3032 1284 3114 plurimis
1312 3032 1652 3095 literarum
1678 3028 2033 3111 generibus
2064 3027 2366 3107 magistri
2396 3043 2509 3089 ve-

310 3133 638 3197 recundiae
670 3133 1093 3198 tribuendum
1124 3131 1254 3211 e'st,
1302 3134 1365 3197 si
1393 3132 1666 3218 quando
1694 3151 1824 3195 non
1854 3130 2200 3193 dissentire
2223 3133 2508 3203 tantum,

309 3234 418 3298 sed
448 3235 835 3319 impugnare
864 3237 1067 3300 etiam
1096 3235 1242 3320 ejus
1273 3236 1795 3320 disputationeS,
1820 3232 1981 3297 mihi
2011 3230 2246 3295 sumsi.
2324 3227 2511 3292 Red-

311 3335 460 3401 dere
493 3344 721 3404 autem
752 3339 1032 3403 Ernestii
1063 3338 1449 3415 editionem,
1471 3357 1606 3401 non
1626 3355 1872 3400 novam
1906 3350 2285 3417 procurare,
2309 3329 2511 3394 Wol-

311 3436 397 3501 fio
444 3437 577 3503 fuit
626 3442 1066 3523 propositum.
1160 3441 1266 3504 lta
1312 3440 1658 3523 expunxit
1688 3437 1978 3521 quidem,
2006 3452 2179 3517 quas
2215 3432 2331 3496 ille
2363 3432 2516 3495 reli-

313 3548 567 3622 querat,
610 3541 829 3613 labes,
875 3549 1103 3607 textus
1148 3542 1420 3606 sanitati
1465 3560 1552 3604 ex
1596 3539 1900 3622 pristinis
1930 3537 2261 3619 novisque
2290 3531 2511 3599 subsi-

312 3641 456 3722 diis,
484 3654 553 3708 et
591 3644 930 3727 singulari,
981 3664 1118 3728 quo
1167 3642 1392 3708 valere
1439 3642 1649 3705 virum
1691 3658 1885 3702 nemo
1928 3639 2214 3718 ignorat,
2259 3632 2512 3714 ingenii

314 3748 616 3811 acumine
645 3748 809 3811 mire
833 3747 1200 3825 consuluit,
1232 3746 1531 3829 expediit
1560 3742 1787 3820 etiarn,
1809 3757 1981 3824 quas
2006 3738 2335 3821 quaesitas
2366 3751 2509 3799 ma·

312 3846 430 3928 gie,
458 3868 663 3932 quam
694 3851 997 3915 inventas
1027 3851 1301 3926 viderat,
1331 3847 1573 3931 paucis
1606 3863 1792 3927 saepe
1815 3842 2037 3906 verbis
2060 3838 2512 3915 difficultates,

315 3949 697 4036 addiditque
722 3972 865 4017 suae
896 3950 1301 4027 Rubnkmii,
1329 3948 1525 4033 cujus
1556 3945 1831 4038 dictatis
1862 3944 2192 4016 utebatur,
2223 3941 2511 4004 auctori-

319 4057 538 4130 tatem,
581 4055 702 4118 sed
752 4055 905 4138 ipsa
951 4053 1267 4117 editionis
1313 4054 1573 4117 ratione
1624 4046 1957 4132 egregiam
1999 4045 2234 4130 potius
2270 4043 2510 4108 alienae

197 4200 199 4202 ·
318 4155 529 4232 crisin,
573 4174 777 4239 quam
821 4156 1026 4223 talem
1053 4158 1202 4240 ipse
1231 4154 1496 4220 dedisse
1528 4154 1717 4217 visus
1748 4159 1856 4216 est
1882 4147 2264 4213 hominibus
2290 4144 2510 4220 erudi-

316 4253 418 4335 tis,
460 4258 719 4340 qualem
751 4258 1031 4333 atantis
1060 4257 1301 4342 ingenii
1330 4255 1790 4339 doctrinaeque
1824 4250 2084 4318 divitiis
2118 4263 2350 4310 omnes
2387 4263 2511 4308 ex-
