3019 4922
1274 418 1567 470 sursus.
2388 408 2514 512 195

319 559 752 631 meditantem
785 580 963 625 mors
990 562 1346 645 praivenit:
1397 563 1483 629 de
1518 583 1653 647 qua
1693 562 2084 650 priusquam
2113 565 2356 648 dicam,
2402 590 2510 649 ea,

321 655 466 747 quae
498 663 591 727 ad
623 661 924 728 formam¹
957 672 1029 728 et
1056 664 1360 730 habitum
1390 672 1458 731 et
1481 667 1731 732 cultum
1761 675 1830 732 et
1857 689 2094 747 mores,
2116 689 2242 735 nec
2274 673 2513 753 mium,

318 786 469 852 quae
503 768 597 832 ad
630 768 857 832 civilia
879 773 946 832 et
966 768 1210 834 bellica
1233 769 1379 853 ejus
1409 770 1633 836 studia
1656 770 2041 855 pertineant,
2069 791 2199 836 non
2226 774 2515 840 alienum

316 871 433 935 erit
485 872 881 936 summatim
934 891 1288 954 exponere.
1400 870 1562 950 [45]
1642 873 1876 942 Fuisse
1922 874 2203 938 traditur
2245 878 2518 943 excelsa

317 979 601 1051 statura,
635 975 864 1040 colore
896 974 1206 1051 candido,
1235 975 1553 1040 teretibus
1570 982 1612 1012 ¹¹¹
1640 976 1975 1051 membris,
2006 995 2117 1040 ore
2146 980 2354 1061 paulo
2374 983 2518 1064 ple-

315 1076 556 1154 niore,¹
592 1078 800 1159 nigris
830 1078 1214 1160 vegetisque
1239 1077 1517 1154 oculis,²
1564 1075 1940 1143 valetudine
1969 1098 2332 1162 prospera3
2386 1085 2516 1149 nisi

318 1177 498 1260 quod
535 1184 832 1261 tempore
861 1185 1158 1243 extremo
1206 1187 1476 1261 repente
1524 1181 1742 1243 animo
1792 1181 2026 1263 linqui,
2073 1186 2275 1266 atque
2319 1186 2514 1249 etiam

317 1299 431 1361 per
458 1300 767 1345 somnum
793 1289 860 1328 ³¹¹
905 1281 1223 1346 exterreri
1256 1281 1539 1346 solebat.
1630 1279 1970 1347 Comitiali
2001 1304 2266 1368 quoque
2285 1293 2317 1334 4
2345 1308 2518 1351 mor-

316 1383 404 1447 bo
429 1390 456 1417 ⁰
501 1384 613 1447 bis
664 1384 835 1448 inter
885 1403 1002 1449 res.
1040 1384 1335 1465 agendas
1378 1394 1724 1467 correptus
1770 1390 1891 1449 est.
1981 1385 2182 1452 Circa
2210 1392 2516 1473 corporis

319 1505 549 1551 curam
602 1488 1026 1562 morosior‚⁵¹’
1073 1493 1147 1551 ut
1190 1506 1326 1552 non
1369 1488 1580 1551 solum
1627 1487 2018 1553 tonderetur
2049 1477 2390 1574 diligenter
2433 1513 2516 1559 ac

317 1589 677 1668 raderetur,
706 1588 828 1654 sed
844 1589 1202 1654 velleretur
1221 1597 1248 1635 ‘1
1278 1589 1506 1668 etiam,
1526 1596 1597 1654 ut
1620 1589 1887 1673 quidam
1909 1593 2516 1677 exprobraveruut3

319 1691 588 1758 calvitii
623 1712 778 1757 vero
823 1692 1313 1757 deformitatem
1357 1693 1778 1776 iniquissime
1820 1692 2067 1773 ferret,⁶
2117 1705 2349 1782 saepe?
2399 1699 2517 1765 ob-

1243 1887 1599 1911 mm

321 2026 417 2075 Ed.
434 2026 590 2076 Torr.
593 2029 686 2073 —1
727 2023 933 2088 Lipsius
964 2024 1109 2074 malit
1146 2024 1421 2086 legendnm
1453 2039 1535 2073 ore
1561 2039 1610 2089 p.
1633 2025 1913 2089 depleniore,
1952 2023 2136 2082 Heius.
2159 2028 2298 2089 paulo
2321 2028 2520 2088 leniore,

321 2092 502 2142 Graev.
525 2105 605 2139 ore
623 2091 891 2154 pallidiore,
914 2099 1002 2140 aut
1019 2091 1160 2153 paulo
1181 2090 1467 2152 among-iore,
1489 2091 1589 2139 sed
1605 2090 1728 2139 nihil
1756 2089 2054 2140 mutandum
2073 2088 2394 2141 affirmabant
2416 2092 2522 2143 alii.

319 2161 414 2206 -2
449 2156 658 2205 Viterb.
704 2169 818 2204 cum
851 2157 965 2206 Pal.
1008 2158 1057 2205 2.
1095 2160 1144 2204 3.
1179 2155 1282 2217 aig.
1316 2156 1512 2217 levibus,
1550 2155 1827 2205 volubilibus
1862 2156 2023 2205 oculis.
2089 2156 2330 2207 Glossam
2367 2164 2522 2207 vocat
2603 2153 2617 2164 '

323 2223 501 2272 Burni.
568 2222 697 2269 Tum
713 2221 973 2270 valitudine
991 2219 1305 2283 prosperrima
1328 2220 1496 2269 Rhed.
1522 2224 1567 2269 1.
1571 2224 1667 2269 -3
1700 2221 1800 2269 Per
1813 2221 2040 2269 somnium
2064 2236 2334 2285 perperam
2358 2222 2520 2272 vind.

323 2289 370 2336 1.
405 2285 623 2335 Mediol.
659 2300 739 2349 pr.
775 2285 921 2340 Cald.
957 2287 1191 2361 aliaeque.
1192 2289 1288 2334 —4
1325 2286 1458 2335 Com.
1500 2285 1649 2335 morb.
1686 2285 1871 2336 omisso
1908 2301 2107 2350 quoque,
2130 2286 2206 2336 Co
2246 2301 2319 2335 es.
2384 2286 2520 2336 Dein

323 2359 464 2401 recte
487 2348 771 2415 praefertur
789 2353 999 2411 agendas
1020 2349 1170 2399 alteri
1192 2350 1665 2413 benonim-endas,
1681 2365 1831 2415 quam
1850 2350 2100 2400 exhibent
2116 2351 2235 2399 Ed
2236 2347 2411 2402 ,Vett.
2436 2366 2522 2401 us-

322 2431 420 2481 qne
458 2417 530 2467 ad
563 2416 745 2480 Steph.
746 2421 841 2465 —5
877 2416 1113 2466 Malebat
1151 2415 1364 2466 Colerus
1398 2416 1670 2473 morbosior‚
1707 2415 1846 2481 quod
1876 2416 2017 2466 nullo
2054 2388 2290 2466 firmatur
2321 2416 2521 2468 codice.

323 2483 493 2534 Voces
515 2481 605 2532 dil.
623 2497 681 2531 ac
700 2483 805 2531 rad.
827 2482 1225 2532 desiderantur·
1212 2496 1268 2531 in
1287 2482 1469 2545 enine.
1488 2482 1647 2531 Foue-
1678 2496 1734 2530 ιε
1767 2483 1871 2531 md.
1901 2484 1952 2530 in
1975 2482 2121 2531 Cort.
2161 2481 2309 2531 Med.
2328 2486 2378 2531 2.
2400 2497 2430 2531 a
2453 2497 2522 2530 m.

324 2563 400 2610 pr.
467 2549 602 2598 Mox
637 2549 922 2597 avelleretur
943 2547 1100 2597 Vind.
1138 2552 1283 2597 1.—6
1315 2546 1402 2598 Ita
1439 2547 1633 2611 primns
1664 2547 1888 2595 mutavit
1920 2546 2232 2608 Stephanus,
2263 2561 2378 2597 cum
2399 2554 2522 2597 ante

323 2614 676 2663 excuderetur
703 2611 866 2676 ferre,
891 2613 1025 2665 sicut
1046 2611 1206 2663 etiam
1245 2612 1489 2662 scribitur
1524 2613 1577 2661 in
1612 2611 1757 2662 Med.
1784 2615 1832 2661 1.
1865 2615 1914 2660 2.
1934 2611 2095 2661 Vind.
2116 2620 2354 2676 utroque,
2376 2612 2523 2665 Cort-

1315 2744 1533 2811 NOTAE

387 2874 401 2909 ¹
439 2876 515 2925 Ea
533 2889 639 2938 quc
664 2872 967 2939 adfer-mam,
986 2873 1090 2939 lya]
1124 2874 1257 2925 Hoec
1279 2888 1384 2924 om-

324 2950 411 3000 nia
432 2950 615 3002 eedem
640 2966 744 3015 quo
766 2952 846 3001 hic
869 2952 1132 3015 proposita
1153 2958 1274 3002 sunt
1302 2966 1384 3001 or·

323 3027 447 3077 dine
465 3027 630 3078 refert
648 3028 928 3078 Suetonius
945 3045 961 3075 ε
981 3043 1140 3092 ᾳιιιιιιι
1157 3028 1384 3077 scrinea-s

324 3105 377 3153 di
414 3106 672 3154 rationem
710 3104 1014 3155 familiarem
1059 3120 1172 3153 esse
1206 3112 1384 3155 nostro

326 3183 530 3232 auctori
554 3183 963 3232 animadvertere
995 3190 1095 3238 est,
1118 3189 1178 3231 ut
1197 3197 1383 3247 nempe

327 3275 391 3309 ea
427 3259 711 3324 generatim
748 3267 1006 3323 proponat
1043 3274 1157 3325 quae
1192 3259 1384 3323 sigilla-

327 3337 420 3385 tim
449 3335 772 3401 postmodum
790 3338 1042 3399 explicet.

390 3420 428 3445 ὓ
475 3412 743 3475 Teretibas]
795 3413 954 3461 Ter-es
1008 3412 1200 3462 dicitur
1258 3411 1388 3461 illud

328 3488 466 3553 quod
487 3491 762 3537 rotundum
798 3494 878 3537 est
895 3496 948 3536 et
971 3488 1245 3551 oblongum
1265 3503 1282 3536 τ
1318 3488 1391 3537 iu.

327 3564 523 3628 telligit
558 3578 685 3627 ergo
719 3562 948 3613 membra
982 3564 1203 3613 Caesaris
1231 3562 1390 3613 fuisse

329 3642 538 3707 quidem
553 3643 877 3706 succulenta,
891 3655 992 3689 non
1010 3640 1169 3690 obesa
1186 3659 1208 3702 ς.
1218 3641 1391 3704 qualia

328 3720 664 3777 Casaubonus
679 3734 745 3769 ex
763 3718 1045 3769 Aristotele
1062 3727 1214 3769 vocat
1224 3719 1391 3784 εὔσαρ.

327 3814 412 3860 κα,
426 3812 515 3849 uos
525 3814 584 3849 en
599 3799 745 3848 bonne
760 3798 911 3855 cheir,
930 3797 983 3847 ai
995 3812 1111 3859 gras
1125 3799 1178 3846 ni
1190 3798 1389 3859 maine.

329 3877 500 3928 Quem
530 3884 702 3925 tamen
724 3875 1035 3925 Plutarchus
1058 3874 1392 3923 macilentum

331 3949 491 4000 fnisse
516 3952 743 4015 scripsit.

392 4034 421 4060 ¹¹
454 4025 700 4088 Somnum]
738 4025 839 4075 Alii
863 4024 1128 4075 somnium:
1151 4023 1393 4074 emenda-

329 4111 456 4154 runt
484 4119 548 4154 ex
586 4104 700 4154 aliis
731 4103 862 4153 Mes.
894 4100 1196 4151 Torrentius
1219 4107 1284 4150 et
1296 4099 1395 4150 Ca-

273 4180 611 4262 sanbonns,
643 4187 700 4229 et
725 4179 895 4229 bene.
934 4177 1094 4226 somni
1139 4176 1277 4226 enim
1317 4175 1398 4224 in·

273 4240 502 4320 'quieti
526 4257 688 4306 miuus
704 4268 971 4321 prosperae
993 4252 1332 4304 valetudinis
1319 4265 1395 4301 in·

336 4332 493 4382 dicia.

1526 2880 1551 2906 ⁰
1577 2872 1823 2923 Comitiali
1836 2871 2111 2936 qiamorbo]
2133 2872 2395 2921 Caducnm
2416 2873 2523 2922 vul·

1464 2966 1559 3014 gas
1596 2951 1861 3015 appellat:
1899 2950 2092 3001 Groeco
2124 2949 2374 3000 vocabulo
2399 2950 2526 3014 E'pi-

1462 3027 1631 3092 }epsia
1664 3027 1891 3078 diei-mr:
1931 3027 2021 3091 qui
2059 3027 2217 3076 etism
2260 3041 2406 3077 sacer
2444 3027 2525 3075 vel

1463 3103 1688 3161 divinitu,
1704 3105 1844 3169 quia,
1867 3109 1924 3152 ut
1948 3104 2021 3153 ait
2035 3103 2286 3167 Apuleius
2306 3103 2359 3152 in
2384 3102 2525 3168 Apo·
2576 3140 2580 3143 -

1465 3181 1621 3244 logia,
1643 3183 1660 3210 ⁴
1674 3188 1876 3245 partem
1900 3181 2057 3230 animi
2070 3180 2395 3242 rationalem,
2409 3196 2524 3246 quoe

1465 3257 1619 3322 longe
1661 3257 1984 3308 sanctissima
2031 3264 2131 3318 est,
2174 3271 2290 3307 eam
2337 3256 2528 3307 violet.'

1466 3334 1754 3384 Comitialis
1800 3348 1946 3392 vero,
1982 3332 2119 3398 quod
2173 3333 2527 3397 inauspicatus

1467 3418 1607 3461 esset
1629 3411 1864 3461 comitiis
1876 3407 2124 3460 habendis
2144 3425 2160 3471 ;
2196 3409 2370 3474 aliquo
2391 3409 2527 3459 enim

1469 3487 1779 3538 concidente
1802 3503 1867 3536 ex
1893 3487 1989 3538 hoc
2022 3487 2203 3538 morbo
2230 3487 2352 3537 dum
2374 3486 2529 3536 habe·

1471 3573 1648 3614 rentur
1672 3564 1915 3625 Comitia,
1947 3565 2338 3615 dirimebantur.
2396 3564 2531 3613 Her-

1470 3644 1649 3692 culeus
1687 3655 1895 3706 quoque
1932 3641 2105 3692 dictus
2141 3648 2242 3704 est,
2287 3641 2353 3689 ab
2394 3640 2531 3689 Her·

1469 3719 1587 3769 enle
1606 3734 1623 3768 z
1655 3719 1755 3768 hoc
1791 3719 1964 3768 Cesar
2000 3723 2270 3780 correptus
2308 3714 2532 3766 traditur

1472 3810 1508 3844 a
1526 3793 1812 3844 Plutarcho
1841 3792 1962 3842 dum
1988 3794 2150 3843 aciem
2173 3791 2442 3843 ordinaret
2477 3791 2533 3840 iu

1471 3870 1671 3933 Africa,
1701 3885 1854 3934 quem
1877 3870 2028 3919 simul
2058 3884 2120 3920 ac
2157 3868 2414 3932 persensit
2442 3867 2535 3917 de·

1474 3948 1610 3997 latas
1644 3946 1708 3996 in
1742 3945 2028 4010 proximam
2063 3945 2251 3994 turrim
2279 3943 2443 4010 quieti
2475 3957 2534 3994 se

1473 4024 1639 4075 dedit.

1540 4106 1568 4140 ν
1600 4095 1864 4160 Mor-ocior]
1896 4058 2021 4147 Hoc
2034 4101 2255 4159 esum
2277 4094 2534 4160 exquisite

1474 4190 1665 4240 corpus
1702 4174 1923 4224 cumbet
1958 4180 2021 4224 ut
2062 4174 2148 4224 vel
2190 4171 2405 4222 minimo
2443 4170 2535 4220 dea-

1475 4253 1622 4302 fectu
1647 4250 2018 4312 offenderetur,
2038 4256 2095 4300 et
2117 4263 2346 4310 morosus
2364 4246 2536 4296 fieret·

1542 4335 1568 4370 ‘¹
1608 4326 1890 4393 Vellemtur]
1908 4324 2537 4376 Delicatiorummoserat
