3019 4922
494 399 627 467 520
1357 414 1421 462 c.
1468 412 1827 465 suaroun

496 561 823 634 viderent,
866 559 987 626 sed
1032 560 1118 625 ad
1165 561 1387 639 breve,
1437 566 1504 627 et
1548 581 1698 628 cum
1742 561 2025 646 primum
2074 582 2118 627 a
2156 582 2391 628 somno
2433 563 2679 648 patuis*

494 669 638 730 sent
659 662 715 745 3⁸
761 663 1004 728 deinde
1045 672 1303 730 rursum
1346 664 1817 731 hebescebant.
1904 666 2274 732 Incedebat
2306 668 2571 733 cervice
2602 668 2684 732 ri·

496 766 653 850 gida
681 773 749 832 et
780 768 1051 850 obstipa
1070 776 1138 833 :¹¹²
1184 767 1475 833 adducto
1493 776 1523 819 ⁹
1550 768 1686 833 fere
1712 770 1954 847 vultu,¹¹
1983 770 2367 853 plerumque
2399 772 2685 835 tacitus²

492 865 684 933 nullo
711 876 828 935 aut
872 870 1211 936 rarissimo
1261 871 1467 936 etiam
1516 891 1670 936 cum
1714 872 2046 956 proximis
2091 892 2417 951 sermone,
2465 892 2685 958 eoque

496 971 933 1050 tardissimo,⁰
977 993 1100 1039 nec
1144 974 1289 1038 sine
1335 975 1527 1039 molli
1573 974 1867 1060 quadam
1909 975 2267 1059 digitorum
2329 977 2686 1059 gesticula-

495 1073 724 1148 tione-¹³
782 1072 987 1152 Quae
1033 1078 1257 1142 omnia
1307 1079 1584 1160 ingrata,
1633 1081 1836 1162 atque
1893 1079 2285 1162 arrogantiae
2340 1080 2564 1163 plena,
2616 1087 2687 1144 et

494 1175 966 1244 animadvertit
1008 1177 1356 1262 Augustus
1401 1180 1470 1245 in
1522 1200 1632 1258 eo,
1676 1191 1748 1246 et
1789 1200 2119 1247 excusare
2168 1182 2454 1247 tentavit
2502 1200 2688 1265 saepe

493 1279 672 1360 apud
704 1279 1019 1346 Senatum
1046 1303 1128 1348 ac
1157 1284 1563 1368 populum‚¹0
1586 1283 1957 1367 professus,
1986 1289 2007 1320 ‘
2036 1289 2291 1350 naturae
2320 1285 2490 1350 vitia
2512 1304 2685 1362 esse,

1413 1499 1742 1521 eum
1745 1500 1774 1519 θ

492 1628 647 1694 Grut.
669 1629 1222 1684 animadverterat.—8
1252 1638 1364 1686 Dat
1399 1636 1554 1688 Huls.
1582 1637 1832 1700 patuisset,
1868 1635 2005 1686 unde
2039 1636 2219 1685 Bnrm.
2255 1632 2517 1684 scribend.
2548 1632 2688 1699 conj.

494 1695 565 1743 Et
587 1694 666 1758 qui
686 1710 794 1745 cum
812 1711 861 1759 p.
880 1713 910 1746 a
927 1712 967 1747 ε.
988 1700 1238 1761 patuisset.
1306 1703 1523 1767 Legitur
1543 1719 1569 1754 e
1588 1717 1736 1752 somn.
1758 1703 1810 1751 in
1849 1702 2044 1752 Medic.
2080 1707 2126 1749 l.
2156 1704 2205 1751 8.
2221 1701 2390 1754 Ponit.
2415 1700 2548 1763 CoP·
2573 1699 2691 1763 Cuj-

496 1760 669 1808 Periz.
687 1760 920 1813 Harlem.
945 1763 1225 1816 Edd.Ven.
1250 1767 1394 1816 Med.
1411 1768 1561 1818 Cald.
1583 1767 1906 1829 Lugdunum.
1923 1767 2046 1817 Ald.
2068 1767 2248 1830 Stepb.
2265 1771 2321 1815 et
2338 1765 2490 1827 vulgo
2507 1767 2690 1814 &mm

494 1838 590 1885 pro
611 1825 798 1882 deinde,
823 1828 958 1892 quod
984 1837 1194 1879 tuentur
1211 1832 1427 1882 Memm.
1451 1834 1591 1883 Dun.
1614 1833 1776 1883 Polit·
1797 1833 1914 1884 Cu‘.
1940 1830 2140 1894 Obaop.
2210 1832 2466 1881 Neutrum
2481 1830 2690 1891 *placuit

492 1889 674 1938 Barth.
697 1890 831 1941 Adv.
855 1905 1026 1942 xxm.
1049 1899 1131 1944 22.
1156 1898 1304 1945 dem
1334 1897 1493 1948 vind.
1519 1904 1567 1948 1.
1599 1913 1764 1947 rursus
1802 1900 1847 1948 E
1886 1898 1938 1947 d.
1975 1898 2224 1947 Rom—9
2257 1895 2473 1945 Abducit>
2495 1895 2691 1944 Medic·

493 1957 541 2001 a.
567 1955 908 2007 Pounvind.
933 1963 981 2008 2.
1006 1959 1142 2010 Edu.
1167 1961 1350 2026 emp.
1385 1963 1514 2012 ven.
1535 1969 1583 2014 2.
1608 1968 1659 2014 a.
1700 1964 1845 2014 eam.
1886 1963 2030 2014 Med.
2059 1962 2222 2024 Lugd-
2244 1961 2389 2012 Jnnt·
2413 1960 2532 2010 ΑΜ·
2559 1960 2688 2021 Ara·

490 2017 660 2068 Paris.
686 2022 938 2083 probante
958 2024 1124 2074 Boxli.
1157 2027 1354 2077 obducto
1376 2029 1524 2079 Cort.
1561 2036 1616 2078 et
1651 2028 1862 2079 defendi
1899 2042 2053 2092 posse
2087 2035 2240 2092 putat
2278 2028 2585 2076 nurum-1⁰
2621 2027 2689 2074 EC

488 2097 596 2147 pop.
622 2085 817 2138 Medic.
840 2093 888 2137 1.
909 2092 960 2140 8.
1026 2091 1160 2141 'rum
1194 2107 1339 2157 prope
1377 2094 1530 2145 deest
1570 2096 1702 2159 Cep.
1745 2100 1803 2145 et
1837 2108 2212 2160 supervacuum
2254 2092 2431 2142 Burm.
2461 2091 2688 2156 judicat.

1469 2273 1687 2325 NOTAE

491 2379 592 2429 nisi
627 2381 875 2432 morulam
915 2383 1139 2449 aliquam
1173 2385 1358 2437 fecerit
1387 2389 1555 2439 conti-
1628 2390 1881 2445 tractossad
1894 2389 2250 2441 severitatem:
2270 2387 2532 2438 adducere
2554 2385 2691 2436 enim

488 2472 592 2507 uuo
615 2471 955 2522 evanescena;
989 2461 1043 2511 id
1061 2463 1195 2513 enim
1216 2479 1366 2528 paeue
1385 2471 1555 2516 trans·
1626 2469 1936 2519 contrahere
1960 2474 2055 2518 eet.
2105 2466 2287 2516 Cicero
2306 2467 2441 2517 libro
2462 2466 2529 2515 de
2550 2463 2692 2514 Ami·

488 2534 712 2584 latitium
748 2543 850 2598 est,
886 2538 1048 2604 iisque
1089 2543 1375 2603 praesertim
1412 2559 1554 2594 com·
1625 2543 1753 2594 citia
1776 2549 2014 2595 num-42.
2032 2543 2099 2594 de
2120 2542 2334 2592 habenis
2358 2543 2574 2607 loquens
2597 2541 2691 2601 ait,

491 2623 666 2672 mune,
694 2612 779 2674 qui
803 2620 1002 2666 uaturre
1025 2617 1285 2668 calidioris
1308 2628 1361 2669 et
1384 2620 1555 2685 igneae

489 2692 632 2748 suut,
670 2693 728 2737 ut
748 2687 942 2739 indicat
972 2690 1271 2744 Alexander
1293 2695 1554 2761 Aphrodi-

493 2774 613 2809 seua
645 2761 736 2812 lib.
760 2777 828 2815 ιι.
848 2765 1242 2820 Problematum
1263 2779 1448 2836 quaest.
1469 2777 1554 2823 69.

489 2843 545 2884 ει
568 2835 636 2885 de
658 2839 841 2903 seipsis
866 2849 1128 2896 testantur
1144 2846 1476 2900 Casaubonus
1498 2858 1556 2899 et

488 2914 795 2976 Sabellicus,
828 2934 890 2970 ac
921 2921 1181 2988 Joeepbua
1220 2927 1452 2993 Scaliger
1485 2929 1556 2983 de

488 3005 545 3040 se
568 2997 624 3041 et
645 3000 799 3057 patre
831 3010 945 3062 suo,
974 2999 1040 3048 ad
1071 3015 1259 3052 annum
1284 3005 1456 3055 aetatis
1481 3006 1555 3056 vi·

492 3069 738 3129 gesimam
779 3074 1011 3125 tertium.
1077 3077 1232 3128 Quod
1266 3089 1439 3131 autem
1459 3082 1553 3132 So-

488 3145 624 3194 linus
646 3161 712 3196 ex
738 3148 913 3200 Plinio
936 3152 1097 3203 tradit
1118 3154 1186 3203 de
1210 3154 1440 3220 Albanis,
1465 3158 1555 3222 qui

491 3228 645 3272 nocte
685 3225 957 3290 plusquam
1003 3229 1087 3279 die
1145 3226 1442 3296 cernerent,
1498 3234 1552 3285 id

492 3312 778 3364 quanquam
805 3318 980 3354 verum
1013 3306 1189 3373 detur,
1227 3309 1352 3358 nibil
1377 3317 1554 3362 tamen

490 3374 593 3424 huc
615 3374 775 3438 facit;
819 3381 1084 3432 oculorum
1121 3386 1256 3435 enim
1294 3385 1348 3435 id
1381 3387 1554 3451 potius

492 3452 672 3502 vitium
697 3462 794 3518 est,
818 3471 919 3521 quo
941 3467 997 3508 et
1028 3460 1264 3512 Tiberius
1298 3479 1365 3517 ex
1404 3473 1554 3530 parte

487 3528 774 3594 laborabat,
795 3534 837 3583 si
864 3535 1021 3587 Dioni
1047 3537 1196 3589 fides.

555 3614 593 3640 m
617 3609 812 3660 cervice
832 3611 995 3674 rigida
1009 3620 1058 3664 et
1080 3617 1290 3681 obstipa]
1315 3619 1434 3670 Hoc
1455 3627 1556 3686 eat,

488 3684 624 3734 collo
662 3685 844 3749 rigido,
865 3696 918 3739 et
940 3691 992 3741 in
1028 3692 1249 3744 alterum
1285 3695 1554 3749 humerum

489 3760 758 3826 inclinato,
795 3771 850 3814 et
890 3766 977 3829 qui
1012 3768 1348 3831 cogitabundi
1382 3780 1438 3823 et
1474 3783 1555 3825 at·

491 3838 625 3887 tenti
648 3847 818 3889 statue
851 3848 952 3903 est,
976 3844 1179 3907 qualem
1205 3847 1416 3899 Persius
1441 3852 1554 3914 phi-

488 3914 715 3977 Iosophis
733 3916 916 3969 tribuit
935 3919 1109 3970 Satira
1126 3935 1214 3972 111.
1234 3938 1307 3974 vs.
1325 3930 1373 3976 8.
1410 3935 1424 3958 ⁶
1444 3928 1555 3977 Ob·

491 3991 627 4055 stipo
651 3993 845 4056 capite,
869 4002 921 4044 et
957 3994 1179 4061 figentes
1216 4000 1407 4051 lumine
1449 4010 1553 4055 ter·

492 4066 637 4115 ram.’
693 4077 746 4118 et
793 4071 1044 4122 Horatius
1086 4075 1197 4126 Sat.
1252 4084 1300 4127 5.
1346 4079 1436 4131 lib.
1471 4095 1552 4147 ιι.

490 4143 505 4167 ‘
528 4144 646 4194 Stet
679 4147 854 4209 capite
887 4148 1107 4216 obstipo,
1130 4156 1345 4206 multum
1369 4159 1549 4210 similis

488 4221 772 4270 metuenti!

554 4303 576 4327 ¹²
610 4295 828 4347 Adducto
838 4298 950 4357 fere
974 4306 1128 4369 vanu]
1164 4309 1277 4361 Hoc
1299 4321 1403 4377 est,
1421 4328 1543 4364 con-

1628 2621 1646 2649 ‘
1668 2638 1796 2687 quas
1820 2624 1899 2673 vel
1925 2621 2174 2685 adducas,
2196 2635 2312 2670 cum
2332 2620 2476 2682 velis,
2501 2619 2583 2669 vel
2609 2633 2689 2668 re·

1626 2698 1842 2750 mittas!
1908 2701 1980 2751 Et
1999 2698 2247 2763 Virgilian
2270 2698 2362 2750 lib.
2388 2712 2467 2749 ix.
2487 2696 2689 2748 AEneid.

1624 2777 1641 2806 ⁸
1667 2776 1790 2840 Ipse
1812 2782 1893 2827 ter
1917 2776 2146 2828 adducta
2181 2775 2376 2826 circum
2399 2782 2561 2840 capnt
2583 2774 2691 2839 egit

1622 2853 1868 2905 habena)

1689 2937 1715 2964 ⁰
1750 2928 2062 2992 Turdi-ssime]
2099 2929 2231 2980 Haec
2245 2928 2417 2978 omnia
2429 2928 2609 2993 hujus,
2625 2927 2694 2977 de

1627 3024 1726 3073 qua
1747 3023 1906 3075 snpra
1935 3023 2052 3074 cap.
2077 3012 2159 3060 21.
2181 3015 2237 3057 et
2257 3011 2340 3057 57.
2364 3005 2695 3057 lentitudinis

1624 3085 1838 3135 indicia.

1688 3167 1715 3202 Ρ
1752 3159 2147 3222 θεειίευὶαιίοιιε]
2205 3159 2323 3209 Hoc
2366 3165 2470 3221 est,
2502 3156 2689 3208 crebro

1625 3236 1847 3299 quodam
1872 3245 2012 3286 motu
2035 3236 2334 3300 digitorum,
2357 3236 2493 3300 quod
2525 3235 2694 3298 impu-

1625 3313 1826 3364 dicitiae
1852 3322 1907 3365 et
1943 3313 2178 3364 mollitiei
2215 3320 2575 3377 argumentum
2614 3311 2696 3363 fn·

1625 3393 1728 3442 isse
1751 3393 2019 3456 colligitur
2030 3406 2096 3441 ex
2115 3392 2333 3441 Seuecae
2353 3390 2593 3455 Epistola
2610 3394 2693 3441 52.

1622 3469 1639 3498 ‘
1660 3469 1989 3532 Impudicum
2010 3469 2242 3519 incensus
2254 3467 2502 3525 ostendit,
2516 3474 2573 3519 et
2589 3483 2694 3518 rua·

1628 3561 1723 3596 uua
1744 3555 1903 3604 mota.
1926 3554 1982 3596 et
2006 3561 2161 3596 unum
2196 3545 2456 3595 interdum
2483 3560 2692 3609 reapon-

1626 3638 1756 3678 sum.
1780 3630 1835 3673 et
1858 3623 2050 3672 relatus
2073 3622 2138 3671 ad
2170 3628 2332 3685 caput
2370 3621 2603 3685 digitus.'
2636 3629 2690 3671 et

1624 3700 1814 3753 Juven.
1835 3700 1948 3750 Sat.
1971 3713 2052 3751 rx.
2094 3699 2111 3728 ‘
2138 3699 2240 3750 Qui
2263 3698 2427 3763 digito
2449 3699 2691 3763 scalpunt

1629 3794 1731 3829 uno
1766 3783 1958 3842 caput:
2024 3776 2179 3829 Quod
2221 3776 2475 3839 Pompeio
2504 3789 2689 3838 expro-

1627 3854 1826 3904 bratum
1846 3861 1945 3914 est,
1963 3859 2021 3903 nt
2045 3858 2193 3914 patet
2212 3866 2277 3900 ex
2296 3852 2524 3901 disticho
2542 3852 2688 3902 Calvi

1627 3930 1833 3991 Poeta»,
1856 3929 1991 3994 quod
2018 3927 2199 3977 retulit
2221 3941 2377 3989 super
2398 3926 2496 3978 hac
2521 3941 2578 3976 re
2598 3928 2688 3976 Se-

1626 4023 1755 4058 neca
1776 4008 1905 4056 libro
1930 4019 2008 4057 ιν.
2045 4002 2545 4063 controversiarum,
2567 4018 2687 4054 eou-

1629 4084 1882 4134 troversia
1926 4087 2002 4133 19.
2092 4082 2107 4110 ‘
2137 4079 2372 4130 Fasciola
2409 4079 2497 4144 qui
2533 4094 2686 4131 crura

1625 4161 1771 4227 ligat,
1806 4159 1969 4222 digito
2000 4166 2159 4221 caput
2191 4172 2290 4206 uno
2319 4157 2541 4220 scalpit,
2563 4157 2684 4223 quid

1627 4238 1811 4290 credas
1829 4238 1964 4289 hunc
1988 4235 2083 4285 sibi
2109 4235 2242 4284 velle
2264 4234 2423 4282 virum
2442 4233 2477 4282 ?’
