3019 4922
1196 427 1379 475 ocu
1395 427 1593 476 v1os.
2363 413 2494 478 393

309 572 523 637 sedit:
571 591 704 655 quo
754 569 1247 645 animadverso,
1279 579 1460 650 vota,
1507 593 1656 656 quae
1703 573 1772 635 in
1806 574 2177 655 proximum
2210 574 2491 638 lustrum

308 675 564 755 suscipi
599 694 745 738 mos
774 669 926 752 est,¹‘
974 674 1301 755 collegam
1350 695 1545 738 suum
1573 675 1918 739 Tiberium
1950 662 2327 758 nuncupare
2349 676 2496 759 jus-

307 779 436 842 sitt
482 797 635 840 nam
667 798 761 852 se,
794 785 1171 861 quanquam
1205 779 1605 862 conscriptis
1635 779 2022 862 paratisque
2042 777 2183 860 jam
2223 780 2496 855 tabuliS,

309 882 583 962 negavit
611 889 1094 962 suscepturum,
1127 901 1279 963 quae
1325 899 1457 943 non
1487 887 1663 945 esset
1694 877 2065 945 soluturus,l
2149 880 2289 944 Sub
2319 881 2495 945 idem

310 967 576 1065 tempus
622 983 758 1046 ictu
806 983 1102 1046 fulminis
1148 1003 1237 1047 ex
1283 984 1721 1066 inscriptione
1779 990 2025 1047 statuae
2085 983 2229 1066 ejus
2282 985 2496 1066 prima

307 1085 593 1148 nominis
618 1085 811 1149 litera
838 1085 1111 1149 effluxit.
1188 1086 1620 1168 Responsum
1644 1094 1663 1133 ³
1698 1090 1818 1161 est,
1845 1092 2101 1150 centum
2135 1087 2318 1149 solos
2349 1086 2494 1149 dies

309 1187 594 1268 posthac
625 1189 977 1266 victurum,
1011 1209 1204 1271 quem
1248 1209 1595 1254 numerum
1631 1189 1686 1254 C
1717 1190 1912 1253 litera
1954 1195 2209 1253 notaret
2229 1194 2278 1252 :4
2320 1189 2496 1250 futu-

306 1308 601 1379 rumque,
652 1297 727 1354 ut
768 1291 941 1354 inter
984 1291 1163 1355 Deos
1213 1292 1569 1368 referretur,
1598 1292 1777 1376 quod
1809 1282 2046 1375 AEsAR,
2080 1292 2147 1354 id
2192 1297 2316 1367 est,
2346 1289 2496 1352 reli-

309 1411 440 1474 qua
465 1411 623 1474 pars
654 1399 727 1455 e5
758 1393 1051 1457 Caesaris
1085 1395 1420 1470 nomine,m
1457 1395 1743 1459 Etrusca
1765 1394 1793 1434 ⁶
1821 1395 2058 1475 lingua⁴
2081 1394 2262 1457 Deus
2292 1411 2495 1455 voca·-

307 1501 504 1557 retur.

310 1603 584 1659 ventum
605 1604 634 1631 ¹¹
699 1616 911 1680 usque
989 1604 1481 1680 prosecuturuS,
1542 1617 1695 1661 curn
1753 1597 2286 1681 interpellatores
2341 1597 2494 1660 aliis

312 1706 517 1781 atque
540 1697 692 1762 aliis
722 1703 950 1764 causis
971 1708 997 1749 ⁷
1042 1702 1111 1763 in
1147 1701 1294 1784 jure
1321 1701 1608 1765 dicendo
1639 1701 2027 1776 detinerent,
2065 1701 2494 1776 exclamavit,

305 1800 522 1887 (quod
554 1809 619 1866 et
647 1804 867 1885 ipsum
912 1823 1072 1868 mox
1116 1804 1282 1869 inter
1330 1805 1602 1867 omina⁰
1644 1806 1921 1869 relatum
1974 1799 2129 1886 est,)
2181 1807 2200 1836 ‘
2228 1801 2406 1878 Non,
2435 1802 2496 1865 si

309 1903 579 1967 omnia⁸
625 1910 1048 1997 morarentur,
1096 1904 1383 1988 amplius
1440 1925 1515 1970 se
1541 1905 1825 1989 posthac
1872 1904 2111 1970 Romae
2160 1902 2496 1967 futurum.'

1206 2104 1298 2126 ‘Oe
1304 2105 1506 2125 '‘NG“
1511 2107 1570 2129 Ὀ

312 2254 357 2299 1.
393 2249 546 2300 Vind.
581 2254 634 2300 2.
680 2251 810 2314 Cop.
851 2254 998 2303 Huls.
1033 2254 1240 2304 favente
1280 2255 1518 2307 onum—a
1554 2257 1938 2321 Responsumque
1978 2259 2047 2302 est
2080 2250 2238 2301 Vind.
2271 2254 2318 2300 2.
2355 2251 2499 2299 Cort-

303 2316 543 2364 Harlem.
571 2315 703 2364 Edd.
725 2317 872 2365 Rom.
892 2320 1105 2369 Mediol.
1128 2328 1182 2370 et
1203 2323 1348 2371 Vett.
1371 2322 1482 2371 rell.
1505 2337 1666 2385 nsque
1691 2323 1754 2370 ad
1778 2323 1897 2370 Bas.
1954 2318 2149 2368 Contra
2171 2322 2242 2366 est
2265 2317 2443 2363 exulat
2468 2330 2499 2363 a
2566 2338 2571 2343 -

301 2381 479 2433 Periz-
504 2381 590 2442 qni
615 2392 667 2429 et
686 2387 793 2444 post
814 2383 914 2430 hoec
934 2398 1048 2433 cnm
1072 2385 1204 2434 Edd.
1232 2388 1379 2435 Rom.
1401 2401 1563 2449 marg.
1586 2389 1828 2437 Terre-4
1855 2383 2403 2446 Enotaretfuturumque
2423 2380 2497 2427 in-

309 2450 383 2494 ter
405 2446 617 2497 Merum.
638 2452 773 2496 notat
793 2447 948 2497 Vind.
970 2453 1115 2500 2.—5
1150 2450 1315 2502 Abest
1350 2452 1652 2515 praepositio
1684 2468 1715 2502 a
1740 2450 1892 2500 Vind.
1911 2454 1958 2499 2.
1982 2444 2192 2497 Memm.
2215 2461 2276 2493 ex
2301 2444 2496 2493 Medic.

309 2515 356 2559 1.
390 2526 415 2559 e
447 2526 579 2559 cases
599 2511 751 2561 vind.
789 2516 835 2561 1.
856 2512 993 2563 Oud.
1025 2516 1137 2565 haec
1162 2523 1349 2566 cuncta
1375 2517 1427 2565 id
1446 2522 1519 2566 est
1542 2532 1584 2567 r.
1618 2533 1668 2579 p.
1692 2532 1733 2566 e.
1767 2518 1826 2565 C.
1860 2531 1906 2563 n.
1933 2513 2149 2561 insititia
2173 2510 2497 2558 videntum—'-

309 2580 342 2623 6
375 2576 578 2624 Etruria
611 2576 708 2625 Ed.
732 2578 911 2640 Camp.
947 2587 999 2627 et
1028 2581 1080 2629 in
1120 2580 1315 2645 Illyrico
1342 2586 1614 2644 persecutus
1636 2579 1794 2629 Vind.
1819 2582 1960 2629 1.-7
1996 2576 2151 2625 Malit
2175 2576 2352 2623 Burm.
2376 2573 2498 2620 alius

306 2640 418 2688 aliis
438 2642 592 2689 causis
615 2642 695 2689 vel
724 2644 783 2690 de
802 2643 1072 2694 causis.—8
1110 2644 1299 2694 Ursino
1339 2645 1543 2693 videtur
1576 2646 1778 2708 legend.
1801 2645 1844 2691 si
1866 2642 2040 2703 omina,
2064 2648 2120 2689 ut
2143 2645 2288 2688 extat
2312 2641 2360 2686 in
2386 2638 2499 2685 Pal.

312 2704 467 2754 duob.
508 2705 637 2770 Cop.
677 2712 730 2755 et
773 2707 923 2758 Huls.
980 2708 1158 2759 Habet
1192 2711 1309 2774 Cuj,
1334 2714 1652 2773 moverentur,
1673 2725 1733 2759 ac
1756 2710 1894 2758 Dun.
1916 2710 2229 2765 morerentur,
2265 2718 2294 2751 a
2330 2717 2407 2765 pr·
2430 2717 2495 2750 m·

1281 2885 1519 2951 'No‘rAE

589 1495 931 1559 Tiberium
962 1497 1162 1576 igitur
1211 1498 1276 1559 in
1323 1495 1676 1578 Illyricum
1705 1495 2130 1573 dimissuruS‚
2173 1502 2242 1558 et
2274 1495 2495 1559 Bene·
2590 1567 2595 1571 ,

310 3024 600 3077 quanquam
625 3011 893 3075 inscriptio
919 3013 1133 3063 nominis
1176 3014 1363 3079 Agrip-

309 3103 410 3151 pae,
434 3088 501 3136 de
524 3103 627 3152 qua
651 3088 854 3139 videtur
887 3090 972 3139 hic
1010 3093 1114 3154 agi,
1151 3091 1217 3142 de
1251 3092 1364 3154 ejus

309 3171 636 3213 monumento
655 3166 988 3225 persuaserit.
1060 3166 1249 3217 Verum
1287 3175 1363 3217 ut·

309 3248 368 3290 ut
400 3254 459 3288 se
499 3254 582 3288 res
618 3239 793 3302 habet,
827 3241 870 3289 A
908 3241 1034 3291 inud
1075 3241 1363 3306 Angustum

310 3314 633 3378 significabat
672 3316 771 3365 huc
808 3312 963 3365 ⁴brevi
1002 3315 1362 3373 deferendum,

312 3393 394 3440 vel
421 3392 643 3440 numinis
667 3391 830 3441 instar
853 3392 1142 3455 colendum,
1159 3407 1219 3442 ac
1244 3407 1364 3457 pro-

308 3468 432 3517 inde
457 3469 783 3518 moriturum.

374 3545 399 3578 Β
432 3547 621 3610 Suscipi
657 3560 754 3595 mos
790 3546 887 3609 est]
924 3546 1148 3596 Peracto
1185 3546 1365 3610 lustro,

309 3623 661 3684 magistratus,
675 3624 759 3686 qui
772 3623 894 3671 illud
911 3622 1367 3686 condiderat,vota

308 3698 536 3748 faciebat
561 3714 654 3761 pro
682 3697 979 3748 aeternitate
1015 3700 1239 3761 imperii,
1273 3714 1365 3761 pro

308 3776 479 3824 salute
508 3773 716 3829 civium,
759 3787 820 3823 ac
860 3780 1040 3837 postea
1079 3775 1365 3837 Imperato-

308 3866 445 3912 rum,
464 3854 565 3900 &c.
596 3849 732 3900 facie
756 3852 944 3914 velata,
967 3866 1117 3899 mann
1151 3851 1213 3900 ad
1246 3867 1365 3915 pec-

315 3935 396 3978 tus
434 3928 665 3989 admota,
690 3926 907 3992 aliisque
937 3928 1190 3991 ejusmodi
1220 3929 1369 3977 caeri-

308 4004 513 4065 moniis,
534 4003 870 4065 nuncupabat
893 4016 983 4052 seu
1004 4003 1369 4065 pronuntiabat
1393 4013 1400 4018 “

310 4087 509 4144 votum,
544 4086 815 4141 praeeunte
854 4080 1061 4128 Summo
1088 4078 1367 4142 Pontifice,

313 4159 397 4221 qui
421 4156 550 4205 illud
571 4171 601 4205 e
626 4156 837 4219 tabulis,
858 4157 907 4205 in
932 4158 1118 4222 quibus
1137 4158 1362 4221 exscrip-

312 4238 422 4283 tum
447 4241 581 4292 erat,
606 4233 944 4297 praelegebat.
1010 4235 1162 4287 Quod
1192 4242 1364 4285 votum

311 4322 611 4377 nuncupare
633 4316 732 4374 est.

1504 3015 1520 3049 ¹
1558 3017 1670 3065 Non
1696 3021 1820 3065 'esset
1841 3010 2101 3074 soluturus]
2125 3009 2284 3061 Quasi
2307 3004 2498 3056 certior

1443 3091 1613 3142 factus
1639 3095 1760 3142 ante
1783 3092 2070 3156 proximum
2089 3089 2307 3137 lustrum
2323 3098 2378 3133 se
2395 3096 2499 3132 mo·

1444 3169 1679 3218 ritui-um.
2312 3189 2319 3198 =
2360 3181 2361 3188 ¹

1508 3253 1545 3278 ¹¹¹
1581 3244 1789 3294 Caesaris
1808 3241 2017 3304 nomine]
2048 3240 2258 3290 Scilicet
2273 3235 2499 3286 AESAR.

1441 3320 1619 3369 Livius
1656 3320 1746 3369 lib.
1783 3332 1868 3367 rx.
1905 3314 2090 3365 decad.
2128 3320 2173 3362 1.
2213 3310 2372 3361 refert
2399 3311 2501 3358 Ro·

1443 3409 1621 3444 manos
1647 3408 1837 3457 pueros
1862 3391 2095 3442 Etruscis
2123 3389 2407 3451 antiquitus
2439 3387 2518 3433 li·-

1446 3472 1574 3520 teris
1605 3470 1678 3518 ita
1712 3468 1907 3518 erudiri
1926 3466 2140 3522 somne,
2171 3461 2500 3527 quemadmo-

1445 3546 1567 3594 dum
1593 3554 1776 3608 postea
1808 3543 2025 3594 Graecis.
2095 3541 2260 3589 Notat
2299 3552 2363 3586 ex
2395 3537 2529 3608 Heg

1446 3623 1620 3686 sychio
1644 3620 1971 3672 casaubonus
1995 3614 2154 3666 αῑσοὺς
2169 3612 2300 3663 θεοὺς
2323 3613 2500 3675 appel·

1446 3699 1542 3747 lari
1573 3697 1640 3746 ab
1678 3695 1930 3749 Etruscis,
1978 3702 2032 3742 et
2077 3705 2252 3740 vocem
2289 3686 2500 3737 AESAR

1446 3776 1686 3826 Graecam
1712 3788 1840 3832 esse,
1875 3773 2099 3820 Etrusca
2134 3764 2500 3816 terminatione

1444 3851 1718 3902 formatam
1740 3867 1754 3900 t
1787 3848 1899 3899 αἶσα
1922 3847 2056 3896 enim
2078 3845 2261 3893 Fatum
2281 3847 2380 3898 est,
2408 3853 2499 3888 seu

1447 3929 1632 3978 Parca.
2491 3936 2494 3939 ⁴

1509 4012 1535 4037 ¹²
1591 3995 1937 4062 Beneventum]
2002 3998 2205 4048 Nomen
2263 3991 2501 4057 retinuit,

1446 4088 1629 4144 estque
1653 4080 1703 4127 in
1730 4071 2287 4138 RegnoNeapolitano.
2428 4067 2429 4070 ’
2487 4080 2493 4086 ·

1511 4166 1535 4191 ⁰
1569 4152 1905 4222 Interxomina]
1939 4151 2097 4199 Brevi
2126 4147 2329 4196 scilicet
2351 4144 2501 4193 mori·

1446 4241 1616 4283 turum
1631 4231 1749 4281 inde
1769 4227 1997 4289 ominati,
2011 4224 2149 4290 quod
2171 4224 2345 4272 Romae
2361 4228 2497 4286 post-

1445 4311 1545 4362 hac
1567 4324 1622 4360 se
1641 4322 1743 4358 non
1768 4304 2000 4357 futurum
2023 4301 2254 4353 dixisset.
