3019 4922
2373 409 2513 475 ⁴423

319 587 473 635 cum
503 567 867 633 Marcellus
887 574 911 606 ⁶
952 566 1260 634 Octaviae
1307 567 1489 632 filius
1517 560 1885 633 dexteriore
1916 568 2279 637 veheretur.
2324 567 2508 636 Prae-

318 672 490 738 sedit
518 678 590 737 et
617 668 1014 737 Actiacis⁸⁶
1063 670 1264 748 ludis,
1301 676 1369 736 et
1409 671 1723 756 Trojanis
1755 670 2224 749 Circensibus?
2269 671 2509 740 ductor

315 778 549 840 turmae
578 792 932 859 puerorum
963 776 1307 860 majorum.
1372 773 1496 858 [7.]
1540 772 1736 840 Virili
1755 779 1908 856 toga
1926 769 1950 808 f
1971 779 2215 853 sumta,
2245 772 2508 841 adoles-

313 878 651 943 centiam⁹
694 898 979 955 omnem,
1029 877 1460 961 spatiumque
1483 877 1904 963 *insequentis
1931 874 2149 942 aetatis
2179 897 2388 961 usque
2421 879 2508 943 ad

312 980 733 1066 principatus
776 981 994 1058 initia,
1046 999 1165 1065 per
1201 979 1351 1046 haeo
1395 980 1531 1045 fere
1561 981 1924 1063 transegite
1966 999 2204 1045 munus
2248 980 2507 1062 gladia·-

313 1083 560 1148 torium
582 1089 634 1120 ¹0
686 1084 758 1146 in
803 1084 1192 1148 memoriam
1240 1083 1504 1166 patriS‚⁸
1549 1091 1615 1147 et
1664 1084 1940 1149 alterum
2000 1083 2071 1146 in
2115 1083 2225 1148 avi
2274 1083 2504 1161 Drusi,

311 1185 526 1263 dedit,
583 1186 867 1250 diversis
929 1188 1340 1271 temporibus
1405 1205 1505 1252 ao·
1560 1188 1771 1253 locis:
1843 1187 2129 1271 primum
2178 1186 2246 1250 in
2303 1185 2504 1262 Foro,

285 1288 677 1353 ‘secundum
695 1289 765 1367 iu
795 1286 1305 1373 Amphitheatro
1332 1312 1349 1372 ;
1379 1290 1689 1356 rudiariis
1713 1299 1732 1328 ¹
1753 1287 1780 1326 ¹¹
1810 1309 2073 1374 quoque
2096 1289 2503 1374 quibusdam

309 1393 673 1470 revocatiS,
748 1391 1277 1458 auctoramentoi
1361 1400 1704 1460 centenum
1758 1394 2059 1459 millium.
2177 1390 2382 1456 Dedit
2437 1397 2506 1457 et

1190 404 1581 470 'minumus

1159 1562 1169 1573 ⁸
1228 1576 1590 1601 comunem

311 1692 481 1751 eq.·-8
515 1687 696 1739 Antia-is
732 1691 943 1740 Memm.
983 1692 1153 1741 Vatic.
1192 1707 1307 1742 cum
1345 1707 1446 1743 uno
1472 1694 1617 1742 Torr.
1639 1692 1774 1741 uude
1799 1691 1976 1742 Graev.
1998 1690 2206 1741 volebat
2226 1690 2505 1746 laetasticis.

309 1752 450 1817 quod
478 1753 686 1805 Vossius
706 1757 951 1806 alleverat
986 1772 1187 1822 quoque
1212 1773 1369 1819 marg.
1394 1760 1492 1809 Ed.
1517 1760 1665 1808 Torr.
1733 1757 1837 1807 Alii
1860 1765 2110 1820 reponunt
2132 1755 2344 1817 hosticis,
2366 1756 2507 1806 sicut

309 1819 362 1867 in
386 1819 611 1869 membb.
638 1820 940 1882 quibusdam
965 1824 1183 1873 Casaub.
1216 1822 1398 1874 Atticis
1420 1824 1617 1873 Medic.
1637 1828 1688 1875 2.
1707 1823 1874 1872 Periz.
1898 1824 2038 1872 Cort.
2062 1822 2174 1871 Pal.
2197 1826 2244 1871 3.
2264 1821 2501 1882 ⁴Harlem.

311 1884 414 1933 duo
436 1886 583 1935 Torr.
608 1886 816 1950 aliique,
838 1887 971 1936 Edd.
999 1889 1142 1937 Rom.
1167 1903 1273 1938 sec.
1296 1889 1428 1938 Ven.
1448 1895 1495 1939 1.
1544 1888 1726 1938 Actio-is
1747 1889 1859 1937 Pal.
1884 1892 1931 1936 1.
1951 1892 1997 1936 2.
2021 1888 2176 1936 Huls.
2197 1886 2294 1936 Ed.
2321 1887 2502 1948 Camp.

309 1949 522 1999 Atti-icis
542 1951 739 2000 Medic.
757 1957 806 2001 3.
858 1951 1016 2002 Aticis
1039 1954 1155 2014 Cuj.
1178 1961 1191 1981 ⁴
1210 1952 1539 2015 Difficultati‚
1571 1970 1685 2019 quae
1708 1968 1759 2002 n.
1783 1956 1814 2002 Ι.
1835 1953 1999 2002 oritur
2020 1966 2085 2000 ex
2103 1966 2182 2016 eo,
2206 1951 2339 2017 quod
2368 1965 2503 2014 prae-

309 2014 507 2064 sedisse
528 2015 647 2065 Tib.
669 2017 803 2066 ludis
821 2017 1030 2080 dicitur,
1066 2019 1302 2084 idemque
1326 2027 1545 2069 turmam
1569 2020 1795 2082 duxisse,
1818 2018 2172 2083 suppletosuit
2196 2021 2312 2080 post
2334 2015 2502 2080 mczjor,

305 2077 512 2129 facilins
538 2080 788 2132 medearis
812 2092 1013 2133 resecto
1035 2090 1101 2142 et,
1133 2084 1289 2133 ut‘ita
1313 2085 1537 2147 legatur:
1570 2099 1711 2148 proes.
1732 2090 1781 2133 et
1801 2085 1912 2134 Act.
1945 2085 2042 2134 lud.
2069 2082 2199 2143 Troj,
2227 2081 2357 2145 Circ.
2389 2082 2437 2131 d.
2460 2085 2499 2131 t.

299 2158 354 2206 p.
387 2145 469 2193 m.’
503 2146 719 2210 Baumg.
796 2148 929 2197 Item
972 2150 1207 2209 praebent
1249 2150 1460 2200 Memm.
1490 2152 1610 2213 Cuj.
1644 2158 1689 2200 et
1730 2148 2029 2210 Troiam—9
2060 2147 2250 2198 Adule-s.
2283 2148 2498 2195 Memm-

308 2210 447 2259 Deiu
468 2212 715 2275 spatiaque
735 2213 928 2263 Medic.
947 2217 995 2264 2.
1016 2215 1158 2265 Cort.
1176 2215 1408 2265 Har-lem.
1426 2216 1599 2266 Perit.
1623 2225 1676 2266 et
1701 2214 1836 2265 Edd.
1854 2215 1998 2265 Vett.
2018 2219 2235 2276 excepta
2260 2210 2502 2268 Beroald.

307 2289 474 2339 usque
498 2276 561 2324 ad
588 2278 807 2328 Casaub.
831 2278 987 2343 idque
1011 2280 1237 2329 nonnihil
1260 2282 1458 2345 placuit
1489 2283 1664 2330 Burm.
1732 2280 1794 2329 In
1830 2280 1961 2344 Cop.
1995 2280 2210 2329 deerant
2247 2277 2407 2326 oetutis
2445 2280 2502 2324 et

302 2341 596 2390 initiae-10
622 2342 954 2393 Gladiatorum
975 2346 1102 2409 Cop.
1129 2346 1276 2395 Huls.
1302 2346 1443 2396 Cort.
1466 2347 1635 2395 Periz.
1657 2346 1888 2395 Harlem.
1914 2359 2028 2394 cum
2047 2344 2178 2394 Edd.
2199 2341 2342 2391 Vett.
2367 2355 2499 2405 prae·

306 2412 391 2454 ter
412 2406 543 2455 Bou.
562 2408 683 2457 Bas.
702 2409 902 2474 Gryph.
926 2424 1073 2475 seqq.
1138 2411 1269 2459 Tum
1289 2418 1429 2476 atque
1452 2413 1567 2463 locis
1586 2411 1742 2461 vind.
1777 2417 1824 2461 1.
1847 2416 1893 2459 et
1915 2412 2002 2459 loc.
2035 2409 2194 2458 vind.
2212 2411 2356 2456 2.—1
2394 2407 2499 2455 Ru-

305 2471 460 2519 diaris
495 2474 707 2523 Memm.
742 2482 797 2523 et
832 2476 1094 2525 convocatis
1131 2478 1181 2524 in
1220 2478 1377 2528 vind.
1411 2483 1457 2527 1.
1526 2479 1664 2527 Dein
1700 2483 1885 2526 centum
1908 2476 2038 2525 Edd.
2060 2476 2197 2523 Ven.
2220 2478 2270 2521 2.
2296 2477 2343 2521 3.
2365 2473 2501 2521 Bou.

306 2536 429 2587 Bas.
454 2537 653 2603 Gryph.
688 2541 865 2590 Plant.
887 2541 988 2589 mil.
1012 2543 1160 2604 dedit,
1178 2544 1307 2591 dedit
1330 2542 1563 2593 Harlem.
1588 2543 1719 2592 Edd.
1739 2542 1884 2592 Med.
1909 2541 2056 2590 Cald.
2078 2540 2212 2588 Veu.
2234 2544 2289 2586 et
2309 2535 2500 2601 probat

1295 2687 1514 2738 NOTAE

304 2796 433 2845 quus
451 2788 598 2831 extra
624 2783 805 2847 jugum
833 2783 1030 2847 positus
1054 2781 1237 2832 funalis
1262 2793 1361 2848 est,

302 2858 415 2926 sive
440 2875 470 2908 a
492 2861 654 2908 latere
677 2860 788 2910 sive
812 2876 842 2909 a
866 2860 1057 2923 fronte,
1095 2868 1149 2910 et
1173 2861 1363 2910 intelli·

303 2936 384 2997 git
403 2935 540 2985 hunc
560 2952 588 2985 a
621 2937 785 2985 latere
798 2938 992 3001 jugalis
1031 2938 1361 3002 collocatum,

304 3013 426 3075 quia
449 3013 580 3062 alter
602 3020 715 3063 erat
740 3014 802 3063 ad
840 3014 1115 3077 sinistram,
1138 3016 1272 3065 alter
1294 3016 1358 3066 ad

303 3089 561 3139 dextram.
627 3089 823 3139 Verum
856 3090 900 3141 si
923 3105 985 3140 eo
1007 3091 1159 3141 modo
1185 3092 1358 3156 juncti

302 3166 586 3229 fingantur,
622 3182 724 3233 quo
758 3174 980 3232 quatuor
1003 3183 1163 3233 equos
1190 3169 1359 3219 rhedis

304 3245 613 3293 nostratium
631 3245 782 3308 jungi
808 3244 1057 3301 videmus,
1081 3252 1137 3294 et
1158 3243 1359 3295 funales

304 3322 406 3371 duo
428 3320 642 3378 fuerint,
660 3327 716 3372 et
738 3320 1030 3371 sinisterior
1050 3324 1199 3375 alter,
1224 3323 1359 3370 alter

302 3413 429 3448 vero
470 3398 753 3448 dexterior.
821 3396 946 3447 Rem
983 3397 1237 3446 definiunt
1271 3411 1357 3446 au-

301 3477 449 3542 tiqua
469 3477 794 3542 numismata,
832 3478 884 3525 in
916 3475 1095 3542 quibus
1121 3474 1366 3534 videntur*

299 3562 523 3619 quatuor
544 3552 660 3618 equi
694 3552 1077 3616 triumphalium
1112 3566 1354 3600 curruum

300 3647 330 3681 a
353 3632 517 3681 latere
540 3630 756 3681 invicem
782 3628 1040 3692 dispositi,
1064 3628 1201 3676 nullo
1226 3641 1356 3690 prae-

300 3708 544 3769 cedente,
598 3714 653 3756 et
707 3707 758 3755 in
814 3704 910 3753 illis
954 3705 1137 3754 sedere
1181 3704 1357 3753 solitos

296 3782 723 3846 triumphantium
748 3780 1053 3842 filiosetiam
1077 3787 1360 3843 praetexta·

299 3867 400 3908 tos.
469 3858 668 3907 Auctor
690 3862 772 3905 est
794 3856 978 3905 Cicero
1017 3856 1067 3904 iu
1103 3855 1356 3905 Oratione

297 3950 395 4001 pro
428 3934 684 3985 Murena:
720 3938 776 3982 et
805 3932 1106 3980 Torrentius
1156 3930 1357 3995 profert

299 4028 460 4063 aurea
496 4010 731 4076 quaedam
763 4008 987 4073 Augusti
1029 4009 1354 4071 numismata,

296 4088 348 4160 in
374 4088 561 4155 quibus
583 4095 802 4153 quatuor
817 4086 1017 4151 junctis
1050 4085 1116 4135 ad
1150 4100 1354 4135 currum

297 4166 610 4230 elephantis,
631 4164 886 4229 quomodo
906 4164 1100 4213 dictum
1137 4170 1237 4218 est.
1280 4169 1353 4213 to·

294 4245 458 4296 tidem
484 4244 633 4307 pueri
655 4241 891 4292 insident.

361 4329 383 4355 ⁶
416 4319 701 4382 Marcellia]
735 4320 798 4370 Iu
838 4318 1074 4383 Augusto
1116 4323 1229 4382 cap.
1270 4323 1352 4368 63.

1442 2793 1496 2834 et
1519 2788 1600 2833 66.

1502 2860 1528 2897 ‘¹
1561 2859 1799 2924 Actiacis]
1837 2858 1979 2911 Quos
2018 2857 2280 2920 Augustus
2316 2855 2368 2904 iu
2393 2869 2497 2904 me-

1442 2938 1653 2987 moriam
1726 2936 1960 2986 Actiacae
2022 2932 2252 2983 victoriae
2317 2931 2496 2995 quinto

1441 3029 1644 3078 quoque
1680 3026 1812 3061 anno
1869 3009 2205 3060 celebrandos
2259 3007 2498 3058 instituit.

1443 3093 1522 3140 De
1547 3108 1646 3156 qua
1667 3092 1716 3140 in
1742 3091 1980 3153 Augusto
2003 3103 2118 3152 cap.
2141 3089 2224 3136 26.
2290 3085 2389 3135 His
2413 3085 2497 3134 Ti-

1441 3168 1613 3218 berius
1654 3165 1866 3231 praefuit
1906 3172 1962 3216 et
1999 3164 2245 3225 cucurrit,
2283 3163 2418 3227 quod
2442 3167 2498 3212 et

1441 3246 1566 3293 alias
1590 3244 1784 3294 factum
1822 3258 1886 3292 ex
1926 3240 2209 3292 Plutarcho
2241 3241 2294 3289 in
2331 3240 2496 3290 Auto-

1441 3323 1543 3381 ni0,
1565 3331 1621 3369 et
1644 3320 1778 3368 iufra
1801 3319 1852 3368 in
1887 3319 2120 3381 Caligula
2138 3331 2256 3379 cap.
2291 3319 2339 3364 2.
2374 3330 2495 3365 con-

1441 3405 1564 3445 stat.

1500 3478 1526 3505 θ
1563 3469 1781 3533 Trojanis
1816 3468 2136 3531 Circensibus]
2170 3466 2304 3516 Vide
2326 3466 2377 3515 in
2400 3465 2493 3517 Ju-

1441 3549 1511 3597 lio
1535 3563 1580 3598 c.
1607 3551 1687 3595 39.
1711 3555 1766 3595 et
1789 3544 2028 3608 Augusto
2053 3559 2101 3593 c.
2125 3547 2208 3593 43.

1505 3623 1526 3655 f
1563 3624 1706 3674 Virili
1727 3621 1864 3685 toga]
1898 3622 1959 3670 In
1983 3621 2124 3672 Julio
2147 3634 2260 3683 cap.
2284 3623 2332 3668 8.

1502 3711 1529 3746 ε
1551 3702 1613 3750 In
1628 3700 1897 3750 memoriam
1913 3697 2093 3761 putris]
2115 3698 2201 3747 Sic
2220 3701 2274 3745 et
2289 3695 2492 3745 Caesar:

1440 3794 1597 3841 supra
1619 3779 1671 3825 in
1692 3776 1834 3828 ,Iulio
1857 3790 1902 3825 c.
1924 3780 2005 3825 lo.
2029 3781 2083 3824 et
2106 3773 2210 3822 alii.

1501 3853 1524 3887 ¹¹
1561 3851 1836 3914 Rudiuriis]
1871 3852 2019 3907 Rude
2043 3850 2269 3913 donatiS,
2294 3849 2357 3897 de
2381 3847 2492 3912 qui-

1437 3934 1532 3983 bus
1569 3935 1621 3981 in
1666 3932 1900 3993 Augusto
1934 3945 2051 3992 cap.
2075 3934 2156 3979 45.
2189 3936 2245 3977 et
2274 3926 2493 3976 Claudio

1436 4025 1553 4073 cap.
1574 4014 1655 4058 21.
1709 4010 1827 4060 Quo
1853 4013 2086 4069 tempore
2109 4003 2364 4066 coeperint
2388 4018 2492 4052 am·

1437 4090 1741 4153 phitheatra,
1787 4085 1977 4149 quidve
2017 4100 2045 4130 a
2093 4081 2306 4131 theatris
2346 4078 2492 4130 diffe-

1437 4173 1568 4220 rant,
1608 4178 1762 4227 supra
1801 4162 1853 4209 iu
1891 4162 2128 4225 Augusto
2162 4172 2277 4223 cap.
2304 4161 2384 4207 29.
2409 4161 2490 4207 31.

1466 4246 1514 4290 3.

1432 4247 1460 4291 4
1498 4318 1511 4352 ¹
1540 4317 1931 4381 Auctorumento]
1957 4315 2242 4365 Auctorare
2261 4316 2337 4361 est
2358 4323 2490 4359 mer·
