3019 4922
1186 425 1580 480 cernuus.
2352 427 2481 495 271

286 562 624 645 negotium
656 563 997 631 AEdilibus
1027 568 1238 648 dedit,
1268 592 1349 638 ne
1480 595 1586 639 em
1666 578 1948 645 ostbac⁷
1990 588 2372 667 paterentur
2415 590 2483 654 in

288 664 466 728 Foro
525 665 811 742 circam,
869 670 996 733 nisi
1046 591 1568 758 positiffl‘aqgssm
1599 687 1689 757 s,''
1752 686 2041 764 togatum
2096 690 2484 757 consistere.

281 766 446 846 [tlh]
495 768 997 835 Liberalitatem
1047 777 1361 842 omnibus
1405 781 1752 858 ordinibus
1783 806 1901 867 per
1934 791 2329 857 occasiones
2357 794 2485 859 fre-

283 874 554 952 quenter
577 871 904 938 exhibuit.
975 875 1160 940 Nam
1179 885 1270 958 et,
1295 881 1559 949 invecta
1581 884 1751 951 Urbi
1774 887 2238 979 Alexandrino
2253 896 2481 959 trium-

281 971 417 1053 pho
472 971 660 1054 regia
708 983 891 1055 gaza,
949 977 1198 1044 tantam
1251 986 1520 1068 copiam
1571 991 1955 1056 nummariae
1984 994 2076 1057 rei
2106 994 2351 1075 effecit,
2377 1006 2479 1078 ut,

279 1072 534 1137 foenore
568 1074 960 1155 deminut0‚⁸
1006 1082 1360 1164 plurimum
1407 1087 1711 1170 agrorum
1744 1094 2038 1175 pretiisW
2080 1100 2481 1182 accesserit3

281 1182 348 1239 et
375 1181 637 1258 postea,
667 1182 930 1261 quoties
961 1203 1048 1247 ex
1082 1185 1550 1257 damnatorum
1583 1194 1779 1259 bonis
1810 1199 2092 1279 pecunia
2112 1199 2478 1283 superflue-

276 1284 393 1354 ret,
439 1297 636 1343 usum
663 1281 809 1365 ejus
841 1289 1193 1365 gratuitum
1222 1290 1332 1368 iis,
1361 1295 1473 1375 qui
1505 1314 1739 1361 cavere
1769 1299 1833 1361 in
1865 1300 2143 1382 duplum
2174 1311 2475 1384 possent,

276 1379 359 1444 ad
380 1388 639 1447 certum
665 1390 926 1470 tempus
950 1390 1280 1458 indulsit!
1338 1394 1732 1465 Senatorum
1758 1413 2074 1466 censum¹
2101 1404 2477 1488 ampliavit,

328 1592 348 1627 ²
372 1594 574 1652 Quoties
592 1601 790 1662 pecunia
805 1603 1081 1669 abundaret,
1099 1622 1160 1655 ex
1175 1607 1334 1670 opibus
1351 1610 1683 1662 damnatorum
1702 1612 1973 1679 publicatis,
1984 1617 2205 1666 concessit
2227 1617 2357 1667 illam
2370 1618 2474 1669 sine

269 1674 415 1776 usugg
433 1673 581 1727 usque
603 1668 665 1716 ad
684 1674 863 1716 certum
879 1675 1065 1732 tempus
1084 1671 1164 1736 iis,
1181 1674 1262 1736 qui
1279 1682 1469 1737 possent
1483 1683 1719 1742 proestare
1740 1680 1977 1730 cautiones
1997 1681 2048 1729 in
2071 1682 2264 1744 duplum
2279 1698 2472 1734 summae

266 1740 341 1775 cre
414 1743 474 1778 ae.

1188 1831 1552 1855 OOOOOOOOOOO

265 1951 294 2001 '7
328 1954 450 2004 Post
468 1956 558 2004 hac
576 1958 646 2006 de
674 1963 827 2008 cetero
843 1966 946 2024 pat.
982 1962 1142 2012 Vind.
1167 1968 1212 2013 1.
1239 1965 1387 2017 Cort.
1411 1968 1580 2018 Periz.
1603 1970 1838 2022 Harlem.
1873 1972 2009 2022 Edd.
2036 1972 2214 2037 Camp.
2243 1973 2375 2026 Ven.
2401 1978 2469 2027 tr.

263 2017 407 2069 Med.
435 2022 568 2069 Bon.
593 2023 760 2085 Lugd.
778 2025 926 2076 Junt.
949 2025 1070 2080 Ald.
1098 2028 1224 2092 Arg.
1249 2037 1302 2080 et
1325 2032 1392 2081 al.
1429 2034 1763 2086 Mox-circaue
1783 2036 1927 2087 dedit
1949 2038 2168 2102 Baumg.
2187 2053 2301 2088 cum
2323 2039 2464 2090 Oud.

262 2083 580 2146 astipulante
605 2087 759 2138 Wolf.
777 2098 833 2139 et
855 2090 1007 2142 codd.
1035 2093 1250 2144 Memm.
1287 2097 1485 2147 Medic.
1526 2104 1572 2148 1.
1602 2104 1651 2149 3.
1682 2100 1811 2165 Cop.
1846 2102 2076 2164 Guelph.
2100 2108 2147 2155 1.
2166 2110 2220 2154 et
2244 2105 2318 2153 ita
2339 2104 2466 2154 scri·

261 2146 484 2197 bendum
499 2150 660 2213 jussit
684 2152 927 2205 Perizon.
965 2156 1028 2204 ad
1065 2159 1259 2208 Sanctii
1296 2162 1427 2210 Min.
1450 2177 1527 2212 ιν.
1549 2168 1631 2213 23.
1670 2181 1763 2228 pro
1787 2168 1927 2229 vulg.
1953 2168 2165 2218 Circove.
2223 2170 2465 2218 Ceterum

255 2213 426 2324 visitis
446 2215 635 2277 lagenis
658 2217 914 2269 Fouc.-8
949 2220 1012 2269 In
1045 2222 1112 2273 al.
1137 2224 1271 2273 Edd.
1303 2227 1457 2276 etiarn
1491 2228 1664 2278 Wolfii
1689 2231 1940 2281 diminuto.
2005 2232 2142 2281 Dein
2166 2234 2467 2284 accessissent

305 2277 410 2330 ind.
432 2283 482 2329 1.
548 2280 684 2330 Item
707 2282 783 2332 his
798 2285 883 2347 qui
905 2286 1099 2338 Medic.
1121 2292 1170 2338 2.
1192 2290 1347 2341 vind.
1373 2299 1593 2358 uterque
1616 2295 1762 2347 Cort.
1787 2297 1954 2348 Periz.
1976 2297 2127 2349 Voss.
2148 2297 2284 2347 Edd.
2310 2300 2461 2349 Rom.

1244 2446 1468 2509 NOTAE

256 2551 517 2610 AEn‘eldd.

314 2644 337 2668 v
369 2636 626 2701 Lucernis]
660 2639 892 2691 Lucerna
930 2643 1088 2693 vestis
1126 2644 1316 2694 milita-

253 2710 322 2759 ris
339 2724 505 2774 genus
529 2719 629 2775 est,
652 2722 712 2764 nt
742 2723 926 2781 aperte
949 2724 1168 2770 testatur
1189 2719 1315 2770 ficta

251 2784 339 2835 illa
361 2788 501 2849 apud
542 2789 876 2854 Propertium
912 2794 1187 2858 Arethusa,
1221 2798 1312 2848 lib.

249 2876 326 2913 iv.
370 2867 523 2929 Eleg.
569 2871 616 2916 3.
673 2869 926 2922 ‘Texitur
969 2873 1080 2924 haec
1125 2877 1309 2926 castris

245 2946 436 3005 quarta
482 2945 694 2996 lacerna
743 2949 876 3000 tuis.’
958 2951 1027 3000 Et
1063 2953 1311 3005 Lucretia

248 3018 387 3078 apud
444 3019 691 3071 Ovidium
744 3037 807 3073 11.
868 3025 1137 3077 Fastorum
1194 3033 1308 3081 ⁷45.

246 3095 549 3147 ‘Mittenda
591 3106 671 3149 est
722 3100 926 3152 domino
969 3103 1132 3169 (nunc
1172 3122 1308 3157 nune

243 3179 543 3236 properate,
590 3176 803 3240 puellae)
864 3179 1032 3229 Quam
1087 3182 1308 3245 primurn

243 3254 425 3297 nostra
458 3247 601 3299 facta
633 3250 843 3302 lacerna
867 3256 1058 3304 manu.’
1123 3258 1310 3322 Hujus,

242 3323 554 3387 utvidetur,
587 3332 708 3376 usus
744 3341 843 3392 per
876 3330 1013 3380 bella
1047 3332 1217 3383 civilia
1254 3335 1307 3382 in

244 3397 428 3448 urhem
453 3399 755 3469 irrepserat,
777 3411 832 3454 et
853 3419 918 3455 ea
950 3409 1172 3457 maxime
1194 3415 1306 3458 ute-

242 3472 438 3525 bantur
481 3478 535 3526 in
590 3472 858 3532 itineribus
898 3489 954 3533 et
997 3483 1048 3533 in
1086 3484 1308 3549 theatro,

242 3547 450 3614 frigoris
492 3562 582 3604 aut
625 3558 815 3620 pluvias
862 3567 1016 3611 metu.
1070 3562 1303 3612 Martial.

1399 2585 1480 2622 rx.
1505 2587 1583 2623 vs.
1607 2577 1688 2624 28.
1745 2568 1946 2626 Quibus
1972 2580 2035 2623 e'x
2059 2574 2188 2623 locis
2215 2574 2460 2638 colligere

1397 2655 1495 2707 est,
1517 2649 1616 2699 hoc
1640 2649 1865 2714 Augusti
1891 2650 2119 2700 edictum
2138 2650 2224 2700 diu
2242 2664 2344 2700 non
2368 2650 2461 2699 ob·

1397 2723 1628 2773 tinuisse.
1664 2725 1831 2773 Immo
1845 2725 2146 2774 Torrentius
2168 2739 2266 2774 non
2282 2724 2458 2774 existi-

1392 2807 1502 2849 mat
1526 2800 1813 2864 prohibitas
1846 2803 2085 2851 lacernas
2118 2802 2169 2851 iu
2196 2802 2298 2851 alio
2320 2801 2457 2865 loco,

1392 2891 1545 2940 quam
1564 2877 1614 2926 in
1640 2876 1795 2927 Circo
1819 2878 1901 2926 vel
1923 2879 2079 2939 Foro,
2094 2886 2193 2942 quo
2212 2877 2456 2942 frequen·
2503 2914 2506 2917 Α

1391 2952 1496 3001 tius
1526 2952 1743 3005 Romani
1779 2953 2175 3008 conveniebant,
2193 2966 2342 3002 secus
2364 2963 2456 3001 nez

1389 3029 1623 3078 cessitati
1639 3042 1733 3078 ‘eas
1765 3030 1959 3079 servire
1985 3029 2292 3103 permisisse,
2316 3029 2455 3095 quod

1389 3112 1443 3153 et
1499 3104 1567 3154 de
1611 3105 1879 3156 Hadriano
1919 3102 2240 3170 Spartianus,
2288 3113 2343 3156 et
2388 3104 2453 3154 de

1389 3180 1674 3230 Commodo
1694 3182 2021 3245 Lampridius
2045 3185 2287 3234 retulere.

1451 3265 1485 3289 '¹
1517 3258 1761 3320 Agrorum
1780 3261 1968 3323 pretiis,
1987 3261 2095 3325 aa]
2138 3260 2341 3312 Auctor
2368 3267 2453 3313 est

1389 3333 1625 3395 Orosius,
1669 3341 1869 3384 tantam
1914 3334 2072 3385 fuisse
2116 3337 2450 3405 pecuniarum

1387 3410 1589 3472 copiam
1627 3424 1693 3457 ex
1732 3411 1912 3474 spoliis
1960 3410 2349 3474 Alexandrinis,
2388 3420 2450 3462 nt

1386 3498 1488 3533 non
1514 3485 1898 3547 possessionum
1921 3485 2094 3548 modo,
2128 3487 2220 3536 sed
2245 3494 2301 3536 et
2323 3487 2448 3535 alia-

1385 3570 1498 3607 rum
1525 3573 1694 3609 rerum
1709 3561 1965 3610 venalium
1990 3563 2157 3629 pretia
2173 3563 2332 3626 duplo
2346 3577 2449 3612 ma-

241 3626 401 3692 Epig.
436 3634 488 3680 2.
534 3631 623 3682 lib.
649 3647 731 3685 ιν.
776 3636 1104 3701 ‘Spectabat
1152 3638 1304 3688 modo
1378 3636 1501 3699 jora
1540 3628 1680 3686 'facta
1724 3634 1845 3686 sint.
1881 3628 2127 3686 'Poenam
2173 3638 2335 3702 dupli,
2380 3639 2446 3688 de

239 3705 377 3754 solus
399 3706 541 3757 inter
560 3722 738 3761 omnes
773 3712 954 3776 Nigris
987 3728 1170 3764 munus
1193 3715 1303 3765 Ho-

239 3779 403 3849 ratius
443 3781 704 3833 lacernis!
769 3788 838 3836 Et
855 3788 1118 3853 Epigram.
1143 3795 1191 3840 8.
1216 3791 1302 3842 lib.

240 3865 294 3903 v.
325 3856 342 3884 ‘
360 3852 547 3908 Phasis
578 3860 632 3908 in
657 3861 879 3926 theatro,
899 3864 1084 3914 Phasis
1110 3880 1301 3930 purpu-

240 3926 357 3980 reis
370 3931 528 3983 ruber
542 3928 818 4002 ‘lacernis,'
828 3942 931 3990 &c-
954 3958 959 3961 ⁴
981 3942 1170 3994 Juven.
1194 3945 1301 3995 Sat.

239 4019 296 4056 v.
318 4007 335 4034 ‘
351 4008 422 4057 Et
437 4009 602 4061 multo
620 4012 838 4063 stillaret
858 4017 1064 4079 paennla
1086 4017 1300 4069 nimbo.'

238 4081 515 4134 Paenulam
547 4087 682 4137 enim
726 4088 945 4140 eandem
1001 4088 1301 4145 existimant

238 4170 361 4206 eum
392 4159 623 4230 lacerna,
651 4162 912 4214 lacernam
949 4173 1087 4231 togae
1123 4185 1299 4234 super-

236 4230 550 4298 induebant,
588 4238 728 4288 unde
759 4240 929 4300 ‘illam
953 4250 1090 4307 togae
1134 4246 1297 4296 muni·

237 4314 473 4390 mentum
513 4313 744 4378 appellat
766 4315 904 4368 idem
923 4318 1164 4372 Juvenal.
1186 4321 1296 4373 Sat.

1385 3725 1487 3776 qua
1523 3713 1607 3762 hic
1636 3713 1826 3776 agitur,
1848 3715 2121 3779 eleganter
2153 3715 2446 3779 explicatur

1384 3803 1416 3838 a
1440 3789 1650 3854 Cujacio
1668 3790 1755 3839 lib.
1785 3803 1836 3840 v,
1861 3790 2083 3840 Observ.
2108 3804 2153 3840 c.
2170 3794 2252 3841 38.

1446 3870 1474 3896 ¹
1507 3865 1785 3915 Senatorum
1812 3864 2020 3928 censum]
2064 3866 2324 3917 Dissentit
2357 3881 2441 3917 su·

1383 3956 1481 4006 per
1518 3956 1713 3991 summa
1750 3936 2033 3992 hic‘allata
2070 3941 2177 3990 Dio
2208 3941 2299 3992 lib.
2324 3952 2442 3995 mv.

1381 4031 1533 4081 quem
1594 4017 1829 4080 sequitur
1885 4017 2109 4080 Lipsius·
2138 4018 2441 4071 Electorur‘n

1380 4093 1472 4144 lib.
1494 4106 1561 4143 11.
1585 4108 1633 4143 c.
1651 4097 1730 4141 17.
1763 4093 2062 4144 Suetonium
2082 4095 2314 4159 sequitur
2334 4097 2440 4146 Bu·
2515 4120 2524 4125 ὴ

1380 4167 1525 4217 doeus
1548 4168 1639 4217 lib.
1664 4183 1705 4218 1.
1728 4176 1784 4218 et
1808 4183 1870 4218 ιι.
1892 4169 1957 4219 de
1980 4168 2131 4232 Asse,
2149 4177 2202 4220 et
2220 4171 2439 4220 Torren-

1382 4247 1481 4296 tius
1500 4245 1608 4310 hic‚
1641 4247 1728 4296 ubi
1769 4254 1942 4297 tamen
1981 4248 2147 4298 hoeret
2180 4248 2436 4298 C‘asaubu-

1377 4336 1500 4374 nus:
1552 4331 1795 4375 constare
1836 4324 2041 4376 videtur
2084 4338 2149 4375 ex
2188 4322 2435 4376 Juvenali
