3019 4922
499 432 629 497 452
1361 446 1424 492 c.
1472 442 1830 493 sum-omi

501 599 608 658 et³
674 592 942 675 spiritus
990 591 1329 669 deficeret,
1393 592 1678 676 optavit,
1740 609 1822 654 ac
1899 589 2370 673 perlegendum
2414 591 2696 657 librume

501 696 724 761 Druso
754 694 894 758 filio
912 700 942 742 4
970 694 1266 759 tradidit.
1328 693 1600 758 Illatum
1622 692 1856 757 deinde
1890 692 2172 775 Augusti
2197 700 2694 773 testamentum,

498 818 633 862 non
676 797 991 861 admissis
1037 794 1544 880 signatoribus,‘¹
1592 797 1724 860 nisi
1771 796 2088 860 senatorii
2133 795 2404 873 ordiniS,
2456 799 2696 863 ceteris

498 907 689 963 extra
720 898 990 964 Curiam
1039 901 1224 981 signa
1273 901 1811 982 agnoscentibuS‚
1865 900 2169 964 recitavit
2216 919 2341 982 per
2367 900 2695 964 libertum.

497 1003 919 1068 Testamenti
987 1003 1250 1065 initium
1314 1003 1478 1067 fuit:
1554 1001 1935 1081 ‘Quoniam
2004 1003 2276 1067 sinistra
2305 1010 2329 1049 ⁵
2399 1002 2697 1068 Fortuna

501 1105 739 1171 Caium
773 1112 842 1170 et
886 1104 1166 1168 Lucium
1211 1104 1393 1169 filios
1440 1105 1602 1168 mihi
1632 1106 1900 1188 eripuit,
1926 1105 2244 1169 Tiberius
2272 1103 2509 1170 Caesar
2538 1105 2694 1168 mihi

497 1227 584 1271 ex
625 1215 811 1289 parte
853 1206 1170 1270 dimidia⁶
1217 1212 1284 1270 et
1328 1212 1633 1271 sextante
1677 1206 1900 1271 haeres
1947 1205 2139 1272 esto.’
2224 1206 2384 1285 Quo
2434 1215 2503 1271 et
2542 1207 2693 1291 ipso

497 1320 694 1376 aucta
736 1311 1044 1393 suspicio
1076 1308 1222 1374 est⁶
1253 1311 1691 1393 opinantium,
1725 1330 2185 1375 successorem
2217 1311 2507 1373 ascitum
2542 1330 2691 1373 eum

495 1415 903 1478 necessitate
945 1410 1205 1494 magis}
1241 1433 1441 1495 quam
1476 1412 1759 1496 judicio,
1808 1414 2077 1498 quando
2126 1415 2222 1477 ita
2253 1412 2522 1496 praefari
2562 1432 2693 1476 non

495 1515 918 1580 abstinuerit.
1035 1515 1199 1597 [24]
1274 1514 1795 1597 Principatum‚ss
1854 1518 2159 1599 quamvis
2218 1536 2434 1598 neque
2489 1536 2694 1580 occu-

494 1638 658 1702 pare
679 1616 740 1667 ⁷⁶
772 1616 1142 1690 confestim,
1168 1637 1386 1700 neque
1412 1637 1604 1701 agere
1623 1615 1649 1653 ¹¹
1675 1607 2074 1697 dubitasset,
2105 1625 2171 1683 et
2200 1620 2489 1684 statione
2521 1618 2692 1681 mili-

495 1732 652 1796 tum,
675 1721 798 1785 hoc
815 1729 938 1794 est,
965 1723 1029 1785 vi
1055 1726 1119 1784 et
1147 1723 1406 1805 specie⁸
1441 1721 1925 1797 dominationis,
1951 1727 2276 1798 assumta,
2313 1721 2432 1785 diu
2465 1730 2722 1786 tamen·

492 1817 832 1888 recusa-vit
862 1824 1447 1908 impudentissimo
1475 1825 1731 1903 mimo‚⁹
1774 1844 1952 1888 nunc
1980 1824 2408 1888 adhortantes
2433 1824 2693 1889 amicos

513 2059 516 2062 Δ
555 1993 573 2026 ³
594 1995 709 2043 Etsi
729 2009 821 2044 non
846 1996 1108 2045 dubitasset
1122 1996 1343 2059 protinus
1375 2011 1600 2058 usurpare
1629 1997 1967 2060 principatum,
2005 2002 2050 2045 et
2074 2010 2309 2054 exercere,
2338 2000 2531 2057 accepta
2551 1994 2692 2043 etiam

488 2060 703 2136 custodia
726 2061 945 2123 militari,
966 2077 1069 2125 quoe
1090 2068 1160 2137 est
1176 2062 1393 2125 potentia
1415 2067 1463 2111 et
1479 2078 1649 2126 pompa
1671 2062 2003 2111 dominationis
2018 2079 2035 2112 .·
2068 2061 2393 2122 nihilominus,
2415 2062 2497 2122 &c-

1411 2217 1771 2238 eeeeeeeeeeee

491 2333 772 2397 Camp.—-3
806 2309 889 2384 fta
911 2336 1123 2384 Memm.
1146 2335 1302 2385 Polit.
1337 2335 1535 2385 Medic.
1572 2344 1637 2385 tr.
1675 2336 1806 2399 Cop.
1828 2342 1883 2384 et
1917 2334 2052 2385 Edd.
2074 2334 2255 2397 Stepb.
2275 2334 2495 2383 Casaub.
2518 2334 2693 2385 Groev.

488 2398 650 2451 Gron.
675 2400 926 2463 probante
945 2402 1082 2450 Oud.
1107 2399 1192 2449 Al.
1209 2402 1291 2449 sed
1311 2406 1366 2449 ut
1385 2408 1452 2463 et,
1472 2401 1606 2465 quod
1632 2401 1899 2449 revocavit
1921 2402 2100 2449 Burm.
2122 2415 2151 2449 e
2171 2400 2296 2460 suis,
2320 2408 2376 2449 et
2392 2400 2525 2448 Edd.
2542 2401 2688 2449 Vett.

490 2464 804 2529 suffragante
826 2466 984 2516 Vind.
1009 2472 1054 2515 l.
1074 2470 1155 2515 sed
1176 2473 1231 2516 ut
1250 2482 1322 2529 sp.
1345 2467 1502 2515 Vind.
1538 2470 1685 2516 2.-4
1721 2467 1820 2519 Fit.
1843 2467 2006 2515 Druso
2028 2467 2255 2528 Cop.—6
2291 2465 2453 2514 Atrox
2475 2466 2690 2514 Memm.

488 2529 593 2579 duo
611 2533 757 2580 Torr.
780 2531 931 2580 Huls.
974 2531 1169 2580 Medic.
1200 2536 1248 2580 3.
1283 2532 1445 2582 Polit.
1470 2532 1629 2580 Vind.
1659 2537 1700 2579 1.
1737 2540 1792 2581 et
1832 2532 1960 2594 Cop.
1993 2533 2092 2580 nisi
2126 2531 2261 2593 quod
2295 2532 2395 2578 alio
2417 2530 2527 2578 ord.
2551 2532 2688 2581 Fort-

487 2601 645 2644 atrox.
711 2596 909 2645 Probat
935 2596 1110 2646 Graev.
1161 2598 1303 2645 Dein
1327 2613 1414 2659 quo
1436 2597 1538 2660 ipso
1557 2596 1714 2645 Vind.
1738 2600 1783 2645 1.
1831 2597 1977 2645 etiam
2006 2597 2110 2658 ipso
2141 2596 2297 2644 Vind.
2331 2599 2380 2643 2.
2429 2596 2528 2657 ipse
2549 2600 2688 2643 aucta

490 2660 727 2710 Dum—6
760 2661 820 2709 In
847 2663 981 2710 Edd.
1005 2663 1350 2710 nonnullis‘est
1373 2677 1501 2723 susp.
1553 2662 1886 2724 postponunt
1909 2664 2052 2710 verb.
2081 2662 2144 2708 0.
2166 2659 2359 2708 Medic.
2383 2660 2545 2709 Ponit.
2571 2660 2684 2723 Cuj.

487 2724 638 2775 Voss,
705 2727 831 2774 Mox
852 2727 1056 2776 accitum
1073 2727 1229 2776 Vind.
1255 2731 1400 2776 1.--7
1435 2728 1566 2775 Post
1588 2742 1747 2789 oocup-
1773 2726 1972 2774 addunt
1990 2733 2152 2789 aperte
2167 2724 2373 2788 quidam
2391 2724 2562 2773 codd.
2590 2723 2686 2773 Ca·

490 2790 634 2839 saub.
660 2789 831 2838 Periz.
874 2792 1107 2840 Harlem.
1147 2791 1282 2840 Edd.
1305 2793 1439 2840 Ven.
1477 2792 1622 2839 Med.
1663 2790 1810 2839 Caid.
1832 2791 1995 2852 Lugd.
2018 2792 2166 2842 Junt.
2190 2788 2311 2838 Ald.
2335 2790 2520 2851 Stepb.
2556 2789 2685 2838 Mox

489 2868 582 2914 pro
606 2863 650 2903 et
675 2863 737 2903 st.
757 2857 936 2905 manet
951 2859 1098 2905 Torr.
1122 2859 1255 2905 duce
1284 2857 1458 2919 Lipsio
1481 2857 1628 2905 etiam
1646 2860 1811 2904 st.-8
1832 2858 2033 2919 Etspec.
2055 2861 2105 2907 et.
2123 2870 2205 2918 spe
2229 2854 2379 2905 finis.
2413 2855 2521 2903 Pro
2535 2856 2686 2917 specie

485 2919 643 2969 Vind.
668 2925 708 2969 1.
746 2927 800 2969 et
835 2921 1014 2985 Camp.
1052 2937 1182 2985 spem
1221 2930 1275 2970 et
1309 2937 1388 2985 spe
1422 2936 1585 2984 marg.
1624 2920 1773 2991 Vind.
1797 2925 1947 2972 2.—-⁰
1982 2921 2067 2971 Ita
2089 2919 2386 2971 emendavit
2408 2921 2547 2984 vulg.
2571 2921 2686 2982 intp-

1471 3085 1522 3133 N
1531 3084 1692 3133 OTAE

549 3184 572 3210 ‘²
604 3177 825 3241 Librum]
873 3179 991 3231 Quo
1014 3180 1233 3231 dicenda
1256 3181 1544 3246 descripse-

484 3263 581 3305 rat·

547 3331 573 3366 ‘¹
605 3331 962 3397 Signatoribus]
995 3335 1113 3385 Jam
1130 3349 1286 3398 supra
1307 3342 1543 3386 notatum

484 3417 581 3466 est,
639 3413 959 3461 testamentis
1013 3412 1333 3462 adhibendos
1387 3412 1544 3462 fuisse

485 3495 664 3546 testes,
703 3497 760 3538 ut
801 3504 862 3539 ea
897 3490 1155 3539 valerent.
1222 3490 1269 3538 Ii
1305 3488 1545 3552 apposita

483 3578 574 3613 sua
597 3563 739 3627 signa
765 3579 1156 3629 recognoscere,
1179 3580 1244 3614 ne
1277 3581 1377 3631 qua
1398 3563 1542 3615 fraus

481 3640 654 3702 fieret,
710 3649 911 3690 mortuo
964 3649 1213 3691 testatore
1263 3642 1543 3693 debebant.

482 3716 610 3765 Cum
649 3723 822 3766 autem
859 3716 1115 3767 Senatorii
1146 3717 1336 3767 ordinis
1367 3733 1543 3768 omnes

478 3807 578 3841 non
603 3801 798 3855 essent,
816 3792 937 3842 hine
960 3807 1137 3842 omnes
1161 3796 1211 3843 in
1235 3793 1429 3843 curiam
1453 3794 1542 3843 ad-

479 3870 658 3918 missos
682 3870 867 3932 noluit,
889 3878 947 3919 ut
967 3869 1093 3920 fieta
1123 3871 1218 3920 liae
1250 3871 1537 3921 Senatoriae

478 3947 762 4009 majestatis
783 3947 1133 4010 observantia,
1167 3948 1413 3996 Senatum
1448 3947 1539 4013 de-

477 4031 779 4085 mereretur,
815 4023 979 4071 donec
1014 4023 1310 4071 auctoritati
1345 4037 1445 4070 una
1482 4029 1539 4072 et

479 4096 875 4147 securitatisuoe
908 4099 1145 4148 cavisset.
1197 4098 1409 4149 Iudicat
1440 4099 1541 4148 Ta·

477 4172 613 4221 citus
637 4187 675 4220 1.
710 4172 1014 4226 Annalium:
1052 4178 1068 4205 ‘
1089 4175 1324 4225 Tiberius
1349 4185 1537 4225 ciincta

399 4290 404 4293 .
476 4262 570 4310 per
593 4248 840 4297 Consules
859 4250 1160 4313 incipiebat,
1185 4259 1424 4315 tanquam
1451 4267 1536 4301 ve-

477 4330 588 4374 tere
627 4324 933 4387 Republica,
974 4332 1029 4374 et
1065 4327 1334 4390 ambiguus
1370 4329 1534 4392 impe·

1627 3185 1807 3233 randi?

1691 3268 1714 3294 θ
1741 3261 1986 3324 Dimidia]
2019 3261 2099 3310 De
2115 3259 2196 3309 his
2214 3256 2446 3322 partibus
2462 3257 2683 3322 August.

1627 3351 1742 3400 cap.
1771 3341 1881 3387 101.

1673 3410 1715 3466 ‚f
1729 3414 2024 3462 Necessitate
2040 3409 2217 3473 magia]
2252 3410 2383 3474 Cap.
2399 3414 2484 3461 21.
2506 3425 2680 3473 snpra.

1690 3496 1716 3532 ε
1748 3479 2122 3555 PrincipatumJ‘
2153 3487 2270 3535 Hoc
2313 3488 2539 3550 nomine,
2584 3501 2680 3536 non

1622 3567 1769 3629 regni
1809 3567 1962 3617 titulo
2001 3565 2249 3626 insignita
2287 3563 2387 3614 fuit
2416 3566 2678 3615 Caesarum

1622 3648 1869 3704 potestas,
1891 3649 1951 3690 ut
1985 3657 2142 3706 supra
2179 3656 2295 3705 eap·
2328 3646 2411 3691 14.
2446 3649 2677 3692 notatum

1619 3726 1700 3767 est
1723 3733 1787 3766 ex
1807 3719 2006 3769 Tacito.
2185 3715 2190 3719 ’

1683 3793 1709 3828 ¹¹
1738 3795 1921 3858 Agere]
1957 3794 2129 3858 Agere
2163 3806 2259 3856 pro
2294 3793 2552 3858 Principe
2581 3794 2679 3842 sei·

1614 3871 1758 3932 lieet,
1780 3879 1967 3934 utpote
1989 3871 2076 3935 qui
2110 3870 2127 3898 ‘
2144 3869 2400 3919 defuncto
2419 3868 2676 3933 Augusto,

1617 3947 1814 4010 signum
1854 3946 2112 4010 praetoriis
2148 3945 2446 3996 cohortibus
2479 3955 2538 3994 ut
2573 3946 2673 3995 Im-

1614 4034 1825 4089 perator
1844 4023 2058 4073 dederat
2079 4038 2096 4083 ;
2128 4022 2380 4081 excubiae,
2404 4030 2567 4085 oema,
2589 4037 2671 4071 oe·

1615 4106 1728 4149 tera
1758 4100 1917 4159 anum
1951 4099 2098 4146 miles
2133 4096 2185 4145 in
2222 4096 2409 4158 forum,
2445 4098 2588 4147 miles
2618 4100 2669 4146 in

1617 4178 1807 4226 curiam
1845 4174 2206 4225 comitabatur.
2275 4174 2476 4222 Literas
2500 4173 2564 4222 ad
2588 4187 2670 4221 ex-

1616 4253 1828 4314 ercitus,
1866 4260 2107 4315 tanquam
2144 4249 2336 4311 adepte
2380 4249 2667 4312 principatu

1616 4329 1790 4392 misit,'
1803 4331 1909 4381 ,δια
1931 4335 1988 4377 ut
2011 4332 2190 4377 narrat
2204 4325 2413 4376 'flacitus
2427 4325 2610 4376 Annei.
2626 4338 2663 4373 1.
