3019 4922
474 378 560 441 10
1034 464 1039 469 ,
1174 391 1316 441 mu
1333 372 1995 441 neaman-causis

472 546 547 603 ut
589 535 1024 604 transcribere
1069 536 1272 601 etiam
1315 545 1385 602 et
1428 537 1685 602 calamo
1729 546 2025 623 repetere
2056 537 2279 622 turpia
2306 537 2512 605 verba
2538 538 2698 621 pu·'

474 642 643 707 deat.
1206 644 1209 647 ’
1434 666 1437 669 ’

481 783 494 791 -
561 743 725 808 Fuit
773 751 996 808 autem
1034 746 1316 825 animuS,
1359 766 1486 810 non
1521 765 1673 810 cum
1705 745 2159 830 superioribus
2189 744 2662 829 interpretibus

473 846 556 910 de
578 847 965 912 eruditionis
983 848 1358 932 judiciique
1387 851 1613 933 palma
1639 848 2001 925 decertare,
2031 848 2213 932 quod
2242 851 2309 913 in
2331 847 2659 912 Suetonio

471 950 763 1013 maxime
793 969 1083 1016 summaev
1119 954 1517 1034 arrogantiae
1570 959 1747 1017 esset
1791 957 1855 1016 et
1903 952 2312 1030 temeritatis,
2362 949 2478 1014 sed
2510 955 2660 1016 eam

473 1052 786 1117 exhibere
827 1053 1138 1119 Suetonii
1188 1055 1567 1134 editionem,
1611 1075 1762 1138 quae
1810 1064 1878 1121 et
1920 1055 2260 1139 magistris
2290 1054 2358 1118 in
2384 1053 2664 1137 publica

470 1154 918 1235 institutione,
947 1162 1011 1222 et
1053 1158 1572 1223 adolescentulis
1626 1158 1938 1241 aliisque,
1978 1160 2093 1242 qui
2131 1160 2351 1223 minus
2379 1157 2666 1241 impedi-

471 1263 607 1321 tam
637 1260 835 1345 hujus
860 1260 1204 1344 scriptoris
1233 1268 1557 1344 cuperent
1582 1261 2076 1338 lectionem,‚iis
2096 1261 2381 1344 denique
2405 1259 2663 1324 suffice-

474 1368 594 1439 ret,
640 1362 757 1445 qui
806 1363 1008 1427 animi
1056 1365 1268 1446 magis
1302 1365 1690 1429 oblectandi
1723 1365 2051 1447 variisque
2080 1363 2497 1446 antiquitatis
2526 1362 2670 1427 the-

475 1465 1131 1543 saurisinstruendi,
1184 1486 1382 1549 quam
1427 1466 1842 1532 reconditam
1877 1466 2247 1531 doctrinam
2278 1465 2666 1548 aucupandi

475 1566 785 1631 consilio
812 1567 897 1632 ad
945 1588 1092 1633 eum
1140 1569 1617 1634 accessissent.
1704 1569 1813 1634 Ita
1854 1569 1992 1634 fieri
2034 1588 2165 1631 non
2210 1569 2463 1650 potuit,
2504 1568 2666 1649 quin

475 1669 687 1733 multa
725 1670 1097 1753 repetenda
1142 1670 1543 1743 viderentur,
1590 1692 1744 1755 quae
1773 1671 1888 1736 alii
1913 1671 2059 1755 jam
2090 1670 2427 1753 copiosius
2455 1689 2670 1753 expo·

476 1769 785 1846 suissent‚
838 1772 1021 1855 quod
1069 1773 1130 1836 si
1180 1774 1295 1857 qui
1344 1775 1604 1839 crimini
1648 1774 1811 1839 mihi
1859 1773 2149 1838 dandum
2194 1772 2668 1847 existimarent,

473 1873 839 1938 maximam
871 1893 1031 1939 sane
1059 1874 1366 1959 injuriam
1396 1876 1710 1941 facerent.
1739 1910 1750 1927 ·
1799 1875 1975 1955 Quis
2011 1876 2187 1939 enim
2231 1894 2411 1939 nova
2440 1874 2671 1938 omnia

474 1980 747 2057 expetat
776 1977 846 2040 in
870 1977 1165 2044 editione
1187 1980 1538 2063 scriptoris
1557 1981 1929 2045 sexcenties
1951 1981 2262 2063 repetiti?
2307 1980 2513 2043 immo
2536 1979 2671 2042 uti-

473 2077 607 2163 lius
636 2079 856 2159 fuerit,
880 2081 1123 2164 eligere
1141 2103 1229 2146 ex
1246 2083 1569 2148 immensa
1596 2084 1819 2165 copia,
1851 2103 2005 2166 quae
2039 2083 2125 2148 ad
2155 2101 2286 2147 rem
2314 2082 2673 2164 plurimum

473 2179 750 2260 faciant,
782 2183 1034 2249 dilectu
1062 2185 1419 2268 prudenter
1446 2185 1775 2263 institut0‚
1805 2186 2104 2262 resectis,
2139 2202 2294 2267 quae
2335 2183 2677 2247 recentior

474 2289 641 2347 aetas
683 2287 1090 2369 repudiavit,
1125 2288 1404 2360 additis,
1440 2308 1592 2372 quae
1630 2290 1876 2353 rectius
1919 2307 2098 2351 nunc
2143 2287 2454 2371 exposita
2485 2293 2675 2363 Sunt,

476 2383 542 2446 in
601 2388 1069 2471 compendium
1121 2389 1422 2473 redigere
1467 2391 1801 2475 longiores
1850 2391 1933 2454 de
1987 2390 2315 2454 nonnullis
2357 2388 2532 2453 locis
2576 2389 2678 2451 vel

474 2490 673 2555 rebus
702 2490 1227 2576 disputationes,
1256 2500 1323 2558 et
1349 2495 1477 2559 ubi
1494 2494 1967 2570 sententiarum
1992 2493 2345 2559 diversitas
2390 2492 2672 2566 accidit,

477 2592 770 2671 omissiS,
796 2612 952 2677 quae
982 2595 1161 2659 falsa
1196 2604 1268 2661 et
1312 2597 1542 2681 inepta
1588 2597 1794 2661 etiam
1835 2595 2245 2661 doctissimis
2286 2594 2676 2658 hominibus

476 2694 813 2773 excidunt,
839 2717 1000 2761 vera
1021 2701 1450 2784 omniumque
1482 2701 1754 2783 punctis
1784 2702 2072 2785 probata
2100 2719 2184 2764 ea
2209 2697 2546 2763 brevitate
2566 2714 2679 2761 eo·

476 2803 607 2879 que
645 2798 875 2863 ordine
903 2799 1167 2879 referre,
1201 2803 1313 2885 qui
1346 2807 1503 2867 v'era
1523 2810 1590 2868 et
1617 2802 1934 2886 expedita
1963 2802 2418 2886 quaerentibus
2450 2807 2680 2883 prom-

475 2897 666 2962 tioris
700 2902 1118 2982 ,cognitionis
1164 2910 1231 2967 et
1268 2903 1593 2969 facilioris
1630 2905 1873 2987 judicii
1919 2906 2178 2988 copiam
2224 2903 2450 2966 faciat.
2545 2902 2677 2977 Ita,

477 3019 630 3064 cum
673 3019 1062 3085 persuasum
1092 3005 1432 3084 haberem,
1478 3007 1698 3070 minus
1729 3006 2000 3090 quidem
2030 3006 2540 3088 gloriolae,.quae
2586 3023 2677 3069 ex

434 3114 445 3124 ·
476 3103 775 3168 novitate
807 3107 1139 3188 quaeritur,
1188 3110 1483 3174 maxime
1527 3115 1746 3175 autem
1776 3107 2058 3174 utilitati
2083 3108 2366 3185 consuli,
2408 3117 2478 3173 et
2505 3109 2677 3171 hanc

479 3215 690 3269 unam*
741 3206 879 3273 fere
924 3211 1176 3274 nostris
1227 3211 1644 3294 temporibus
1671 3213 2052 3295 nostraeque
2100 3193 2322 3294 operae
2367 3209 2676 3274 relictam

478 3326 627 3370 esse
652 3309 948 3388 laudem,
991 3318 1062 3374 et
1100 3312 1323 3395 ipsam
1367 3319 1585 3377 tamen
1612 3313 1794 3378 haud
1822 3314 1966 3377 sine
1992 3314 2222 3379 labore
2250 3321 2322 3377 et
2350 3313 2694 3390 industria·

479 3412 997 3491 comparandam
1023 3433 1042 3492 ;
1088 3413 1174 3476 ad
1226 3415 1395 3478 huuc
1436 3414 1640 3479 finem
1669 3435 1902 3481 omnes
1930 3417 2110 3480 vires
2136 3434 2318 3479 meas
2349 3417 2680 3493 converti,

478 3518 550 3574 et
589 3510 996 3594 judicabunt
1039 3514 1352 3594 fortasse,
1402 3518 1523 3601 qui
1568 3518 1984 3601 diligentiore
2029 3520 2336 3582 examine
2376 3518 2682 3582 laborem

478 3632 699 3677 meum
726 3613 981 3697 dignati
1002 3616 1267 3699 fuerint,
1295 3626 1427 3684 non
1457 3621 1816 3687 festinante
1846 3623 2069 3702 animo
2092 3626 2292 3703 atque
2322 3620 2548 3684 studio
2570 3640 2680 3684 me

478 3715 549 3777 in
580 3734 661 3777 eo
692 3714 898 3781 fuisse
929 3726 1289 3798 versatum,
1336 3741 1556 3805 neque
1585 3724 1799 3787 aliena
1830 3722 2034 3786 modo
2074 3727 2479 3798 recantasse,
2527 3721 2681 3801 sed,

481 3815 596 3879 ubi
641 3821 1203 3901 acquiescendum
1248 3824 1450 3887 etiam
1494 3825 1564 3887 in
1621 3824 1993 3894 doctiorum
2037 3823 2369 3887 hominum
2413 3823 2682 3908 judicio

482 3924 687 4000 atque
715 3921 1115 3986 auctoritate
1141 3930 1343 4002 esset,
1371 3926 1665 4009 propriis
1685 3932 1902 3991 tamen
1928 3925 2144 3989 oculis
2164 3924 2439 4002 vidisSe,
2467 3944 2694 4009 neque

476 4017 598 4081 ulli
626 4018 970 4085 industriae
1018 4027 1430 4106 pepercisse,
1477 4047 1634 4110 quae
1679 4028 2066 4091 necessaria
2104 4026 2190 4091 ad
2220 4033 2492 4090 nostras
2520 4028 2681 4091 rati-

485 4138 649 4183 ones
695 4119 1049 4187 videretur.
1132 4124 1453 4195 Accessit
1496 4135 1717 4194 tamen
1754 4129 1913 4193 huic
1943 4130 2221 4193 editioni
2252 4129 2679 4194 commenda-

487 4220 586 4286 tio
624 4241 712 4285 ex
760 4222 1018 4304 eadem,
1050 4237 1262 4308 quam·
1297 4233 1931 4317 anteaupraedicavz
1961 4231 2105 4297 Cel.
2134 4229 2406 4296 Miilleri
2447 4231 2692 4296 huma-⁴
