3019 4922
542 394 672 459 364
1389 414 1452 459 c.
1501 410 1585 460 su
1602 410 1853 458 monn

547 574 764 632 suum,
791 554 986 638 cujus
1002 555 1392 639 μυροβρεχεῑς,
1412 562 1430 591 ¹
1451 562 1477 597 ⁸
1527 561 1603 616 ut
1633 554 1749 631 ait,
1779 558 1800 588 ‘
1821 531 2200 618 cincinnos'
2241 574 2719 638 usquequaque

547 658 980 739 persequitur,
1001 663 1067 721 et
1087 655 1410 721 imitando
1430 675 1546 738 per
1565 655 1796 738 jocum
1826 654 2098 720 irridet.¹¹
2145 657 2287 737 Sed
2305 678 2423 723 nec
2442 658 2718 721 Tiberio
2778 736 2785 743 ἢ

547 758 785 840 parcit,
809 766 875 823 et
905 760 1215 824 exoletas
1238 760 1565 823 interdum
1595 765 1664 823 et
1690 762 2063 825 reconditas
2094 744 2720 842 voces‘aucupanti.

550 860 649 922 M.
669 861 937 945 quidem
961 862 1321 927 Antonium
1346 871 1419 927 ut
1433 863 1740 928 insanum
1765 865 2089 946 increpat,
2110 864 2308 946 quasi
2331 881 2415 926 ea
2432 863 2722 926 scriben-

548 971 700 1034 tem,
722 985 874 1047 quae
895 966 1210 1029 mirentur
1228 967 1449 1048 potius
1468 966 1781 1042 homineS‚
1802 986 2003 1050 quam
2026 966 2408 1047 intelligant.
2457 963 2721 1028 Deinde

548 1062 789 1129 ludens
836 1067 1078 1130 malum
1099 1074 1123 1102 ²
1169 1074 1239 1130 et
1285 1067 1669 1132 inconstans
1711 1070 1780 1131 in
1819 1068 2123 1150 eligendo
2174 1086 2407 1150 genere
2457 1064 2727 1130 dicendi

546 1166 874 1246 ingenium
936 1170 1103 1252 ejus,
1167 1167 1352 1233 addit
1370 1178 1389 1216 ³
1433 1170 1620 1234 haec:
1700 1175 1718 1204 ‘
1736 1168 1979 1253 Tuque
2032 1170 2323 1244 dubitaS,
2375 1168 2724 1231 Cimberne

547 1266 896 1348 Annius,⁴i
925 1291 1011 1335 an
1040 1270 1374 1336 Veranius
1394 1279 1416 1318 ⁵
1452 1272 1740 1337 Flaccus
1764 1272 2069 1337 imitandi
2100 1274 2238 1337 sint
2265 1273 2437 1336 tibi'l
2484 1272 2585 1334 ita
2603 1267 2630 1308 ⁶
2653 1276 2727 1334 ut

1450 1466 1810 1488 macuto-‘e‘

550 1598 602 1646 H
608 1596 695 1646 uls.
717 1596 872 1645 habet
896 1598 1169 1659 exagitabat
1185 1598 1240 1647 in
1251 1601 1395 1663 prim.
1417 1606 1654 1650 noum—l
1682 1602 2008 1664 Myrobrechis
2027 1602 2240 1651 Memm.
2263 1600 2457 1652 Medic.
2480 1605 2530 1650 2.
2556 1601 2724 1650 Periz.

549 1662 683 1711 Edd.
709 1662 843 1709 Ven.
869 1670 932 1710 tr.
950 1664 1093 1712 Med.
1118 1665 1247 1713 Bon.
1278 1665 1443 1727 Lugd.
1468 1674 1523 1714 et
1548 1667 1613 1715 al.
1636 1666 1960 1716 mirrobrecms
1984 1668 2174 1716 Medic.
2198 1672 2244 1716 1.
2267 1670 2313 1714 3.
2331 1666 2487 1713 vind.
2510 1671 2561 1716 2.
2586 1667 2725 1714 miro-

548 1727 700 1774 bechis
736 1727 889 1775 vind.
930 1732 971 1777 l.
1007 1729 1316 1792 myrobrethis
1333 1730 1484 1778 Cart.
1507 1730 1638 1780 Edd.
1678 1732 1822 1779 Rom.
1874 1733 1999 1780 Tum
2032 1746 2215 1794 proseq.
2240 1730 2396 1779 vind.
2434 1735 2481 1778 1.
2513 1731 2725 1792 sequitur

549 1791 690 1841 Cort.
710 1791 886 1854 Camp.
906 1794 987 1840 sed
1007 1808 1066 1841 ne
1088 1792 1221 1841 Edd.
1244 1795 1391 1842 Rom.
1416 1795 1591 1844 Plant.
1613 1795 1848 1858 aliaeque,
1867 1799 2074 1858 pepercit
2097 1795 2257 1845 Vind.
2279 1799 2324 1843 l.
2376 1794 2507 1844 Item
2534 1801 2579 1843 el
2602 1803 2724 1845 ante

546 1858 668 1904 exal.
688 1856 835 1903 abest
860 1857 994 1905 Edd.
1028 1858 1203 1907 Graev.
1238 1859 1395 1906 Gron.
1434 1860 1616 1909 Pitisc.
1647 1861 1869 1908 Erue-2
1906 1862 1971 1910 Et
2003 1864 2176 1911 malum
2212 1861 2366 1909 Fouc.
2415 1860 2604 1909 Mallet
2626 1859 2725 1908 Ca·

546 1919 689 1968 saub.
713 1922 811 1968 lud.
834 1921 885 1969 in
906 1923 1017 1971 mal.
1067 1923 1191 1971 Mox
1214 1924 1390 1972 exulat
1411 1924 1652 1985 ingenium
1673 1940 1702 1973 a
1733 1925 1942 1973 Menum.
1963 1926 2156 1975 Medic.
2189 1929 2236 1974 3.
2291 1923 2354 1972 In
2376 1924 2531 1973 Vind.
2559 1929 2604 1972 1.
2628 1923 2728 1983 eius

546 1985 649 2045 ing.
685 1985 781 2035 Ed.
801 1985 1010 2034 Mediol.
1028 1987 1185 2035 habet
1202 1994 1249 2036 et
1271 1995 1387 2050 post
1402 1989 1694 2040 incensa—3
1719 1988 1804 2039 Ita
1819 1991 2027 2040 Momm.
2044 1990 2238 2040 Medic.
2257 1996 2384 2048 tres,
2402 1990 2557 2038 Huls.
2578 1989 2730 2040 Voss.

549 2063 794 2110 recepere
814 2048 954 2099 Oud.
979 2052 1097 2101 Ern.
1132 2053 1300 2113 Vulgo
1331 2054 1520 2115 legitur
1541 2056 1745 2104 addidit.
1792 2056 1930 2104 Dein
1948 2062 1999 2103 ta
2022 2070 2196 2118 quoque
2219 2053 2350 2102 Edd.
2375 2055 2521 2102 Rom.
2558 2052 2727 2116 Lugd-

543 2112 693 2163 Junt.
713 2112 931 2162 Aut-4
966 2115 1174 2164 Annoeus
1204 2119 1335 2166 Mss.
1366 2119 1517 2168 Torr.
1542 2128 1595 2168 et
1618 2119 1968 2182 Casuum-'ipso
1993 2120 2257 2183 probante.
2307 2118 2502 2167 Annaeus
2535 2118 2656 2166 Pal.
2681 2122 2729 2166 3.

545 2177 712 2225 Periz.
739 2178 969 2227 Harlem.
995 2180 1149 2231 Viud.
1191 2184 1237 2230 l.
1274 2183 1412 2231 Dun.
1448 2183 1581 2232 Edd.
1607 2185 1750 2233 Rom.
1776 2185 1910 2233 Ven.
1935 2192 2000 2233 tr.
2019 2184 2163 2233 Med.
2186 2183 2332 2233 Cald.
2355 2184 2486 2231 Bou.
2536 2181 2727 2231 Annius

546 2242 774 2303 reliqua».
810 2242 869 2290 In
889 2243 1002 2292 Pal.
1030 2248 1074 2292 1.
1094 2260 1155 2294 an
1177 2246 1363 2295 Annius
1384 2263 1465 2297 an.
1499 2248 1612 2296 Pal.
1636 2253 1684 2296 2.
1705 2263 1871 2298 annus.
1895 2251 2040 2298 Unus
2065 2249 2151 2298 lib.
2170 2249 2316 2297 Τοιϊ.
2335 2253 2607 2301 umens.—5
2628 2246 2729 2308 lta,

548 2307 627 2353 vel
670 2306 945 2362 Verannius,
970 2309 1018 2356 in
1052 2311 1182 2359 Mss.
1217 2311 1365 2361 Torr.
1409 2313 1632 2362 Casaub.
1667 2313 1779 2362 Pal.
1801 2318 1845 2362 l.
1867 2318 1915 2364 3.
1953 2323 2008 2364 et
2044 2312 2205 2364 codd.
2246 2311 2313 2361 Ο.
2349 2313 2486 2360 Oud.
2533 2319 2728 2374 pru’ter

548 2370 703 2419 vind.
724 2377 765 2420 1.
798 2371 883 2435 qui
916 2372 1165 2435 Varianus,
1200 2390 1315 2424 cum
1350 2378 1484 2425 Edd.
1520 2385 1639 2426 ante
1664 2378 1902 2427 Beroald.
1938 2394 1967 2428 e
2001 2379 2149 2441 cujus
2175 2378 2307 2440 conj.
2354 2377 2552 2427 Verrius
2583 2390 2724 2425 rece-

547 2450 669 2498 pere
694 2436 821 2486 Bon.
842 2436 992 2488 Junt.
1017 2436 1137 2490 Ald.
1157 2440 1337 2502 Stepb.
1360 2442 1481 2491 Bas.
1515 2442 1714 2506 Grypb.
1742 2450 1797 2492 et
1822 2444 1955 2502 aliae,
1983 2445 2249 2506 probante
2281 2442 2402 2491 Ern.
2452 2441 2515 2491 In
2537 2442 2656 2491 Pal.
2678 2445 2724 2491 l.

545 2515 852 2551 annueramus
874 2503 950 2551 Fl.
977 2504 1089 2566 an.
1126 2506 1321 2555 Anneus
1352 2522 1413 2555 an
1454 2508 1660 2557 Ver-ann.
1710 2508 1896 2557 Placet
1930 2509 2148 2558 Casaub.
2184 2508 2414 2567 Grauius,
2445 2515 2500 2556 et
2537 2521 2631 2569 pro
2664 2521 2726 2553 em

547 2567 807 2615 scribend.
872 2573 954 2615 aut
1011 2578 1223 2619 censent
1278 2571 1431 2620 Wolf.
1486 2580 1541 2621 et
1597 2573 1911 2633 Baumg.—6
1973 2574 2142 2636 Itaque
2201 2572 2429 2620 Harlein.
2482 2572 2555 2620 ita
2608 2573 2729 2633 quod

546 2630 678 2680 Edd.
714 2633 843 2683 Ven.
875 2633 1018 2683 Med.
1056 2635 1202 2685 Cald.
1237 2635 1350 2685 item
1388 2641 1441 2685 ut
1480 2653 1524 2686 v.
1563 2637 1676 2701 Cuj.
1730 2638 1858 2686 Mox
1897 2639 1950 2687 in
1986 2637 2139 2687 vind.
2178 2646 2394 2701 utroque
2429 2649 2726 2701 praenomen

1529 2801 1747 2851 NOTAE

546 2915 600 2955 et
636 2907 858 2971 illepidae
893 2911 1060 2961 verbis
1098 2913 1191 2970 uti,
1223 2930 1316 2978 par
1345 2915 1593 2965 delictum

547 2991 643 3038 est,
664 2985 832 3048 inquit
855 2987 987 3035 idem
1009 2988 1207 3037 Gellius
1231 2991 1371 3039 alibi.

608 3068 633 3101 8
668 3064 1016 3125 Μυροβρεχεΐς]
1050 3064 1168 3113 Hoc
1201 3074 1299 3129 est,
1340 3068 1598 3128 unguentis

543 3134 807 3192 delibutum
842 3141 1002 3187 verba
1035 3148 1160 3188 sunt
1190 3139 1443 3211 Augusti:
1500 3158 1594 3191 sae-

546 3209 660 3271 pius
704 3213 840 3261 euim
879 3215 953 3263 ita
994 3216 1242 3278 loquitur,
1273 3225 1332 3267 ut
1369 3220 1596 3268 sermoni

546 3300 638 3334 suo
666 3289 967 3339 vocabulum
995 3299 1086 3340 aut
1110 3292 1329 3355 phrasim
1353 3295 1596 3345 Graecam

544 3363 839 3428 interserat,
864 3375 920 3416 ut
942 3374 1086 3431 patet
1110 3383 1177 3418 ex
1199 3370 1309 3433 ejus
1332 3372 1498 3421 literis
1523 3374 1599 3421 in·

544 3440 622 3489 fra
654 3441 705 3490 in
731 3442 912 3494 Claud.
933 3459 980 3492 c.
1011 3448 1060 3492 ⁴.
1086 3448 1184 3495 ἀρ.
1255 3446 1454 3497 Quibus
1484 3463 1596 3496 ver-

545 3515 621 3565 bis
644 3514 916 3566 affectatas
939 3525 993 3568 et
1024 3534 1183 3570 novas
1214 3522 1268 3569 in
1297 3524 1596 3574 Maecenate

544 3592 784 3656 loquendi
813 3594 1039 3644 rationes
1075 3598 1262 3661 arguit,
1294 3599 1428 3662 quod
1470 3600 1598 3648 mol·

540 3670 721 3718 liorem
747 3679 799 3719 et
832 3672 955 3721 luxu
985 3671 1301 3722 diffluentem
1327 3675 1488 3724 virum
1512 3676 1593 3725 hae

543 3747 852 3795 redolerent.
915 3747 1145 3810 Operum
1170 3750 1281 3812 ejus
1302 3748 1593 3812 fragmenta

540 3821 776 3885 quaedam
796 3821 960 3873 refert
993 3825 1192 3874 Seneca
1220 3826 1441 3889 epistola
1479 3833 1592 3881 114.

542 3909 593 3948 et
627 3900 793 3960 ridet3
826 3908 881 3950 et
905 3901 969 3950 de
994 3916 1055 3950 eo
1077 3902 1228 3964 epist.
1266 3908 1344 3953 19.
1404 3906 1596 3970 ‘lnge-

544 3977 714 4024 niosus
742 3978 815 4024 vir
837 3978 923 4026 ille
944 3977 1044 4027 fuit
1079 3987 1136 4028 et
1166 3994 1399 4043 magnum
1422 3997 1593 4032 exem·

545 4053 683 4111 plum
725 4052 972 4101 Romanas
1008 4056 1316 4118 eloquentiae
1360 4057 1592 4113 daturus,

546 4127 643 4174 nisi
670 4127 811 4175 illum
837 4139 1139 4180 enervasset
1162 4131 1423 4184 felicitas.'

608 4199 630 4232 ¹²
655 4202 719 4248 Et
739 4201 967 4249 imitando
984 4206 1233 4267 per-jocum
1250 4208 1445 4271 irridet]
1469 4211 1595 4259 Sen-

543 4292 626 4327 sus
663 4284 760 4338 est,
780 4275 1067 4340 Augustum
1099 4285 1404 4351 quandoque
1429 4287 1594 4338 literis

1675 2931 1790 2965 cum
1847 2916 2137 2965 Maecenate
2175 2915 2425 2979 jocatum,
2474 2912 2727 2963 imitando

1675 2993 1788 3055 ejus
1815 2994 1865 3040 in
1894 2991 2168 3041 scribendo
2206 2991 2351 3056 quasi
2382 2990 2649 3038 mollitiem
2673 2995 2728 3036 et

1675 3067 1976 3129 κακοζηλία.
2010 3069 2207 3118 Harum
2235 3067 2569 3130 epistolarum
2592 3065 2731 3126 frag-

1674 3152 1904 3193 mentum
1930 3153 2076 3195 extat
2109 3145 2242 3208 apud
2280 3143 2607 3192 Macrobium
2643 3143 2728 3191 lib.

1677 3236 1740 3271 n.
1762 3238 1809 3272 c.
1830 3227 1879 3272 ⁴.
1915 3238 2015 3288 quo
2038 3224 2162 3272 loco·
2184 3222 2249 3282 de
2279 3222 2499 3284 Augusti
2523 3221 2576 3269 in
2600 3221 2728 3269 alios

1667 3298 1823 3362 jocis,
1861 3307 1916 3349 et
1956 3301 2170 3349 aliorum
2214 3299 2435 3348 vicissim
2473 3299 2524 3348 in
2562 3298 2728 3359 ipsum

1674 3376 1891 3439 loquens
1914 3377 2019 3425 ait:
2060 3377 2076 3403 ‘
2095 3375 2157 3424 In
2192 3377 2411 3438 epistola
2435 3375 2501 3425 ad
2535 3375 2728 3424 Μακε-

1673 3459 1848 3499 uatem
1873 3450 2107 3499 familiari
2133 3452 2306 3511 plures
2328 3451 2379 3498 in
2396 3451 2546 3514 jocos
2564 3448 2731 3499 effusa

1673 3528 1955 3588 subtexuit,
1970 3528 2084 3575 vale
2100 3528 2201 3576 mel
2220 3529 2466 3589 gentium,
2491 3528 2730 3587 melcule,

1673 3603 1804 3652 ebur
1847 3619 1912 3653 ex
1956 3603 2221 3667 Hetruria‚
2263 3605 2396 3652 laser
2438 3601 2730 3663 Aretinum,

1675 3681 1879 3729 adamas
1911 3695 2174 3742 supernas,
2204 3680 2499 3728 Tiberinum
2535 3694 2731 3742 marga-

1661 3756 1846 3813 ritum,
1891 3756 2169 3805 Cilniorum
2202 3754 2515 3818 smaragde,
2561 3756 2727 3817 jaspis

1670 3831 1959 3894 figulorum,
1982 3833 2176 3894 berylle
2195 3832 2490 3889 Porsennae,
2514 3832 2730 3882 carbun-

1677 3909 1846 3958 culum
1871 3907 2076 3957 Italia»)

1738 3984 1753 4017 ¹
1789 3985 2036 4033 Cimberne
2077 3983 2290 4047 Annius]
2346 3985 2408 4035 In
2455 3986 2622 4035 tribus
2661 4000 2725 4035 ex

1676 4061 1779 4110 suis
1800 4061 1944 4111 libris
1964 4061 2261 4110 Torrentius
2279 4062 2405 4124 legit
2417 4063 2646 4117 Amas,
2658 4063 2724 4111 de

1673 4152 1776 4201 quo
1800 4138 1990 4200 legisse
2025 4151 2080 4185 se
2114 4139 2387 4200 quicquam
2424 4153 2528 4186 non
2553 4138 2723 4186 memi-

1674 4212 1768 4261 nit.
1818 4212 2147 4262 casaubonus
2171 4212 2432 4261 existimat
2455 4213 2563 4275 ejus
2590 4226 2724 4261 men·

1678 4290 1868 4338 tionem
1914 4287 2028 4339 fieri
2066 4303 2097 4338 a
2131 4288 2471 4353 Quintiliano,
2511 4295 2568 4338 et
2606 4287 2721 4351 Epi·
