3019 4922
2406 385 2536 452 103

330 541 400 605 in
445 527 693 623 primis
748 536 986 602 Martis
1036 531 1377 622 templum,
1424 542 1743 624 quantum
1791 561 2119 627 nusquam
2165 550 2367 623 esset,
2416 566 2535 624 ex-

331 649 619 722 struere,
650 639 909 726 repleto
954 647 1021 706 et
1047 639 1490 726 'complanato
1539 644 1720 721 lacu,
1765 643 1831 707 in
1885 664 2018 729 quo
2064 647 2480 714 naumachiae
2506 659 2534 685 ¹²

330 745 797 832 spectaculum
825 743 1150 822 ediderat,
1169 745 1624 831 theatrumque
1653 765 1930 814 summae
1961 750 2488 831 magnitudinis}
2508 760 2534 787 '

329 848 636 934 Tarpeio
657 854 696 881 W
741 848 951 911 monti
983 848 1324 912 accubans
1353 869 1369 914 ε
1406 848 1525 933 jus
1569 851 1829 916 civile*
1868 849 1955 914 ad
1987 857 2234 916 eertum
2263 854 2533 921 modum

326 952 661 1035 redigere,
682 956 887 1032 atque
919 969 1009 1013 ex
1037 949 1358 1015 immensa
1381 950 1756 1035 diffusaque
1778 951 2000 1034 legum
2029 953 2253 1037 copia,
2279 957 2532 1038 optima

327 1073 626 1137 quaeque
672 1060 741 1115 et
783 1052 1167 1116 necessaria
1195 1051 1261 1116 in
1295 1053 1741 1135 paucissimos
1786 1054 2078 1119 conferre
2130 1056 2382 1123 libros:
2430 1059 2532 1124 bi-

328 1156 719 1221 bliothecas
750 1154 1027 1219 Graecas
1059 1162 1128 1219 et
1157 1155 1485 1234 LatinaS‚⁵
1520 1176 1686 1241 quas
1715 1158 2045 1221 maximas
2075 1165 2330 1242 posset,
2361 1147 2531 1246 pub·-

326 1260 600 1335 nearest
635 1256 794 1322 data
823 1256 920 1321 M.
949 1255 1279 1322 Varroni²
1311 1277 1468 1323 cura
1498 1259 2086 1342 comparandarum
2121 1281 2201 1325 ac
2234 1262 2529 1346 digeren-

1218 391 1226 398 ’
1295 394 1590 445 sumus·

390 1461 734 1510 Praesertim
756 1462 990 1527 ‹edific-are
1001 1464 1148 1510 aedem
1171 1460 1351 1510 Martis
1371 1464 1505 1509 tanta
1529 1461 1855 1521 magnitudine
1874 1469 2049 1526 quanta
2065 1464 2231 1513 nullibi
2239 1462 2527 1527 foret,post-

328 1539 466 1588 quam
486 1527 769 1591 replevisset
787 1532 835 1577 et
852 1532 1142 1591 exoequasset
1163 1528 1260 1576 solo
1279 1528 1448 1588 lacum,
1467 1525 1519 1574 in
1539 1541 1630 1588 quo
1649 1526 1923 1578 exhibuerat
1941 1542 2148 1592 pugnam
2170 1530 2397 1579 navalem.

1247 1704 1611 1728 OOOOO‘OOOOOO

328 1841 358 1883 5
393 1838 488 1885 Gr.
523 1838 815 1902 Latinasque
850 1838 995 1889 Med.
1034 1839 1155 1899 dno,
1190 1841 1304 1890 Pal.
1346 1847 1392 1891 1.
1427 1846 1474 1893 2.
1520 1843 1640 1893 Pin.
1660 1843 1810 1891 Voss.
1834 1843 1992 1890 Fouc.
2017 1841 2163 1889 Cort.
2203 1838 2337 1888 Edd.
2375 1839 2525 1888 Rom.

330 1901 559 1968 Corrigit
591 1902 752 1954 Grut.
772 1918 888 1955 cum
909 1905 1024 1955 aliis
1050 1906 1271 1956 Groecam
1306 1906 1634 1972 Latinumque.
1700 1907 1842 1958 Dein
1861 1920 2000 1970 quam
2020 1904 2250 1955 nuiaeimus
2276 1905 2355 1954 vel
2377 1918 2525 1967 quan-

1319 2087 1538 2138 No'rAE

1469 2204 1702 2267 potuerit
1718 2198 2022 2263 excogita-ri.
2074 2200 2144 2248 Et
2164 2211 2289 2246 sane
2313 2196 2531 2250 cuilibet

1467 2280 1580 2329 viro
1617 2280 1761 2330 bonae
1803 2276 1990 2327 mentis
2028 2274 2179 2323 valde
2214 2279 2395 2321 natura
2432 2286 2524 2321 sua

391 2206 415 2231 ¹¹
439 2198 774 2263 Naumachioe]
804 2201 884 2250 De
907 2218 1008 2267 qna
1028 2217 1184 2268 supra
1205 2219 1251 2254 c.
1275 2208 1355 2254 39.

389 2281 412 2306 v
449 2276 794 2340 Theatrumque
814 2292 1006 2336 sumrnoe
1026 2281 1391 2345 magnitudinis]

329 2350 446 2408 Huc
469 2352 607 2401 enim
631 2367 793 2417 nsque
817 2368 917 2403 non
941 2356 1032 2405 nisi
1060 2363 1389 2418 temporanea

327 2424 541 2488 fuerant
563 2431 836 2494 quotannis
860 2446 889 2481 e
914 2431 1053 2495 ligno
1076 2433 1187 2482 fieri
1220 2433 1386 2496 solita,

327 2514 386 2556 ut
430 2515 580 2557 notat
616 2522 680 2557 ex
717 2509 806 2558 lib.
832 2524 881 2560 v.
920 2507 1144 2560 vitruvii
1184 2512 1387 2574 Lipsius

329 2582 685 2646 Amphitheat.
706 2599 754 2634 c.
772 2590 821 2635 5.
856 2592 912 2634 et
945 2586 1207 2649 colligitur
1228 2587 1383 2649 etiam

328 2674 395 2717 ex
430 2661 589 2711 Dion.
623 2661 718 2710 lib.
742 2675 967 2712 xxxvii.
1007 2671 1061 2712 et
1102 2663 1190 2712 lib.
1225 2677 1384 2714 xmu-

328 2752 430 2801 quo
454 2745 719 2802 postremo
744 2737 908 2788 refert
928 2747 1195 2791 exstructa
1218 2756 1249 2789 a
1272 2741 1383 2791 Cae·

327 2827 443 2867 sare
479 2815 532 2864 in
573 2828 756 2877 campo
795 2815 991 2871 Martio
1027 2817 1285 2876 theatrum
1330 2827 1386 2867 et

329 2891 763 2955 amphitheatrum
798 2892 996 2942 inventi
1020 2894 1228 2958 quidem
1266 2896 1384 2945 novi

327 2967 505 3030 fuisse,
527 2969 618 3018 sed
641 2969 825 3033 lignea.

393 3052 426 3077 ''
466 3045 685 3109 Tarpeio]
724 3045 866 3094 Unus
890 3051 970 3093 est
1001 3059 1032 3094 e
1054 3052 1257 3110 septem
1284 3048 1385 3099 Ro·

329 3123 493 3173 manis
533 3123 812 3183 montibus,
838 3123 926 3186 qui
964 3129 1019 3172 et
1058 3123 1385 3187 Capitolinus

329 3213 357 3257 a
373 3199 634 3263 Capitolio
651 3199 819 3249 dictus
832 3205 930 3249 est·
945 3199 1221 3249 Theatrum
1243 3210 1388 3264 post·

330 3289 394 3324 ea
417 3276 654 3326 Marcelli
678 3275 881 3327 nomine
905 3275 1165 3327 exstruxit
1188 3276 1387 3342 Angus-

334 3360 416 3399 tus
439 3367 484 3401 c.
508 3356 586 3401 29.
609 3352 659 3400 in
683 3350 821 3414 Aug.

394 3436 420 3461 ¹
453 3429 548 3476 δυσ
562 3428 722 3492 civile]
759 3427 820 3476 Id
844 3440 1050 3492 quoque
1073 3433 1330 3479 tentatum
1356 3445 1387 3479 a

333 3507 582 3563 Cicerone
599 3507 745 3558 testis
765 3516 847 3556 est
864 3507 1063 3557 Gellius
1082 3507 1173 3556 lib.
1187 3521 1226 3556 ι.
1244 3512 1386 3557 c.22.

332 3583 417 3631 ubi
442 3582 730 3647 fragmenta
746 3581 982 3646 quaedam
998 3597 1061 3631 ex
1080 3581 1215 3635 illius
1234 3583 1382 3648 libro,

334 3661 420 3722 qni
456 3661 731 3723 inscriptus
769 3667 850 3708 est
886 3661 901 3686 ‘
927 3658 990 3707 de
1014 3660 1138 3721 jure
1159 3659 1299 3709 civili
1330 3661 1383 3709 in

333 3742 493 3785 artem
527 3734 854 3797 redigendo?
897 3735 1110 3785 adducit
1146 3735 1200 3785 iu
1240 3736 1384 3786 testi-

332 3812 569 3870 monium.
634 3810 738 3869 Sed
773 3818 874 3859 tam
918 3813 1219 3860 immensum
1252 3826 1383 3875 opus

332 3885 537 3941 taudem
562 3884 789 3935 feliciter
811 3886 1110 3949 adimplevit
1134 3887 1382 3938 Justinia·

332 3976 444 4019 nus,
475 3968 531 4012 et
565 3963 771 4027 quidem
815 3963 1062 4026 singulari
1097 3963 1378 4019 industria.

335 4045 478 4088 tanta
515 4039 777 4095 estrenim
815 4037 1099 4101 titulorum,
1140 4040 1227 4104 qui
1271 4047 1383 4092 toto

326 4113 441 4174 jure
471 4113 611 4163 civili
645 4113 994 4177 continentur,
1026 4114 1164 4165 inter
1185 4130 1239 4165 se
1262 4132 1383 4167 cou-

337 4189 503 4252 nexio,
524 4196 582 4248 ut
604 4204 725 4238 suus
746 4189 813 4238 sit
842 4188 1053 4252 singulis
1085 4191 1250 4254 loeus,
1267 4250 1270 4251 ⁷
1285 4207 1381 4243 nec

342 4262 507 4326 aptior
547 4265 627 4313 vel
663 4279 693 4314 a
724 4263 1037 4328 peritissimo
1061 4281 1384 4332 quocumque

1466 2358 1749 2406 malevolus
1786 2353 2047 2404 videbitur
2082 2351 2187 2414 ille,
2221 2350 2305 2415 qui
2341 2349 2404 2400 de
2428 2348 2522 2399 Ju-

1466 2432 1817 2497 risprudentia
1849 2432 2102 2491 Romana,
2133 2435 2238 2478 tam
2270 2426 2432 2476 nitide
2468 2427 2522 2476 in
2585 2475 2589 2493 ,

1468 2511 1704 2560 ordinem
1749 2510 1984 2570 redacta,
2031 2516 2085 2557 et
2134 2506 2432 2571 petulanter
2465 2511 2521 2554 et

1465 2586 1704 2651 improbe
1724 2585 2029 2635 detraxerit.
2075 2581 2377 2633 Praesertim
2397 2594 2522 2631 vero

1466 2672 1738 2728 postquam
1769 2660 2016 2711 Ludovici
2051 2659 2230 2721 Magni
2265 2657 2523 2721 sapientia

1465 2739 1780 2800 incredibili,
1803 2753 1863 2789 ac
1899 2750 2047 2800 paeue
2080 2736 2254 2785 divina
2277 2733 2525 2797 contigit,

1465 2826 1523 2867 nt
1539 2822 1867 2881 promovente
1881 2810 2143 2862 Miclraele
2153 2810 2376 2860 Tellerio
2387 2808 2521 2858 Carr-

1464 2895 1675 2945 cellario
1697 2889 2042 2957 superillustri
2060 2884 2375 2953 studiajuris
2395 2887 2519 2936 civi-

1446 2965 1528 3020 'lis
1553 2971 1641 3020 diu
1661 2969 1831 3034 sopita
1854 2982 1947 3032 per
1963 2969 2227 3015 universas
2246 2963 2439 3019 Gallias
2462 2962 2520 3011 in

1465 3047 1735 3111 pristinum
1755 3042 2079 3109 splendorem
2102 3041 2521 3091 restituerentur.

1462 3123 1619 3174 Tanti
1655 3135 1838 3185 nempe
1871 3118 2116 3170 momenti
2150 3117 2410 3181 negotium
2447 3114 2520 3165 11-

1462 3199 1780 3250 lustrissimis
1802 3198 1958 3260 Togae
1983 3193 2300 3258 proceribus,
2322 3190 2519 3240 comiti-

1464 3277 1558 3327 bus
1580 3273 1962 3325 consistorianis
1999 3270 2262 3329 Ludovico
2285 3268 2518 3318 Bouche-

1464 3350 1852 3417 ratio‚Claudio
1864 3347 2076 3398 Basinio
2089 3344 2354 3405 Besontio‚
2373 3343 2521 3393 Clau-

1462 3430 1550 3479 dio
1571 3428 1862 3488 Peleterio,
1898 3431 1952 3474 et
1986 3424 2306 3486 Hieronymo
2331 3423 2520 3484 Bigno·

1459 3507 1565 3567 nio,
1590 3522 1619 3555 a
1648 3506 1795 3567 Rege
1818 3499 2194 3565 sapientissimo
2217 3498 2516 3547 nominatim

1462 3582 1761 3632 mandatum
1804 3586 1886 3627 est
1921 3575 2311 3625 conficiendum.
2377 3574 2517 3623 Quo·

1466 3675 1580 3711 rum
1617 3655 1838 3707 omnium
1893 3651 2151 3701 solertiam
2191 3656 2248 3696 et
2291 3647 2517 3711 pruden-

1464 3735 1590 3785 tiam
1615 3731 1851 3782 eximium
1878 3725 2180 3791 praescripta
2211 3723 2420 3786 singulis
2442 3732 2520 3772 to·-
2536 3734 2539 3735 ’

1466 3811 1567 3861 tius
1613 3807 1758 3871 regni
1799 3798 2086 3852 Academiis
2110 3798 2258 3862 juris
2300 3799 2518 3852 Romani

1464 3888 1672 3953 publice
1690 3878 1910 3931 docendi
1935 3876 2096 3926 forma
2115 3874 2520 3925 cumulatissime

1462 3957 1848 4019 demonstravit.

1526 4047 1548 4082 5
1581 4031 1856 4096 Publium]
1889 4028 2107 4079 Publice
2143 4027 2380 4081 utendas
2399 4041 2520 4090 per-

1462 4117 1691 4167 mittere.

1525 4191 1658 4239 ’.Μ
1689 4183 1915 4248 Varroni]
1954 4181 2172 4247 1111,qu1
2195 4177 2517 4230 doctissimus

1464 4273 1789 4333 togatorum
1777 4261 1983 4313 habitus
2007 4265 2104 4309 est
