3019 4922
460 346 549 412 88

1322 363 1383 409 Ο.
1431 359 1790 410 Suss'roNn

462 509 720 593 pedites
762 508 1063 591 singulos
1097 528 1293 592 super
1319 509 1481 574 bina
1512 509 1842 587 sestertia,
1889 526 2045 600 quae
2078 497 2271 571 initio
2303 501 2523 572 civilis
2556 511 2654 571 tu-

460 612 709 677 multus
738 619 1251 691 numeraverim·
1278 615 1517 678 vicena
1549 613 1767 677 millia
1794 631 2137 676 nummum
2172 610 2403 675 dedita·
2427 615 2478 648 ¹0
2531 610 2656 677 As-

528 810 551 836 z
584 805 921 856 Manubiarum
963 809 1062 856 loco
1096 806 1302 868 largitus
1340 811 1412 854 est
1447 803 1696 868 unicuique
1724 805 1878 868 pediti
1904 810 2235 856 veteranarum
2264 802 2500 867 legionum
2524 802 2653 876 plus-

462 883 600 932 quam
620 873 712 920 duo
736 872 885 921 millia
903 873 1237 927 sestertiorum,
1260 871 1477 935 quaejam
1498 873 1694 920 dederat
1711 870 1808 920 illis
1842 872 2097 935 incipiente
2132 872 2250 921 bello
2285 870 2438 934 civili,
2456 867 2660 930 singulis

459 935 697 998 equitibus
717 938 880 988 vicena
902 943 1128 1002 quaterna
1148 939 1299 986 millia
1318 937 1657 987 sestertiorum.

1385 1081 1592 1099 00000

1597 1079 1745 1100 00000

461 1181 576 1239 bus,
599 1182 770 1232 Periz.
797 1183 1028 1234 Har-lem.
1050 1185 1207 1234 Fouc.
1237 1189 1294 1231 et
1329 1182 1464 1231 Edd.
1485 1181 1888 1245 quamplurimis.
1954 1182 2083 1230 Mox
2107 1181 2322 1230 damnat
2341 1179 2482 1229 Oud.
2522 1179 2661 1228 Box-

462 1247 629 1295 hornii
657 1248 911 1310 judicium
944 1254 1184 1300 notantem
1217 1248 1430 1297 rescribi
1452 1248 1834 1312 jubentis.—10
1870 1246 2038 1310 Vulgo
2061 1247 2135 1296 sic
2161 1247 2381 1309 legitur:
2417 1245 2466 1294 in
2493 1246 2600 1308 ped.
2623 1259 2663 1294 s.

460 1326 564 1375 sup.
588 1314 631 1363 b.
653 1328 692 1361 s.
717 1330 763 1377 q.v
785 1314 820 1364 i.
839 1330 879 1364 c.
906 1319 943 1363 t.
968 1330 1015 1362 n.
1035 1316 1087 1365 in
1113 1315 1292 1379 equites
1312 1315 1473 1364 vicena
1496 1319 1724 1376 quaterno
1753 1314 1870 1362 mill.
1904 1328 1952 1361 n.
1979 1316 2028 1361 d.
2059 1312 2192 1377 quod
2219 1317 2663 1374 corruptum-esse

465 1391 644 1428 omnes
667 1380 897 1443 interpp.
922 1389 1228 1442 agnoscunt.
1267 1380 1414 1431 Glar.
1435 1381 1623 1429 iterata
1640 1394 1764 1428 voce
1787 1395 1901 1436 una,
1918 1379 2047 1441 legit
2068 1382 2394 1427 numerat-erat
2416 1381 2667 1439 quaterna,

464 1443 520 1491 in
538 1458 610 1506 eq.
635 1445 727 1494 vie.
752 1452 881 1509 quat.
905 1447 1019 1497 mitt.
1042 1447 1132 1495 sed
1157 1448 1301 1495 Torr.
1331 1460 1431 1495 non
1458 1448 1652 1510 placet,
1674 1445 1758 1509 qui
1787 1447 1896 1493 vult
1921 1445 2001 1492 vel
2025 1452 2255 1507 quaterna
2276 1444 2438 1492 semel
2464 1450 2663 1491 tautum

463 1519 583 1620 post
607 1526 849 1561 numerav.
875 1512 1165 1575 legendum,
1192 1513 1273 1561 vel
1298 1518 1461 1562 totum
1497 1511 1622 1559 illud
1656 1516 1783 1574 quat.
1813 1511 1930 1559 mill·
1949 1524 2077 1561 ntem.
2113 1508 2476 1558 omittendum.
2546 1508 2665 1556 Non
2746 1551 2749 1556 f

484 1574 663 1624 tabent
698 1591 851 1625 voces
886 1577 937 1626 in
970 1579 1148 1641 equites
1181 1578 1396 1628 Memm.
1421 1577 1590 1625 Vatic.
1624 1575 1824 1626 Viterb.
1866 1573 2087 1633 Pithoei.
2114 1576 2224 1624 Pal.
2263 1578 2312 1624 1.
2353 1577 2402 1622 2.
2434 1571 2579 1621 Med.
2617 1576 2664 1622 1.

468 1638 614 1688 Cort.
637 1656 751 1690 cum
776 1642 940 1704 editis
958 1644 1208 1706 plurimis,
1233 1658 1327 1693 nec
1349 1648 1577 1707 quaterna
1600 1642 1978 1703 Groslo'tianus,
2006 1640 2128 1690 Lisl.
2151 1637 2495 1716 cujum-Edd.
2522 1638 2665 1687 Rom.

465 1704 599 1753 Bon.
664 1707 765 1756 Sed
802 1723 917 1757 cum
952 1709 1178 1759 retinent
1215 1711 1365 1774 plura
1397 1708 1732 1772 exemplaria,
1756 1706 1974 1763 Casaub.
2000 1706 2118 1755 iude
2152 1705 2378 1768 conjecit
2402 1718 2478 1753 stc
2517 1702 2667 1752 refin-

466 1773 691 1831 gendum
727 1774 919 1834 locum,
942 1774 995 1823 in
1023 1778 1128 1838 ped.
1151 1775 1275 1837 sing.
1300 1774 1365 1839 (s.
1383 1774 1428 1823 b.
1452 1790 1493 1823 s.
1519 1790 1564 1836 q.
1588 1773 1624 1823 i.
1659 1789 1700 1823 c.
1725 1778 1767 1823 t.
1790 1771 1866 1837 n.)
1887 1773 2067 1834 vicena,
2085 1772 2134 1820 in
2158 1772 2337 1835 equites
2357 1772 2663 1847 quadragena

464 1836 585 1884 mill.
605 1852 731 1886 num.
766 1841 871 1888 ‹led-
908 1839 1074 1890 Scriv.
1096 1849 1267 1890 autem
1304 1842 1396 1900 ita,
1416 1841 1468 1889 in
1490 1841 1703 1902 singulos
1723 1854 1866 1900 super·
1896 1839 1939 1888 b.
1961 1853 2000 1887 s.
2023 1854 2069 1901 q.
2092 1838 2126 1888 i.
2159 1853 2201 1887 c.
2224 1842 2262 1887 t.
2282 1852 2329 1885 n.
2359 1848 2453 1911 otc.
2474 1836 2593 1883 mili.
2615 1849 2665 1883 u.

464 1900 514 1948 d·
573 1904 698 1953 Ern.
734 1920 795 1953 ac
828 1905 945 1967 Bip.
980 1906 1177 1955 omissis
1205 1906 1372 1956 verbis
1406 1905 1457 1955 in
1487 1909 1595 1969 ped.
1629 1912 1866 1954 statuunt
1896 1909 2125 1967 quaterna
2157 1911 2280 1951 ante
2314 1902 2435 1950 mnu.
2471 1912 2663 1977 ponen-

468 1963 610 2029 dum,
643 1970 734 2017 sed
773 1971 1085 2021 auctoritate
1120 1972 1297 2022 Graev.
1332 1971 1471 2020 Oud.
1504 1972 1647 2034 Lips.
1682 1972 1934 2019 Bernecc.
1976 1970 2138 2019 Gron.
2175 1969 2350 2016 Burm.
2383 1974 2438 2015 et
2480 1966 2663 2014 Patisc.

469 2032 781 2095 eJiciendum
817 2049 931 2085 esse
968 2043 1025 2086 ut
1059 2038 1313 2101 ineptum,
1335 2044 1390 2086 et
1418 2038 1470 2085 in
1488 2038 1598 2100 ped.
1619 2037 1732 2102 (ubi
1771 2038 1928 2085 Fouc.
1964 2034 2108 2083 addit
2151 2031 2430 2094 Romanos‚)
2462 2038 2521 2081 et
2538 2036 2666 2094 quot.

1443 2198 1679 2273 ,NOTAE

468 2295 745 2356 Sabellum,
762 2297 848 2358 qui
867 2297 1008 2345 illum
1024 2297 1251 2361 aggressi
1274 2311 1372 2346 non
1394 2306 1533 2360 sunt,

468 2372 696 2421 unanimi
734 2388 988 2423 consensu
1025 2374 1269 2425 fatentur.
1337 2375 1529 2425 Casan·

468 2448 631 2501 bouus
667 2451 719 2500 in
742 2451 1000 2503 Vaticano
1032 2463 1085 2502 et
1118 2454 1309 2504 Pithoei
1336 2453 1529 2504 codici-

466 2527 564 2577 bus
596 2518 686 2577 h‘as
720 2543 887 2590 voces,
914 2530 965 2578 in
988 2530 1184 2594 equites,
1208 2539 1262 2580 et
1283 2536 1530 2595 quatema,

468 2617 571 2657 uon
593 2606 740 2668 legit,
760 2606 812 2654 in
837 2607 1153 2657 Viterbiensi
1172 2616 1227 2657 et
1257 2609 1528 2658 Memmia-

469 2695 535 2730 no
588 2683 713 2731 duas
764 2691 963 2733 tantum
1013 2685 1230 2749 priores,
1275 2687 1325 2735 in
1371 2685 1528 2736 Gros-

467 2759 667 2809 Iotiano
719 2760 1051 2824 posteriorem
1078 2778 1094 2823 3
1150 2775 1249 2826 quo
1312 2770 1528 2827 recepto

468 2836 653 2888 fieret:
680 2839 915 2888 veteranis
944 2841 1208 2902 legionibus
1231 2844 1409 2903 praedoe
1443 2857 1527 2890 no·

466 2913 612 2975 mine,
656 2915 707 2962 in
749 2917 932 2977 pedites
968 2917 1200 2978 singulos,
1234 2932 1377 2980 super
1416 2918 1528 2967 bina

465 2991 706 3051 sestertia,
728 3007 832 3055 quoe
853 2991 997 3041 initio
1014 2993 1170 3041 civilis
1191 2996 1421 3044 tumultus
1439 3011 1527 3045 nu-

468 3073 753 3129 meraverat,
774 3068 936 3117 vicena
957 3071 1105 3119 millia
1125 3086 1360 3121 nummum
1380 3072 1529 3122 dedit.

466 3141 572 3191 Sed
620 3144 737 3207 quia
790 3145 842 3193 iu
891 3147 1254 3211 antiquissimis
1295 3149 1531 3198 Suetonii

466 3217 733 3266 (iudicibus
766 3220 1101 3282 reperiuntur
1131 3232 1306 3272 omnes
1327 3224 1406 3273 hae
1443 3238 1529 3272 vo·

469 3307 576 3353 ces,
597 3296 715 3343 ideo
737 3295 1056 3347 inducendas
1082 3299 1245 3348 noluit
1269 3299 1404 3349 idem
1432 3301 1529 3350 Ca-

468 3371 763 3433 sanbonus3
799 3381 855 3422 et
897 3375 1181 3424 leviuscula
1219 3379 1529 3440 mutatione,

467 3454 695 3510 quaterna
717 3451 767 3498 in
785 3452 1103 3515 quadragena,
1128 3453 1296 3503 locum
1333 3457 1407 3505 sic
1449 3471 1527 3506 re·

366 3570 370 3575 .
466 3529 673 3580 stituit:
708 3532 943 3581 veteranis
964 3533 1230 3594 legionibus
1247 3537 1423 3598 proedae
1445 3551 1532 3585 no·

466 3607 589 3657 mine
608 3609 659 3657 in
683 3610 863 3672 pedites
882 3610 1092 3672 singulos
1114 3609 1279 3675 (super
1301 3612 1411 3662 bina
1433 3628 1529 3663 ses·

465 3684 614 3734 tertia'
644 3702 750 3749 quoe
773 3687 913 3735 initio
945 3688 1099 3736 civilis
1118 3691 1348 3739 tumultus
1369 3706 1530 3740 nume·

465 3762 682 3825 ruwet-at)
705 3763 897 3812 vicena.-
932 3766 983 3812 in
1016 3767 1196 3827 equites
1228 3769 1531 3830 quadragena

465 3839 618 3888 millia
638 3853 874 3888 nummum
896 3842 1043 3890 dedit.
1110 3840 1264 3894 Quod
1304 3858 1403 3892 nec
1441 3844 1532 3893 ad-

464 3916 668 3966 miserit
684 3916 1007 3983 Torrentius,
1029 3921 1252 3983 priorem
1276 3922 1531 3986 siquidem

462 3992 740 4042 lectionem
781 3994 973 4058 rejicit,
997 3997 1155 4061 quod,
1182 3995 1305 4048 licet
1335 4001 1529 4065 alioqui

463 4084 642 4120 sensus
667 4078 862 4135 pateat,
881 4086 1081 4122 summa
1102 4080 1276 4124 tamen
1305 4076 1530 4127 incredi-

462 4146 584 4196 bilis
617 4147 714 4210 ipsi
752 4148 1008 4200 videatur.
1074 4152 1206 4204 Quae
1239 4163 1383 4204 certe
1411 4157 1532 4206 talis

466 4220 577 4272 visa
607 4238 708 4272 non
740 4232 821 4275 est
855 4226 1009 4275 Dioni
1040 4235 1094 4277 et
1116 4227 1380 4293 Appiano,
1404 4245 1528 4295 quo-

464 4314 580 4351 rum
602 4301 690 4352 ille
712 4301 804 4354 lib.
828 4315 987 4356 unt.
1010 4304 1092 4355 bic
1126 4304 1217 4356 lib.
1255 4319 1344 4356 111.
1378 4313 1393 4337 ’
1420 4307 1528 4358 bel-

1611 2297 1774 2346 lorum
1831 2294 2105 2346 Civilium’
2160 2293 2472 2343 unanimiter
2528 2292 2669 2340 aiunt

1607 2373 2000 2439 πεντακισχιλίας
2010 2373 2238 2439 δραχμὰς,
2252 2374 2348 2422 hoc
2359 2379 2462 2434 est,
2473 2371 2670 2434 quinque

1609 2455 1824 2507 millerias
1863 2455 2127 2518 drachmas,
2167 2453 2380 2518 siugulis
2423 2450 2670 2501 militibus

1613 2535 1779 2596 datas,
1802 2548 1918 2598 quae
1940 2533 2239 2597 supradicta
2264 2532 2446 2580 vicena
2470 2528 2546 2579 M.
2566 2525 2671 2578 HS.

1612 2609 1862 2660 efficiunt.
1931 2608 2081 2662 Quod
2120 2618 2177 2658 et
2208 2608 2282 2658 ita
2313 2605 2588 2670 legendum
2612 2617 2671 2651 ac

1611 2688 2003 2751 intelligendum
2028 2687 2232 2750 Lipsius
2257 2682 2563 2747 pronuntiat
2586 2680 2671 2729 lib.

1612 2766 1678 2816 de
1709 2756 2062 2830 magnitudine
2082 2765 2227 2813 Rom.
2253 2775 2317 2813 11.
2339 2776 2458 2825 cap.
2484 2764 2561 2810 12.
2585 2756 2670 2806 ubi

1613 2853 1844 2893 veterum
1902 2842 2229 2907 largitionum
2276 2847 2329 2888 et
2373 2837 2670 2887 divitiarum

1611 2923 1908 2985 imperitum
1943 2921 2092 2982 dicit,
2132 2919 2172 2968 si
2204 2918 2318 2983 quis
2349 2915 2685 2965 adversetur.

1615 3000 1713 3049 Cui
1752 3006 1807 3048 et
1840 2998 1954 3062 ipse
1992 2996 2173 3046 lubens
2213 2992 2551 3052 accesserim3
2587 2988 2669 3036 vix

1613 3077 1748 3125 enim
1785 3083 1862 3124 est
1906 3082 1961 3124 ut
2002 3082 2140 3123 stare
2179 3079 2333 3136 queat
2369 3084 2569 3132 sensus,
2614 3073 2670 3114 ut

1614 3154 1766 3217 vulgo
1792 3152 2004 3214 legitur,
2044 3158 2099 3199 et
2129 3148 2534 3210 interpretatum
2559 3150 2672 3202 est;

1611 3246 1726 3280 cum
1750 3238 1805 3280 et
1831 3229 2010 3278 eadem
2035 3226 2243 3290 largitio
2269 3224 2334 3273 ab
2369 3222 2593 3273 Octavio
2618 3227 2671 3268 et

1611 3308 1841 3358 Antonio
1886 3313 2004 3370 post
2049 3304 2387 3366 Philippense
2433 3301 2668 3366 praelium

1609 3383 1753 3435 facta
1774 3385 1980 3448 legatur
2010 3381 2147 3447 apud
2187 3379 2453 3430 Plutarch.
2479 3380 2530 3428 in
2565 3378 2669 3428 An·
2702 3438 2706 3443 ἡ

1613 3464 1775 3514 tonio.

1676 3547 1700 3573 ⁸
1733 3538 1763 3568 ⁴¹*
1781 3539 1842 3588 ln
1864 3537 2066 3602 equites]
2090 3537 2149 3584 Iu
2166 3533 2441 3598 donativis,
2461 3533 2595 3582 sicut
2618 3536 2671 3579 et

1612 3617 1666 3666 in
1688 3616 1982 3681 stipendiis,
2007 3615 2271 3678 praemium
2300 3613 2506 3664 ferebat
2537 3612 2670 3678 quis÷

1611 3709 1709 3759 que
1747 3709 1840 3757 pro
1883 3692 2080 3742 ratione
2119 3693 2197 3741 sui
2239 3692 2288 3739 iu
2323 3690 2504 3739 militia
2537 3687 2670 3759 loci;

1614 3775 1669 3817 ut
1691 3770 1926 3818 centurio
1951 3769 2127 3818 militis
2150 3770 2384 3834 duplum,
2403 3782 2562 3832 eques
2586 3780 2669 3813 ve-

1612 3860 1669 3894 ro
1691 3845 1902 3909 triplum
1936 3846 2236 3909 acciperet:
2269 3861 2384 3910 quae
2405 3843 2670 3909 proportio

1612 3926 1762 3986 longe
1803 3922 1948 3972 abest
1994 3929 2052 3972 ut
2092 3924 2368 3994 observata
2419 3920 2599 3999 fuisset
2641 3938 2671 3972 a

1610 4000 1878 4064 Suetonio,
1899 4001 1940 4050 si
1968 3998 2180 4062 pedites¹
2194 3998 2671 4064 duemfflioerequi·

1613 4085 1691 4127 tes
1710 4078 1890 4139 viginti
1909 4084 2128 4143 quatuor
2149 4078 2491 4141 accepissent.
2516 4074 2667 4129 Quod

1610 4161 1666 4205 et
1711 4154 1964 4218 vulgatam
2005 4153 2280 4202 lectionem
2324 4160 2480 4217 atque
2513 4149 2667 4202 etiam

1611 4230 1902 4282 casauboni
1946 4228 2363 4278 emendationem
2394 4236 2669 4293 ,suspectas

1610 4306 1825 4362 fecerit:
1861 4321 1958 4358 nec
1982 4305 2119 4359 enim
2158 4304 2322 4356 refert
2344 4303 2482 4370 quod
2507 4306 2668 4356 altera
