3019 4922
495 382 624 465 392
1360 420 1421 464 c.
1470 402 1827 467 sunrouu

489 564 619 626 tias
650 534 1064 646 imperasset,
1112 581 1192 627 ac
1222 563 1449 628 subita
1476 563 1816 645 eruptione
1845 563 2074 627 hostes
2104 583 2359 628 omnem
2393 566 2489 629 rei
2513 565 2688 630 divi·

491 682 599 729 nae
631 670 1029 747 apparatum
1065 665 1519 742 abstulissent,
1560 667 1859 729 constitit
1890 666 2051 729 inter
2077 664 2495 749 haruspiceS‚
2531 688 2684 752 quae

487 767 864 849 periculosa
895 774 965 830 et
995 766 1277 833 adversa
1305 764 1705 830 sacrificanti
1734 766 2115 830 denuntiata
2157 773 2402 844 essent,
2450 776 2691 834 cuncta

489 866 560 929 in
592 867 791 931 illos⁶
834 888 1177 946 recasura,
1210 870 1325 951 qui
1365 875 1526 932 exta
1563 869 1895 934 haberent.
1982 869 2270 952 Neque⁷
2318 870 2512 933 aliter
2542 892 2692 935 eve·

487 971 607 1034 nit.
696 970 952 1048 Pridie,
993 992 1190 1057 quam
1223 971 1640 1035 Siciliensem
1675 991 1960 1054 pugnam
1988 972 2199 1036 classe
2225 961 2689 1051 committeret,

493 1071 948 1138 deambulanti
995 1076 1064 1138 in
1112 1075 1331 1138 littore
1361 1075 1574 1156 piscis
1615 1093 1653 1137 e
1700 1075 1863 1137 mari
1890 1073 2212 1151 exsiluit‚⁸
2257 1081 2323 1138 et
2353 1073 2437 1137 ad
2472 1073 2689 1156 pedes

482 1174 718 1259 jacuit.
783 1174 987 1258 Apud
1014 1174 1288 1241 Actium
1316 1174 1737 1239 descendenti
1754 1176 1832 1245 ,in
1855 1177 2062 1241 aciem
2089 1177 2339 1240 asellus
2368 1195 2519 1239 cum
2552 1177 2689 1240 asi·

489 1279 676 1342 nario
710 1281 1026 1343 occurrit:
1075 1279 1348 1342 homini‘
1379 1278 1817 1361 EutychuS,⁹⁶
1863 1281 2099 1343 bestiae
2135 1279 2358 1343 Nicon
2391 1286 2541 1341 erat
2572 1298 2687 1343 no·

489 1399 662 1442 men.
775 1379 1145 1463 Utriusque
1204 1381 1628 1444 simulacrum
1690 1399 1942 1444 aeneum
2000 1382 2215 1445 victor
2235 1388 2287 1418 ¹0
2346 1382 2571 1462 posuit
2618 1381 2684 1443 in

489 1479 790 1564 templo,f
829 1484 893 1546 in
946 1482 1124 1566 quod
1173 1492 1545 1546 castrorum
1595 1503 1866 1547 suorum
1915 1485 2143 1550 locum
2191 1485 2403 1548 vertit.
2517 1482 2684 1568 [97.]

477 1583 684 1669 ιΜοτε
717 1604 991 1669 quoque
1022 1586 1193 1668 ejuS,
1224 1585 1308 1649 de
1330 1606 1464 1668 qua
1485 1587 1755 1650 dehinc¹
1790 1587 2031 1665 dicam,
2053 1586 2500 1668 divinitasque
2530 1590 2685 1667 post

487 1693 790 1765 mortem,
819 1689 1334 1752 evidentissimis
1357 1689 1641 1753 ostentis
1660 1696 1686 1734 ⁸
1713 1689 2121 1770 praecognita
2146 1695 2274 1751 est.
2345 1687 2514 1752 Cum
2546 1688 2681 1750 lus-

489 1793 657 1852 trum
698 1790 768 1852 in
819 1810 1057 1875 campo
1108 1792 1354 1876 Martio
1383 1811 1625 1875 magua
1652 1792 1892 1875 populi
1921 1791 2289 1874 frequentia
2319 1787 2681 1865 conderet,¹²

488 1894 721 1974 aquila
795 1914 943 1957 eum
1005 1897 1260 1978 saepius
1341 1895 1857 1959 circumvolavit
1883 1900 1929 1954 :²
1990 1900 2538 1975 transgressaque
2610 1891 2681 1954 in

487 1996 782 2060 vicinam
813 1994 1063 2074 aedemj
1110 2018 1311 2080 super
1356 2018 1599 2062 nomen
1632 1997 1958 2081 Agrippae
1991 1996 2075 2060 ad
2107 1996 2384 2080 primam
2414 1996 2679 2074 literam

1418 2193 1747 2215 “““““““

483 2326 625 2375 candi
652 2325 883 2375 Harlem.
931 2325 1143 2375 Praebet
1181 2327 1276 2378 Ed.
1313 2328 1479 2379 Gron.
1498 2330 1777 2392 periculoso,
1801 2329 1889 2378 sed
1916 2329 2051 2378 forte
2074 2326 2460 2389 typothetarum
2486 2340 2682 2383 errore,

485 2396 585 2440 -6
604 2391 756 2439 Hanc
776 2392 895 2439 lect.
915 2393 1111 2454 recepit
1129 2393 1347 2456 Baumg.
1363 2411 1426 2444 ex
1447 2395 1545 2444 Ed.
1569 2395 1788 2445 Casaub.
1810 2403 1863 2444 et
1886 2392 2048 2444 codd.
2071 2394 2215 2440 Torr.
2251 2391 2313 2439 Iu
2337 2391 2681 2449 aliis'scriptis

483 2454 600 2505 fere
624 2456 691 2506 Ο.
716 2465 771 2505 et
810 2456 944 2507 Edd.
985 2458 1208 2520 antiquis
1246 2469 1490 2509 exaratur
1530 2461 1673 2524 ipsos,
1694 2460 1828 2525 quod
1865 2457 2145 2523 praeferunt
2181 2457 2360 2505 Burm.
2385 2455 2526 2506 Oud.
2553 2457 2677 2507 Ern.

485 2521 607 2585 Bip.
634 2520 787 2572 Wolf.
847 2521 1020 2572 Habet
1043 2523 1256 2573 Memm.
1286 2540 1526 2589 recusum,
1551 2526 1707 2575 vind.
1744 2531 1789 2575 1.
1827 2527 2181 2575 recessura—⁷
2219 2523 2322 2571 Nec
2357 2521 2500 2570 aliter
2524 2522 2679 2570 vind.

484 2590 534 2634 2.
568 2586 718 2634 Huls.
754 2586 840 2650 qui
881 2595 936 2636 et
970 2588 1292 2638 nemrim—8
1330 2591 1563 2640 Exsitivit
1584 2592 1732 2641 Voss,
1774 2590 1836 2637 V.
1861 2605 1975 2650 cap.
2000 2593 2081 2638 94.
2137 2589 2272 2636 Dein
2306 2589 2368 2635 ad
2398 2588 2543 2648 pedes
2581 2588 2679 2647 ejus

483 2650 659 2700 Pei-iz.
693 2651 709 2678 ‘
728 2652 966 2701 Ceterum
991 2653 1099 2703 dat.
1126 2656 1440 2704 deambulanti
1466 2657 1658 2717 pendet
1682 2655 1745 2704 ab
1768 2658 1831 2704 ad
1849 2657 1955 2717 ped.
1978 2653 2080 2715 jac.
2103 2668 2132 2702 a
2155 2668 2253 2716 quo
2274 2651 2448 2700 durius
2476 2652 2675 2713 sejunc-

484 2722 569 2763 tus
586 2724 685 2776 est,
704 2717 894 2766 inserto
912 2719 1029 2781 pise.
1056 2734 1095 2767 e.
1113 2734 1267 2769 mex.
1289 2722 1383 2768 uisi
1409 2722 1505 2784 leg.
1526 2722 1865 2775 deambulante,
1877 2734 1947 2769 sc.
1966 2734 2049 2782 eo,
2068 2718 2256 2768 Graeco
2273 2716 2447 2765 more?
2469 2717 2678 2778 Baumg.

483 2785 584 2830 -9
617 2782 772 2830 Hunc
808 2784 921 2833 ord.
958 2791 1162 2832 servant
1188 2786 1314 2833 Mss.
1338 2784 1403 2832 0.
1427 2794 1481 2834 et
1517 2786 1648 2834 Edd.
1675 2787 1817 2834 Vett.
1844 2798 2007 2849 usque
2032 2783 2096 2832 ad
2124 2784 2378 2843 Bam-qum
2399 2791 2679 2832 mutarunt.

484 2844 735 2897 Restituit
763 2850 935 2897 Burni.
981 2849 1041 2897 In
1065 2848 1221 2896 Viud.
1242 2854 1291 2898 2.
1312 2848 1562 2912 Ἐυτύχιος
1584 2857 1637 2899 et
1662 2850 1726 2899 ad
1752 2864 1912 2911 marg.
1942 2848 2224 2912 Eutychiae.
2269 2845 2524 2898 Quaedam
2546 2845 2676 2894 Edd.

482 2910 741 2975 Euthycus.
764 2913 900 2961 Veu.
927 2918 971 2962 1.
998 2913 1253 2962 Heitichus
1274 2921 1329 2964 et
1356 2915 1521 2966 Vicon.
1574 2917 1711 2964 Dun.
1737 2915 2145 2979 Bembina—10
2186 2911 2313 2963 Viae.
2336 2926 2427 2959 «επ.
2446 2909 2607 2959 vind.
2629 2914 2678 2958 2.

483 2980 578 3024 -1
617 2975 722 3025 Pro
744 2977 908 3026 dehinc
934 2979 1134 3042 proebet
1155 2978 1265 3027 hinc
1303 2981 1512 3029 Memm.
1541 2994 1656 3030 cum
1680 2979 1834 3028 vind.
1856 2982 1998 3028 1.-2
2037 2975 2445 3026 circumvolitavit
2484 2975 2684 3025 Medic·

1463 3180 1683 3232 Nom:
1772 3144 1777 3149 ’

485 3304 802 3370 adjutantur,
827 3307 991 3358 donec
1014 3310 1184 3373 aliqua
1216 3312 1419 3361 litatum
1460 3323 1540 3361 esa
1619 3326 1824 3377 quoque
1868 3326 2003 3361 anuo
2047 3310 2208 3362 fiebat
2263 3325 2294 3358 a
2347 3307 2677 3373 Censor-ibus,

482 3389 579 3436 ret,
608 3390 667 3431 ut
703 3379 769 3430 de
802 3382 968 3435 Paulo
993 3384 1356 3452 AEmilio'apu'd
1380 3390 1536 3438 Vale·
1619 3397 1792 3437 stante
1819 3387 2122 3450 Republica,
2138 3392 2192 3435 et
2214 3385 2331 3435 ideo
2350 3385 2676 3448 lustrumap⁴

484 3458 614 3506 rium
640 3459 939 3519 Maximum,
960 3468 1015 3510 et
1034 3462 1251 3514 deJulio
1273 3481 1318 3515 c.
1339 3470 1420 3515 81.
1447 3482 1549 3516 uo·
1619 3465 1868 3528 pellatum
1907 3467 2005 3525 est,
2038 3463 2158 3526 quia
2195 3461 2545 3511 lustrabatur:
2580 3462 2673 3510 hoc

479 3543 592 3583 tare
608 3541 706 3590 est,
730 3536 815 3586 ubi
839 3545 898 3586 et
921 3538 1042 3602 quid
1067 3540 1133 3587 sit
1158 3540 1322 3591 litare.
1617 3549 1719 3605 est,
1744 3542 1822 3590 vel
1856 3539 2322 3605 recognoscebatur
2343 3539 2569 3602 populus
2594 3539 2672 3585 vel
2704 3563 2721 3574 —

545 3618 566 3643 θ
595 3613 857 3679 Eutychus]
879 3614 995 3663 Hoc
1017 3620 1093 3663 est
1115 3614 1536 3677 benesonmuoe,
1617 3618 2007 3682 purificabatur,
2028 3632 2138 3677 sue,
2171 3630 2286 3671 ove,
2317 3622 2372 3663 et
2407 3621 2560 3663 tauro
2584 3615 2676 3663 im·

479 3691 494 3714 ⁴
514 3687 710 3737 Nicon'
743 3703 862 3737 vero
893 3690 1103 3738 vincens.
1173 3691 1318 3740 Idem
1344 3692 1533 3740 bonum
1616 3695 1845 3743 molatis:
1883 3695 2015 3742 uude
2054 3698 2386 3755 nuncupatur
2426 3690 2673 3741 sacrifici-

478 3780 626 3816 omeu
651 3765 881 3815 refertur
902 3783 930 3816 a
958 3769 1238 3819 Plutarcho
1279 3769 1330 3817 in
1367 3767 1534 3819 Anto·
1616 3785 1700 3818 um
1737 3772 1752 3797 ‘
1772 3767 2174 3818 suovetaurilia.’

475 3841 582 3902 nio,
605 3843 902 3893 ubidicitur
941 3843 1208 3908 Augustus
1246 3860 1428 3895 nomen
1467 3846 1532 3895 ab
1674 3845 1689 3879 ¹
1733 3845 1947 3895 Vicinam
1990 3843 2162 3906 oedem]
2200 3842 2402 3892 Auctor
2448 3848 2531 3892 est
2569 3842 2670 3891 Dio

478 3920 700 3968 asinario
721 3921 947 3983 petiisse.
1615 3921 1883 3985 proprium
1920 3919 2171 3982 Agrippae
2208 3921 2595 3967 monumentum
2620 3917 2669 3965 in

542 3992 564 4024 f
593 3996 805 4060 Templo]
831 3997 1005 4061 *Supra
1026 4013 1072 4047 c.
1098 4002 1175 4049 18.
1616 3998 1817 4062 Campo
1838 3998 2035 4048 Martio
2059 3995 2238 4053 fuisse,
2259 3997 2307 4044 in
2334 3996 2474 4061 quod
2498 4004 2670 4044 tamen

540 4076 566 4111 ⁸
599 4070 835 4137 Osteutin]
868 4074 1036 4137 Supra
1061 4080 1206 4125 ο.92.
1613 4091 1801 4140 corpus
1846 4077 1954 4140 ejus
1994 4075 2145 4124 condi
2182 4068 2346 4123 noluit
2389 4072 2674 4135 Augustus,

540 4143 564 4178 ¹¹
597 4147 855 4196 Lustrum.
877 4151 1212 4215 ...tendered
1247 4152 1333 4203 De
1368 4166 1527 4202 censu
1610 4152 1700 4202 sed
1737 4153 1788 4201 in
1836 4168 1977 4200 suum
2021 4152 2184 4215 ipsius
2225 4152 2572 4210 Mausoleum,
2601 4149 2665 4196 de

474 4222 683 4272 videtur
721 4223 1112 4288 intelligendum
1141 4230 1327 4292 ‘potius
1374 4246 1529 4293 quum
1610 4244 1714 4294 quo
1736 4244 1890 4291 stupra
1912 4244 1959 4278 c.
1982 4232 2064 4277 43.
2089 4221 2299 4277 et'iufra
2326 4231 2438 4275 100.
2463 4235 2519 4275 et
2556 4229 2664 4273 101.

475 4298 543 4349 de
605 4301 863 4351 exercitus
918 4303 1244 4357 lustratione.
1333 4307 1528 4359 Quinto
1615 4311 1699 4360 De
1738 4318 1856 4359 utro
1890 4309 1972 4358 bic
2010 4323 2178 4360 sermo
2210 4308 2280 4357 sit
2324 4320 2426 4356 nou
2469 4305 2663 4370 liquet3
