3019 4922
464 414 552 479 7⁰
1328 428 1392 474 c.
1437 424 1798 474 sunrouu

467 577 741 653 vellent,
770 579 837 638 et
868 572 1139 658 quoties
1165 571 1437 649 vellent,
1478 571 1740 637 auxilia
1780 571 2199 653 summittens
2225 591 2242 651 ξ
2288 590 2623 657 superque
2648 578 2675 610 ⁸

468 678 716 755 Italiae,
778 674 1279 759 Galliarumque
1339 680 1406 739 et
1458 674 1973 759 Hispaniarum,
2031 671 2222 739 Asiae
2282 695 2560 760 quoque.
2609 679 2681 740 ct

468 780 763 847 Graeciae
818 778 1327 863 potentissimas
1350 785 1371 825 ³
1431 780 1633 843 urbes
1686 778 2052 864 praecipuis
2105 779 2428 862 operibus
2478 790 2680 845 exor-

466 902 678 949 nans:
722 882 960 959 donec,
1006 881 1304 946 attonitis
1342 879 1489 966 jam
1536 880 1865 959 omnibuS,
1909 889 2004 959 et,
2034 899 2356 966 quorsum
2386 880 2510 946 illa-
2536 886 2686 947 ten-

466 988 717 1065 derent,
734 984 1225 1069 reputantibus,
1246 983 1346 1049 Μ.
1366 984 1688 1050 Claudius
1715 985 2080 1050 Marcellus
2112 982 2419 1061 Consul,†
2447 986 2679 1052 edicto

467 1089 847 1175 praefatus,4
874 1084 961 1151 de
996 1106 1260 1152 summa
1292 1106 1367 1152 se
1400 1086 1791 1173 Republica
1822 1097 2150 1169 acturum,
2179 1089 2411 1153 retulit
2440 1090 2526 1154 ad
2556 1090 2684 1156 Se.-

467 1199 725 1271 natum‚
768 1195 844 1275 ut
891 1191 957 1255 ei
1007 1191 1474 1257 succederetur
1532 1195 1685 1256 ante
1743 1200 2101 1278 tempus;·¹'
2145 1193 2468 1276 quoniam
2496 1194 2679 1260 bello

469 1295 784 1362 confecto
813 1314 958 1380 pax
986 1302 1196 1373 esset,
1236 1314 1320 1360 ac
1366 1295 1613 1363 dimitti
1642 1295 1918 1363 deberet
1947 1297 2165 1361 victor
2191 1297 2527 1361 exercitus
2549 1317 2572 1362 ι
2612 1307 2684 1373 et

469 1420 553 1465 ne
584 1400 882 1465 absentis
912 1399 1080 1463 ratio
1110 1399 1405 1483 comitiis
1425 1407 1463 1434 W
1487 1399 1859 1481 haberetur,
1879 1399 2156 1485 quando.
2181 1406 2249 1465 et
2282 1401 2684 1484 plebiscito‘

536 1622 560 1646 v
595 1615 843 1680 Quousque
863 1630 969 1665 cum
988 1614 1255 1676 omnesjam
1275 1613 1671 1677 obstupescerent,
1692 1620 1740 1666 et
1761 1615 2110 1666 considerarent
2130 1629 2315 1678 scopum
2330 1615 2558 1676 eiusmodi
2573 1628 2687 1663 con-

471 1680 705 1744 siliorum,
727 1682 955 1731 Claudius
976 1681 1234 1730 Marcellus
1265 1696 1352 1743 per
1380 1681 1587 1731 edictum
1602 1681 1854 1745 proesatus,
1876 1697 1927 1732 se
1950 1686 2268 1731 tractaturum
2297 1696 2405 1730 cum
2424 1681 2605 1730 Senatu
2624 1682 2686 1728 de
2767 1718 2770 1719 γ

469 1745 679 1794 maximo
700 1747 890 1807 negotio
926 1740 1234 1811 Reipublicae,
1247 1745 1451 1795 adduxit
1476 1747 1530 1795 iu
1551 1747 1941 1797 consultationem
1961 1752 2016 1797 ut
2026 1760 2262 1797 successor
2280 1748 2552 1797 mitteretur
2573 1745 2685 1793 Coe-

468 1811 573 1858 sari
595 1816 707 1861 ante
738 1819 921 1875 tempas
950 1826 1217 1861 concessum
1248 1811 1322 1860 iai
1353 1828 1385 1860 a
1412 1813 1597 1874 populo,
1627 1813 1877 1876 siquidem,
1899 1813 2017 1863 bello
2045 1818 2253 1876 peracta,
2274 1827 2373 1876 pax
2393 1817 2518 1873 erat,
2538 1817 2586 1861 et
2609 1809 2692 1860 di·

472 1875 604 1924 mitti
624 1877 819 1927 debebat
840 1877 1078 1927 exercitus
1098 1876 1250 1926 victor
1265 1891 1286 1934 ‚⁶
1317 1891 1402 1925 nec
1420 1877 1632 1927 absentis
1653 1879 1975 1928 meminissent
1997 1878 2049 1927 in
2069 1877 2291 1942 comitiis,
2309 1878 2690 1953 quandoquidem

472 1939 729 2005 Pompeius
748 1942 847 2006 ipse
862 1947 1027 2006 postea
1047 1957 1138 1992 uon
1158 1941 1488 2005 antiquaverat
1506 1942 1824 2007 plebiscitum.

1396 2104 1635 2139 detecte(
1641 2104 1758 2125 '00‘

472 2224 571 2271 ——2
604 2218 931 2286 Similiterque
966 2222 1136 2272 Periz.
1172 2221 1407 2273 Harlem.
1442 2221 1556 2289 (qui
1592 2231 1656 2281 et,
1684 2225 1865 2286 Italia)
1897 2225 2032 2276 Edd.
2067 2225 2251 2289 camp.
2283 2224 2418 2273 Bon.
2458 2223 2596 2272 Ven.
2636 2226 2690 2271 2.

473 2285 644 2348 Lugd.
663 2287 812 2338 Junt.
836 2288 957 2337 And.
982 2288 1258 2352 insuperque
1281 2289 1426 2339 Cort-
1449 2291 1593 2339 simul
1612 2297 1662 2341 et
1693 2292 1747 2341 iu
1778 2306 1945 2356 marg.
1983 2291 2150 2342 Rbed.
2172 2295 2221 2339 l.
2245 2305 2276 2339 a
2298 2303 2367 2339 m.
2389 2304 2495 2339 see.
2519 2287 2690 2338 Rbed.

474 2353 528 2399 2·
564 2365 704 2421 δίψα
732 2358 1027 2420 quaqua—3
1063 2354 1349 2420 Potissimas
1379 2355 1509 2419 legit
1547 2357 1694 2422 Lips.
1726 2356 1830 2421 Aa.
1853 2369 1919 2408 n.
1959 2371 2006 2407 c.
2030 2360 2111 2407 12.
2160 2358 2286 2409 'llum
2328 2356 2490 2418 opibus
2528 2353 2690 2403 vind.

473 2421 815 2482 uterque.—-4
853 2420 949 2470 Ed.
980 2419 1147 2480 sactus
1183 2419 1326 2485 proef.
1359 2421 1517 2472 vind.
1551 2426 1601 2476 1.
1635 2418 1798 2474 'Mox
1838 2439 1888 2475 se
1930 2421 2110 2475 deficit
2152 2422 2208 2473 in
2247 2421 2496 2474 Huls.—-·6
2532 2420 2692 2484 Vulg.

1396 2639 1399 2642 ,
1469 2587 1688 2640 NOTAE

540 2692 561 2738 t
597 2681 661 2732 Α.
688 2684 755 2736 U.
780 2684 844 2736 C.
863 2689 979 2735 ⁷03.

536 2767 559 2790 ν
589 2759 723 2810 Ante
777 2761 983 2826 tempus]
1057 2761 1305 2830 Alterum„
1344 2779 1535 2831 nempe

473 2837 902 2904 quinquennium,
924 2840 990 2890 de
1015 2856 1117 2906 quo
1136 2856 1297 2905 supra
1318 2857 1364 2892 c.
1382 2846 1466 2894 26.
1513 2893 1518 2904 ,,

538 2920 569 2944 “’
607 2913 854 2978 Comitiis]
887 2917 1020 2968 Quae
1055 2917 1121 2967 de
1156 2911 1394 2969 creandis
1416 2911 1538 2969 con·

472 2990 666 3040 nulibus
687 2991 926 3042 habenda
948 3000 1118 3060 erant,
1139 2995 1325 3059 quibus
1361 3002 1418 3046 ut
1446 3012 1539 3061 pe-

479 3075 593 3117 tere
618 3076 800 3133 posset
820 3072 1163 3135 consulatum,
1182 3073 1311 3124 licet
1333 3074 1538 3139 absens,

473 3146 683 3196 biennio
723 3154 845 3198 ante
883 3162 978 3213 per
1014 3148 1278 3200 Tribunos
1300 3151 1538 3204 obtinue-

474 3229 579 3286 rat,
602 3223 697 3295 sed
719 3238 750 3273 a
775 3226 986 3289 populo,
1016 3225 1155 3276 unde
1193 3228 1478 3280 Marcellus
1507 3244 1540 3280 a

473 3298 669 3350 Senatu
692 3301 899 3353 volebat
920 3301 972 3351 id
987 3302 1267 3353 immutari.

540 3385 565 3409 ¹
602 3377 803 3433 Quando
821 3385 870 3429 et
891 3378 1023 3444 [uec]
1039 3379 1303 3444 plebiscito,
1323 3383 1429 3449 ξω]
1450 3384 1536 3436 Sic

473 3453 529 3503 in
552 3454 682 3505 Mss.
705 3456 939 3506 omnibus
962 3457 1316 3511 casaubonus.
1377 3462 1462 3512 Ita
1483 3463 1537 3512 in

473 3532 642 3583 tribus
677 3549 708 3584 e
739 3535 844 3584 suis
870 3536 1193 3589 Torrentius.
1256 3539 1537 3593 Adversar.

474 3617 649 3661 tamen
684 3611 775 3663 lib.
804 3625 967 3663 xxiv.
999 3629 1121 3680 cap.
1165 3621 1243 3668 14.
1264 3618 1536 3669 Turnebus

473 3687 695 3753 praefert
714 3704 805 3748 ηας
842 3690 933 3739 sed
957 3698 1227 3757 utramque
1256 3694 1537 3745 lectionem

474 3755 745 3824 obscuram
780 3765 978 3828 faciunt
1018 3768 1101 3818 hae
1144 3770 1417 3833 particulae
1452 3786 1538 3820 uec

475 3844 558 3902 vel
572 3859 650 3906 ue,
669 3853 726 3894 ut
746 3845 1054 3895 Torrentius
1075 3855 1311 3897 neutram
1333 3847 1540 3900 admitti

477 3920 920 3986 deberecenseat,
950 3924 1034 3972 vel
1066 3937 1244 3974 earum
1278 3925 1393 3974 loco
1419 3923 1539 3974 sub-

474 3998 795 4060 su‘tuendum
826 4000 892 4063 ei,
942 4014 1044 4065 quo
1087 4015 1212 4051 sane
1256 4000 1537 4053 difficultas

388 4103 391 4106 ι
476 4082 844 4137 evanesceret3
878 4083 1091 4141 apertus
1133 4079 1270 4129 enim
1306 4080 1391 4129 bic
1422 4093 1536 4129 sen-

476 4167 585 4209 suS,
609 4152 942 4218 plebiscitum
964 4155 1089 4204 illud
1121 4171 1226 4221 quo
1248 4156 1462 4216 Caesari,
1482 4158 1542 4207 li-

479 4236 567 4279 cet
587 4229 808 4293 absenti,
840 4231 1091 4294 permissa
1113 4229 1286 4282 fuerat
1308 4235 1541 4285 consula·

478 4314 561 4356 tus
578 4308 781 4371 petitio,
804 4308 1081 4373 abrogatur
1107 4323 1202 4373 per
1224 4303 1539 4377 subsequenss

479 4391 584 4435 tem
637 4383 880 4449 Pompeii
927 4385 1117 4450 legem,
1167 4388 1266 4436 διο.
1330 4386 1539 4438 Dicitur

1615 2690 1752 2738 enim
1804 2687 1821 2716 ‘
1845 2689 2100 2752 abrogare
2138 2685 2279 2751 legi‚’
2314 2691 2378 2752 et
2421 2684 2438 2713 ‘
2460 2684 2695 2756 legems'

1615 2777 1905 2834 quanquam
1942 2766 2064 2815 illud
2102 2766 2350 2815 usitatum
2384 2763 2454 2813 sit
2486 2762 2693 2813 minus:

1618 2837 1710 2894 sed
1726 2851 1981 2908 repugnat
1991 2843 2226 2904 codicum
2243 2839 2552 2902 auctoritas,
2562 2853 2694 2912 quo·

1621 2936 1733 2980 rum
1756 2927 1930 2971 tamen
1955 2922 2132 2986 plures
2168 2935 2252 2969 uec
2284 2919 2510 2990 habeut,⁴
2533 2932 2689 2983 quam

1617 3013 1713 3048 ue.-
1745 2998 1845 3048 hoc
1865 3012 2018 3047 sensu
2042 2994 2407 3061 removendum
2442 3010 2474 3045 a
2505 3009 2694 3046 consu-

1617 3063 1755 3125 latus
1805 3075 2060 3138 petitione
2105 3074 2387 3136 Caesarcm,
2430 3071 2690 3137 siquidem

1618 3147 1903 3216 Pompeius
1937 3165 2039 3201 uon
2061 3150 2358 3215 abrogasset
2391 3149 2693 3216 plebiscito,

1616 3230 1847 3293 bocest,
1885 3243 1981 3295 per
2015 3228 2363 3293 plebiscitum,
2394 3228 2536 3276 illam
2559 3227 2691 3291 legis

1619 3319 1724 3368 ειιειε1
1750 3313 1951 3371 partem
1976 3320 2079 3371 qua
2095 3305 2336 3355 absentes
2360 3319 2391 3353 a
2412 3305 2691 3369 magistra-

1617 3390 1760 3435 tuum
1782 3383 2040 3449 petitioue
2062 3381 2434 3443 summovebat,
2455 3381 2548 3431 sed
2574 3379 2691 3431 tan*-

1620 3469 1728 3513 tum
1753 3461 2064 3513 auctoritate
2084 3459 2455 3529 propria2cum
2479 3458 2569 3509 lex
2598 3458 2690 3512 illa

1616 3555 1710 3591 sua
1722 3537 1863 3590 foret
1875 3537 1988 3603 jam
2015 3537 2068 3586 iu
2087 3536 2324 3587 aerarium
2343 3536 2504 3585 relata
2522 3551 2537 3597 3
2561 3550 2688 3601 qua-

1619 3625 1836 3682 propter
1860 3613 2064 3668 censeri
2083 3627 2182 3663 non
2206 3611 2434 3663 debebat
2457 3612 2508 3661 id
2535 3614 2688 3663 abro-

1618 3707 1765 3757 gasse
1804 3691 2108 3757 Pompeius,
2144 3689 2285 3755 quod
2308 3689 2561 3753 abrogare
2583 3704 2688 3741 non

1619 3775 2026 3836 potueragcum
2061 3780 2211 3832 aeqne
2244 3766 2553 3816 intervenire
2595 3781 2691 3829 po·

1620 3847 1731 3912 puli
1764 3846 1946 3897 debuit
1985 3844 2271 3895 auctoritas
2305 3851 2365 3893 ut
2396 3841 2504 3907 legi
2525 3842 2688 3893 Pom-

1621 3924 1824 3987 peianae
1860 3922 2100 3987 derogari
2136 3927 2332 3986 posset,
2365 3913 2689 3990 qnam'ante,

1620 4015 1736 4060 cum
1768 3999 1967 4051 factum
2001 4006 2083 4048 est
2120 3998 2175 4064 in
2209 3999 2427 4061 gratiam
2459 3998 2689 4048 Caesaris

1619 4076 1963 4143 plebiscitum.
2030 4071 2130 4125 cni
2165 4081 2339 4125 tamen
2373 4076 2477 4145 legi
2509 4076 2687 4127 locum

1619 4154 1781 4205 fuisse
1817 4153 2028 4216 colligas
2062 4166 2128 4201 ex
2154 4151 2409 4202 Cicerone
2432 4152 2484 4201 in
2516 4152 2689 4204 literis

1621 4231 1688 4282 ad
1717 4228 2101 4300 Atticum,⁴ubi
2135 4234 2342 4298 auctum
2378 4243 2408 4277 a
2429 4228 2690 4293 Pompeio

1621 4309 1879 4359 Caesarem
1895 4313 2210 4371 conquestus
2225 4305 2338 4355 haec
2352 4306 2534 4357 habet:
2552 4309 2567 4334 ‘
2579 4297 2693 4383 ille’

1618 4383 1954 4454 (Pompeius)
1986 4383 2003 4412 ‘
2023 4383 2301 4449 provincia
2329 4391 2648 4452 propagator
2671 4386 2691 4411 ’
