3019 4922
1208 404 1455 454 oo‘rav
1472 405 1622 455 ms.
2393 396 2525 464 375

327 540 877 630 dependebant-⁶⁶
944 547 1052 613 Ex
1085 555 1409 614 nocturno
1438 550 1588 614 visu
1623 551 1825 617 etiam
1847 552 2098 637 stipem
2128 557 2527 637 quotannis⁸

329 648 434 713 die
487 654 672 714 certo
718 650 1192 716 emendicabat
1242 672 1284 716 a
1318 653 1603 737 populo,
1653 673 1889 719 cavam
1938 676 2207 722 manum
2231 653 2258 692 ¹¹
2299 657 2525 723 assesi

325 750 818 832 porrigentibus
849 754 1180 834 praebens.
1240 753 1412 833 [92]
1441 751 1774 840 Auspicia
1792 761 1861 821 et
1884 754 2141 824 omina¹¹
2171 759 2524 842 quaedam⁷

326 871 447 934 pro
480 853 875 919 certissimis
908 855 1335 921 observabat.
1426 857 1502 921 Si
1551 858 1792 923 mane⁸
1839 860 1973 925 sibi
2018 857 2323 927 calceus¹
2374 882 2525 947 per·

1265 1041 1324 1061 00
1331 1039 1413 1059 000
1420 1041 1563 1060 ‘'O“
1571 1041 1599 1060 O

1921 1177 2226 1240 dependeant.
2275 1177 2290 1204 ‘
2318 1176 2370 1226 Si
2433 1177 2520 1227 uid

324 1233 643 1295 mutandum,
668 1234 960 1297 scripserim
980 1238 1255 1300 dependent.
1324 1238 1431 1289 Pro
1454 1242 1579 1303 quod
1607 1255 1662 1290 ea
1684 1240 1866 1291 melius
1887 1239 2025 1291 foret
2053 1240 2192 1304 quet!
2225 1242 2352 1291 Ern.
2389 1192 2522 1292 12on

323 1299 581 1360 quodannis
602 1307 658 1348 et
678 1313 704 1347 e
731 1314 839 1363 pop.
864 1301 1076 1352 Memm.
1144 1303 1309 1353 Paulo
1339 1311 1461 1354 ante
1496 1305 1642 1354 etiam
1673 1305 1819 1355 abest
1844 1320 1875 1354 a
1895 1306 2050 1356 vind.
2078 1309 2127 1355 1.
2159 1312 2216 1355 et
2248 1307 2368 1355 dein
2403 1323 2522 1357 axes

323 1362 418 1411 Ed.
441 1364 719 1427 camp.-⁷
753 1365 923 1428 Vulgo
953 1369 1104 1429 quoed.
1132 1374 1180 1417 et
1210 1368 1382 1420 omina.
1453 1370 1620 1420 Deest
1642 1376 1689 1420 et
1716 1370 1950 1420 Har-lem.
1973 1372 2109 1420 Ven.
2129 1374 2178 1420 2.
2201 1375 2250 1421 3.
2275 1370 2444 1434 Lugd.
2474 1378 2526 1421 et

320 1428 476 1505 omina
495 1431 682 1505 quidem
704 1430 825 1488 Bas.
850 1440 906 1480 et
928 1431 1130 1496 Grypb.
1153 1433 1244 1484 sed
1268 1435 1320 1483 in
1346 1448 1507 1497 marg.
1530 1437 1784 1499 quaed—8
1818 1435 1877 1485 Si
1897 1437 2017 1486 ’nale
2035 1435 2188 1485 Huls.
2211 1435 2341 1500 Cop.
2384 1437 2526 1486 Exu-

320 1493 394 1542 lat
413 1493 508 1544 sebi
533 1509 563 1543 a
588 1494 731 1546 Cort.
756 1494 892 1546 Edd.
917 1496 1065 1548 Rom.
1086 1499 1202 1549 calc.
1225 1498 1320 1549 sibi
1338 1499 1535 1550 Medic.
1559 1505 1606 1550 3.
1637 1501 1764 1550 Tum
1796 1502 1967 1550 dextro
1989 1501 2041 1551 in
2066 1500 2233 1551 codd.
2265 1501 2524 1552 nonnullis

326 1166 479 1216 Huls.
512 1169 736 1218 redimuit
770 1169 929 1219 Vind.
954 1175 1000 1222 1.
1034 1170 1120 1222 Al.
1156 1173 1518 1224 redimivit—6
1552 1175 1691 1226 Oud.
1726 1175 1889 1225 suasit

1319 1663 1533 1714 No'rAE

384 1751 404 1783 f
429 1754 609 1803 Januis
637 1756 977 1823 dependebant]
1034 1760 1108 1809 Ut
1132 1759 1230 1809 hoc
1253 1775 1378 1810 sono

313 1830 568 1892 janitores
591 1840 941 1899 monerentur,
977 1844 1067 1885 aut
1090 1838 1379 1887 excitaren-

323 1917 423 1956 tur.
477 1906 676 1956 Auctor
697 1916 776 1957 est
801 1909 918 1974 Dio,
942 1911 1019 1961 bis
1040 1927 1242 1978 quoque
1266 1929 1379 1962 cus·

322 1982 469 2031 todes
514 1983 789 2035 insularum
838 1984 1082 2036 familiam
1128 1989 1380 2039 advocare

320 2057 497 2135 solitos
520 2058 669 2125 (quid
712 2061 814 2111 sint
850 2063 1027 2112 insulse
1060 2064 1162 2113 vid.
1187 2066 1237 2115 in
1272 2065 1380 2118 Jul.

320 2148 435 2197 cap.
466 2137 594 2199 ab).
650 2137 750 2186 His
778 2153 980 2204 quoque
1007 2140 1072 2190 ad
1108 2143 1378 2205 prandium

319 2226 585 2263 coenamve
642 2215 939 2277 parandam,
1003 2219 1379 2283 apponendam,

318 2290 518 2353 signum
532 2290 730 2355 datum,
742 2293 985 2356 colligere
998 2303 1079 2344 est
1091 2310 1155 2344 ex
1166 2296 1379 2346 Senecae

320 2367 470 2428 epist.
492 2370 575 2416 95.
598 2376 655 2417 et
671 2382 737 2417 ex
757 2383 804 2418 c.
824 2373 904 2419 12.
926 2369 1016 2420 lib.
1036 2370 1102 2420 de
1122 2371 1380 2423 brevitate

319 2443 460 2495 vitae.
528 2444 680 2494 Unde
704 2453 760 2496 et
779 2447 1059 2497 Trimalcio
1081 2448 1168 2498 ille
1193 2448 1381 2500 Petro-

322 2521 504 2571 nianus
546 2522 845 2586 symphonia
880 2524 1082 2587 signum
1132 2524 1230 2575 hoc
1268 2525 1382 2576 dari

318 2604 483 2647 curat.
502 2599 731 2649 Martial.
746 2598 811 2648 de
827 2601 922 2649 hoc
934 2593 1256 2666 Apophoret.
1270 2606 1384 2651 163.

320 2676 405 2723 cui
427 2675 611 2726 lemma
640 2682 654 2704 ‘
672 2677 1129 2727 Tintinnabulum:
1165 2680 1180 2707 ‘
1201 2679 1383 2729 Redde

318 2751 500 2815 pilam,
525 2761 670 2802 sonat
694 2768 765 2803 aes
786 2753 1138 2811 thermarum:
1164 2757 1265 2806 διο.

382 2836 408 2872 3
441 2829 627 2893 Stipem
661 2832 935 2897 quotannis]
984 2833 1171 2896 Specie
1211 2833 1383 2899 aliqua

319 2905 539 2956 miseriae
573 2908 767 2970 placari
799 2909 896 2959 sibi
928 2909 1091 2959 Deam
1119 2910 1385 2961 Nemesim

317 2983 703 3049 existimabant,
736 2984 835 3035 hoc
868 2992 967 3043 est,
992 2987 1222 3036 Deorum
1253 2988 1383 3037 invi-

319 3064 475 3119 diam,
503 3071 686 3128 utpote
710 3062 941 3114 feliciore
962 3063 1171 3116 fortuna
1194 3069 1385 3118 utenti-

317 3138 414 3188 bus
447 3137 756 3201 obnoxiam3
798 3141 978 3205 sicque
1012 3141 1269 3192 laetissima
1304 3158 1385 3194 re·

318 3232 431 3268 rum
458 3219 864 3268 tristissimarum
889 3221 1152 3269 mentione
1186 3227 1385 3284 tempe·

319 3296 512 3346 rabant
538 3310 553 3356 ;
586 3295 707 3344 hinc
729 3295 818 3343 illa
842 3296 922 3345 vel
946 3296 1166 3346 extremi
1187 3298 1381 3361 suppli-

317 3373 386 3423 cii
412 3372 462 3421 in
499 3371 771 3436 triumphis
807 3374 1169 3435 instrumenta,
1205 3371 1383 3436 flagel-

315 3449 440 3514 lum,
480 3448 882 3500 tintinnabulum
920 3450 1091 3499 currui
1131 3464 1383 3513 appensa,

307 3527 417 3591 jam
440 3525 562 3576 inde
584 3525 652 3575 ab
676 3526 898 3577 Horatio
923 3526 1010 3576 illo
1033 3526 1382 3576 Curiatiorum

322 3603 539 3653 victore.
618 3602 819 3654 Quibus
873 3602 941 3652 de
998 3602 1181 3652 ritibus
1240 3617 1383 3667 saepe

319 3680 636 3730 Plutarchus
670 3681 723 3730 in
762 3681 981 3730 Camillo
1016 3690 1071 3731 et
1110 3680 1278 3731 Paulo
1300 3681 1383 3731 ΙΕ-

318 3759 478 3808 milio.
558 3759 767 3808 Fulvius
811 3758 1030 3808 Ursinus
1075 3758 1174 3808 hnc
1218 3758 1386 3809 refert

317 3836 709 3900 inscriptiones,
754 3850 879 3900 quas
924 3835 1102 3886 Romoe
1143 3838 1193 3885 in
1231 3851 1383 3887 sacra

317 3914 399 3962 via
425 3920 664 3978 repertas
690 3914 795 3976 ait;
828 3913 920 3965 sed
942 3914 1021 3964 1·ae
1045 3930 1223 3965 omnes
1245 3930 1378 3966 anno

314 4004 471 4052 novo,
490 3989 573 4038 vel
596 3990 848 4041 Kalendis
868 3992 903 4044 J
907 3993 1124 4054 aunarii,
1140 3992 1377 4043 collatam

319 4070 511 4133 stipem
534 4074 814 4132 testantur,
840 4070 977 4134 quod
1009 4069 1075 4120 de
1105 4085 1168 4120 ea
1206 4071 1377 4133 potius

320 4146 716 4209 intelligendum
762 4147 986 4210 videtur,
1027 4162 1142 4213 quae
1184 4153 1377 4197 strenae

313 4223 529 4272 nomine
554 4223 931 4276 conferebatur.

354 4296 385 4330 ³²
401 4300 581 4349 Cavam
592 4299 801 4364 manum]
818 4301 971 4352 Quod
987 4300 1380 4354 mendicantium

1456 1769 1557 1826 est,
1578 1777 1638 1812 ac
1674 1762 1792 1811 ideo
1815 1763 2018 1827 majoris
2055 1761 2365 1826 abjectionis
2395 1764 2526 1813 indi·

1455 1841 1613 1900 cium,
1637 1838 1970 1904 ingenuisque
1991 1838 2111 1888 viris
2136 1852 2199 1888 eo
2223 1838 2389 1888 minus
2407 1839 2522 1904 dig·

1455 1930 1596 1979 nuru,
1625 1914 1759 1978 quod
1785 1915 1880 1964 illis
1905 1915 2093 1984 probro
2126 1922 2438 1979 verteretur,
2463 1922 2524 1966 ut

1455 1990 1660 2041 sordide
1673 1993 1860 2056 avaris,
1872 2006 1932 2041 ac
1945 1992 2234 2056 rapacibus,
2246 1999 2302 2041 ut
2317 2006 2383 2042 ex
2398 1991 2524 2042 Am·

1454 2070 1609 2118 miani
1648 2070 1939 2120 Marcellini
1975 2069 2008 2120 Ι.
2033 2082 2148 2120 xvi.
2168 2068 2356 2134 probat
2378 2069 2522 2119 clare

1456 2145 1811 2209 casaubonus,
1840 2146 1932 2196 sed
1960 2146 2184 2196 maxime
2201 2158 2268 2196 ex
2280 2145 2522 2196 claudia-

1455 2236 1523 2272 no
1556 2222 1610 2270 in
1645 2221 1905 2286 Rufinum,
1941 2224 2211 2273 ‘Dextera
2233 2221 2521 2288 quinetiam

1454 2297 1580 2347 ludo
1620 2312 1869 2348 concessa
1902 2305 2118 2363 vagatur
2155 2298 2277 2348 AEra
2316 2307 2526 2362 petens,

1454 2388 1736 2441 poenasque
1760 2376 1912 2425 animi
1938 2374 2189 2441 persolvit
2206 2375 2365 2433 avari,
2388 2374 2523 2424 Ter·

1455 2452 1590 2503 ribili
1608 2454 1772 2517 lucro,
1786 2453 2029 2519 vivosque
2043 2453 2248 2502 imitata
2266 2458 2523 2508 retentus.

1418 2587 1423 2595 ¹
1456 2532 1678 2594 Cogitur
1717 2529 1958 2580 adductis
2013 2528 2203 2592 digitos
2246 2525 2521 2577 inflectere

1456 2605 1665 2656 nervis.'
1733 2606 1850 2657 Qua
1886 2603 2348 2656 circumlocutione
2373 2609 2523 2667 patet

1455 2682 1802 2734 mendicantis
1824 2688 1914 2732 aut
1935 2680 2139 2745 rapacis
2177 2680 2274 2728 viri
2309 2694 2517 2729 manum

1455 2758 1694 2824 exprimi.
1762 2757 1983 2807 Rufinus
2005 2756 2140 2806 enim
2176 2755 2264 2805 ille
2288 2754 2384 2804 sub
2407 2755 2522 2805 Ho-

1455 2836 1600 2888 norio
1624 2836 1940 2900 imperatore
1970 2830 2253 2898 praefectus
2279 2832 2522 2896 praetorio

1458 2914 1748 2965 trucidatus
1787 2919 1887 2976 est,
1923 2920 1977 2962 et
2010 2911 2084 2961 sic
2122 2908 2346 2960 formata
2366 2924 2523 2960 manu

1458 3006 1555 3055 per
1609 2987 2107 3053 Constantinopolim
2170 2986 2520 3037 circumlatus.
2604 3009 2606 3013 >

1459 3068 1600 3118 hinc
1638 3068 1702 3117 de
1740 3064 2136 3116 Atheniensium
2177 3063 2393 3112 avaritia
2422 3063 2522 3113 hoc

1456 3145 1786 3210 proverbium
1811 3150 1987 3194 uatum
2011 3148 2114 3199 est,
2132 3142 2223 3201 τὴν
2243 3141 2364 3205 χεῖρ’
2389 3140 2524 3191 ὑπίσ-

1457 3240 1538 3287 χει
1562 3222 1640 3273 καὶ
1662 3220 1969 3281 ἀποθνήσκων
1993 3218 2226 3269 Ἀττικός.
2260 3220 2525 3270 Athenien-

1457 3303 1528 3350 sis
1550 3303 1623 3349 vel
1642 3300 1846 3349 moriens
1865 3302 2004 3347 cavat
2025 3312 2229 3346 manum.

1528 3376 1542 3409 ¹
1566 3375 1734 3437 Assos]
1767 3376 1853 3424 De
1875 3372 2074 3422 assibus
2108 3372 2162 3419 in
2185 3370 2292 3420 Jul.
2317 3385 2363 3419 c.
2386 3375 2436 3419 4.

1521 3450 1546 3486 ¹⁵
1579 3451 1808 3514 Auspicia
1830 3455 1876 3500 et
1893 3448 2074 3512 omina]
2100 3446 2222 3496 Hoc
2242 3450 2324 3495 est
2341 3445 2519 3494 discri-

1458 3543 1576 3577 men
1609 3528 1787 3576 harum
1823 3540 2038 3574 vocum:
2075 3521 2308 3586 auspicia
2343 3520 2521 3570 abavi-

1458 3620 1544 3654 um
1587 3602 1928 3668 inspectione,
1964 3601 2181 3665 auguria
2219 3597 2287 3647 ab
2333 3613 2518 3648 eorun-

1458 3683 1576 3733 dem
1600 3682 1824 3746 garritu,
1842 3678 2015 3728 omina
2049 3678 2113 3726 ab
2146 3677 2404 3725 bominum
2433 3690 2519 3725 vo-

1459 3761 1626 3824 cibus,
1650 3758 1835 3824 quibus
1858 3756 1958 3804 vim
1995 3768 2197 3820 quoqne
2223 3767 2365 3801 suam
2390 3753 2522 3803 ines-

1460 3852 1516 3887 se
1551 3833 1906 3896 crediderunt,
1936 3831 2072 3897 quod
2105 3830 2289 3880 Cicero
2318 3830 2526 3880 notavit

1462 3929 1503 3964 1.
1527 3912 1592 3963 de
1617 3911 1949 3962 Divinatione
1974 3912 2086 3957 102.
2109 3907 2196 3956 ubi
2219 3907 2286 3955 de
2303 3906 2384 3955 liis
2408 3907 2521 3971 plu.

1460 4007 1538 4054 ra,
1579 4002 1866 4055 quanquam
1914 3986 2050 4035 idem
2106 3990 2288 4033 auctor
2324 3981 2519 4034 fulmen

1460 4069 1626 4132 ipsum
1650 4068 1786 4116 inter
1819 4063 2047 4126 aruspicia
2065 4069 2306 4126 reponat,
2327 4061 2519 4111 ibidem

1458 4146 1548 4195 lib.
1572 4158 1634 4195 11.

1523 4220 1537 4255 ¹
1576 4220 1795 4284 Calceus]
1831 4220 1949 4272 Quo
1975 4215 2058 4268 die
2100 4217 2355 4267 seditione
2386 4216 2520 4265 mili·

1463 4301 1578 4356 tari,
1603 4299 1667 4348 de
1691 4313 1794 4362 qua
1828 4311 1984 4362 supra
2019 4310 2067 4347 c.
2101 4300 2149 4348 4.
2174 4309 2336 4360 prope
2361 4292 2518 4344 afflic-
