3019 4922
1306 348 1605 401 sumus.
2456 336 2546 402 47-

325 497 551 583 quoad
586 506 812 584 usque
838 502 873 544 ³⁴
894 514 1135 563 manus
1182 497 1503 584 Equitum
1550 498 2031 577 Romanorum,
2078 518 2227 584 quae
2278 509 2541 568 armata

330 601 645 686 praesidii
707 621 925 667 causa
974 602 1483 681 circumstabat,
1536 602 2040 668 immoderatius
2090 607 2542 686 perseveranti

335 724 567 770 necem
599 705 1008 770 comminata
1034 713 1175 770 est:
1221 704 1464 771 etiam⁶
1492 706 1763 771 strictos
1795 706 2054 788 gladios
2083 726 2298 790 usque
2332 727 2413 770 eo
2443 709 2544 771 in-

338 813 625 885 tentanS,
665 811 742 871 ut
782 806 1116 872 sedentem
1147 816 1329 872 unap
1369 809 1665 892 proximi
1712 808 2136 888 deseruerint,
2171 810 2290 874 vix
2338 810 2543 894 pauci

345 910 718 994 complexu
756 916 1045 994 togaque·
1072 910 1346 995 objecta
1371 913 1841 995 protexerint-⁷
1870 920 1897 959 ‘¹
1983 912 2175 978 Tunc
2197 913 2396 996 plane
2428 914 2544 978 de·-

345 1017 641 1093 territus,
687 1034 824 1079 non
867 1015 1069 1080 modo
1116 1017 1349 1094 cessit,
1393 1015 1565 1081 sed⁸
1611 1015 1683 1080 in
1728 1015 2053 1101 reliquum
2092 1017 2248 1079 anni
2277 1022 2542 1100 tempus

348 1119 528 1182 curia
558 1116 900 1183 abstinuit.
961 1115 1124 1203 [15.]
1159 1118 1386 1184 Primo
1415 1125 1728 1202 praeturae
1760 1119 1944 1183 die‘t
1969 1116 2059 1197 Q.
2084 1116 2425 1182 Catulum³
2455 1120 2543 1183 de

346 1221 702 1286 refectione
749 1221 1071 1304 Capitolii
1103 1220 1122 1257 e
1163 1221 1250 1286 ad
1298 1221 1837 1307 disquisitionem
1887 1221 2126 1306 populi
2156 1227 2185 1260 ¹¹
2225 1223 2544 1301 vocavit,⁹

347 1325 687 1407 rogatione
729 1324 1193 1408 promulgata?
1241 1344 1378 1407 qua
1425 1325 1834 1389 curationem
1886 1343 2035 1388 eam
2078 1323 2149 1387 in
2194 1323 2398 1387 alium
2429 1332 2483 1362 ¹0
2508 1331 2542 1358 ⁸⁹

347 1428 797 1491 transferebat.
883 1427 1137 1523 Verum
1193 1425 1412 1510 impar
1474 1427 1909 1510 optimatium
1933 1432 1963 1463 ⁸
2030 1425 2562 1507 conspirationi,

349 1548 546 1614 quos,
578 1530 809 1596 relicto
830 1538 850 1570 ¹
884 1532 1102 1596 statim
1126 1548 1448 1595 novorum
1473 1529 1839 1596 Consulum
1862 1529 2136 1609 officina
2163 1529 2545 1611 frequentes

1282 1679 1643 1705 “Obmum

353 1764 459 1842 iem,
494 1775 618 1831 alia‘
643 1796 673 1830 a
715 1781 894 1831 Cortio
941 1781 1065 1842 visa,
1102 1781 1505 1831 laborantem—5
1564 1781 1723 1844 Usque
1775 1781 2021 1832 omittunt
2068 1782 2280 1833 Memm.
2333 1782 2448 1832 Pal.
2490 1786 2541 1832 3.

352 1844 507 1896 Fouc.
552 1845 733 1910 Cujac.
778 1847 936 1896 vind.
978 1852 1026 1897 2.
1070 1848 1214 1896 Cort.
1266 1846 1448 1897 Barth.
1500 1846 1691 1898 memb.
1749 1856 1806 1898 et
1854 1847 2028 1897 Periz.
2081 1849 2221 1897 linea
2263 1847 2543 1908 subducta,

350 1926 461 1961 cum
498 1909 634 1960 Edd.
671 1912 818 1960 Rom.
851 1919 907 1962 et
945 1912 1193 1961 damnant
1215 1912 1440 1961 casaub.
1463 1912 1642 1964 But-m.
1669 1912 1811 1962 Oud.
1879 1913 2027 1962 Solus
2056 1911 2263 1962 Wolfius
2287 1913 2411 1962 nihil
2436 1928 2546 1961 mu-

351 1977 557 2026 tandum
595 1977 831 2026 censuit:
865 1992 1098 2041 quousque
1125 1991 1292 2025 marcus
1315 1975 1481 2026 Rhed.
1504 1981 1570 2026 2.·
1619 1978 1809 2040 Supra,
1838 1993 1926 2027 nec
1954 1977 2026 2026 sic
2059 1977 2204 2028 Med.
2240 1976 2362 2040 duo,
2396 1979 2544 2027 Cort-

351 2042 503 2092 vind.
528 2047 864 2107 uterque.—-6
903 2043 1104 2102 Etjam,
1124 2042 1321 2091 duabus
1341 2041 1575 2102 vocibus,
1593 2043 1764 2093 Pet-iz.
1790 2042 1923 2093 Edd.
1945 2044 2093 2092 Rom.
2111 2044 2245 2092 Ven.
2268 2044 2401 2093 Bon.
2423 2042 2543 2097 Ald.

349 2106 517 2170 Lugd.
543 2108 666 2156 Bas.
689 2116 743 2157 et
766 2108 878 2156 atiae
910 2108 1160 2171 plut-imao,
1195 2115 1251 2156 ut
1285 2108 1410 2155 alias
1444 2120 1584 2171 saepe
1604 2106 1919 2158 factum—‘I
1953 2108 2180 2157 rexerint
2202 2103 2357 2157 virid.
2382 2111 2430 2157 1.
2455 2108 2543 2171 qui

349 2182 462 2221 ante
497 2173 789 2222 encliticam
816 2187 906 2237 que
937 2172 1155 2222 omittit.
1189 2177 1501 2239 protexerunt
1542 2173 1711 2222 Rhed.
1749 2176 1897 2223 2.-8
1933 2172 2148 2223 Habent
2183 2174 2377 2222 Medic.
2419 2180 2544 2229 tres,

349 2237 504 2285 Vind.
527 2241 578 2286 2.
603 2239 791 2301 Copes.
813 2252 930 2286 cum
957 2237 1092 2287 Edd.
1117 2238 1297 2299 Camp.
1321 2236 1466 2288 Junt.
1492 2237 1655 2300 Lugd.
1688 2240 1770 2287 sed
1801 2243 1865 2287 et.
1929 2238 2083 2300 Vulg.
2105 2239 2186 2287 sed
2207 2239 2373 2289 etiam.
2439 2238 2543 2285 Ve-

347 2314 455 2351 rum
477 2302 635 2350 Vind.
659 2307 709 2352 1.
730 2308 784 2352 et
805 2302 1297 2364 Corsondencensis‚
1317 2317 1418 2366 quo
1441 2302 1616 2352 Pulm.
1640 2310 1720 2353 est
1740 2317 1881 2366 usus,
1901 2318 2017 2351 cum
2037 2303 2218 2355 Cu'ac.
2243 2317 2342 2351 non
2366 2316 2546 2364 agnos-

350 2375 467 2443 cunt
489 2366 550 2416 τὸ
568 2367 729 2430 etiam,
766 2381 985 2461 quorum
1021 2367 1334 2445 auctoritate
1374 2367 1652 2423 delendum
1690 2373 1873 2444 putant
1894 2369 2075 2417 Burm.
2149 2367 2234 2445 ud.
2258 2374 2313 2417 et
2338 2382 2367 2417 e
2393 2372 2545 2437 textu

347 2433 825 2547 :³155‡{..¹‚³‚²1¹:1¹‚¹‡5;1‚·3
845 2432 1896 2562 .Jrsspilssssssfflss·.?5.0133tss'2.”3‚22355,t
1923 2433 2546 2561 2¹:²5..¹33;¹⁰„32‘;.23252

345 2563 393 2612 iu
412 2563 511 2614 Ed.
532 2563 751 2614 Medici.
767 2567 814 2614 1.
828 2564 1060 2627 margine
1080 2563 1333 2614 habeturz
1358 2563 1425 2612 al.
1444 2562 1776 2626 praefectum-3
1795 2563 2071 2614 Oud.--10
2091 2564 2151 2613 ln
2170 2564 2371 2613 alterum
2386 2563 2548 2612 Fouc.

1334 2690 1552 2743 NOTAE

348 2790 466 2841 Tito
490 2805 608 2855 cap.
634 2796 685 2841 3.

410 2874 436 2907 1²
470 2863 725 2917 Sedentem
759 2882 873 2930 una,
895 2866 1001 2931 ξω]
1035 2866 1150 2916 Nec
1187 2864 1403 2926 mirum3

345 2943 522 2993 leviori
548 2946 686 2993 enim
709 2944 776 2993 de
799 2959 955 2995 causa
973 2942 1230 2993 cavebant
1245 2943 1406 2992 Sena·

349 3027 485 3070 tores
510 3034 575 3069 ue
597 3017 790 3069 bomini
819 3018 1043 3068 obnoxio
1067 3018 1372 3068 assiderent.

405 3105 430 3139 Ἰ
476 3096 811 3160 Protexerint]
862 3096 1175 3145 Plutarchus
1221 3102 1406 3145 auctor

347 3178 424 3220 est
447 3169 706 3222 Caesarem
730 3188 760 3222 a
781 3173 1007 3224 Curione
1030 3170 1243 3235 objectu
1271 3178 1404 3235 togae

345 3256 622 3299 servatum.

406 3334 426 3359 ¹·
445 3327 691 3375 Praeturoe
712 3326 814 3389 die]
835 3326 1080 3376 Calendis
1104 3341 1291 3391 nempe
1315 3328 1405 3379 Ja-

347 3403 557 3464 nunriis,
604 3417 708 3467 quo
753 3401 837 3451 die
880 3403 1138 3467 designati
1183 3404 1402 3454 comitiis

347 3480 594 3546 Consules
637 3487 694 3529 et
738 3479 1002 3530 Praetores
1045 3481 1403 3544 magistratum

344 3555 561 3608 inibant.
646 3603 649 3608 .

356 3623 359 3630 ”
409 3640 428 3664 ·
464 3631 713 3695 Cantium]
747 3634 879 3683 Eum
896 3632 961 3683 de
985 3647 1085 3699 quo
1109 3649 1264 3698 snpra
1285 3649 1403 3699 cap.

352 3714 431 3759 13.

417 3796 439 3839 t
475 3786 627 3837 Am.
653 3788 714 3837 C.
738 3791 856 3838 692.

417 3864 434 3895 ²
464 3864 540 3912 De
560 3865 809 3925 refectione
835 3863 1082 3928 Capitolii]
1118 3863 1270 3916 Quod
1300 3861 1404 3913 bel·

360 3938 409 3987 lo
432 3940 579 3989 Civili
609 3937 1006 4003 deflagraverat.

424 4023 447 4049 ¹¹
470 4016 857 4079 Disquisitionem
867 4009 1051 4081 populi]
1085 4017 1274 4067 Utrum
1290 4030 1403 4068 eam

374 4103 536 4137 curam
573 4090 659 4139 alii
697 4092 852 4142 vellet
891 4107 1040 4159 quam
1088 4094 1276 4143 Catulo
1316 4094 1405 4160 ‹le-¹

376 4166 610 4214 mandari.

443 4246 464 4273 V
497 4237 747 4303 Bag-atione
764 4246 1082 4312 promulgata]
1103 4245 1406 4310 Promulga·

1484 2786 1531 2835 ri
1562 2785 1875 2837 dicebantur
1909 2789 2071 2852 leges,
2095 2801 2210 2837 cum
2247 2783 2546 2835 trinundino

1483 2872 1598 2914 toto
1614 2864 1666 2914 in
1691 2866 1873 2929 vulgus
1894 2863 2203 2926 edebantur,
2218 2877 2318 2927 qno
2336 2870 2546 2927 praeter-

1484 2942 1560 2993 ito
1586 2950 1819 3007 tempore
1844 2958 1943 2992 non
1970 2941 2160 2991 licebat
2196 2954 2284 2989 eas
2317 2939 2424 2988 tolli
2448 2945 2545 2989 nec

1483 3019 1835 3085 intercedere,
1866 3020 1908 3069 si
1939 3020 2059 3068 latae
2082 3015 2336 3067 fuissent:
2372 3015 2438 3065 de
2464 3030 2546 3065 ro·

1485 3096 1693 3159 gatione
1718 3110 1877 3158 supra
1896 3110 2011 3159 cap.
2030 3100 2079 3143 5.
2529 3143 2534 3148 ,

1549 3178 1583 3205 w
1616 3172 1679 3222 In
1709 3172 1877 3236 alium]
1912 3171 2130 3221 Scilicet
2151 3168 2473 3233 Pompeium,
2495 3168 2546 3216 in

1484 3253 1637 3313 quem
1659 3249 1825 3297 voluit
1848 3247 2025 3297 Caesar
2057 3260 2160 3294 non
2192 3252 2297 3294 tam
2321 3245 2547 3293 curatio-

1483 3340 1602 3374 nem
1635 3325 1776 3375 illam
1813 3339 1968 3391 quam
1999 3320 2349 3385 inscriptionis
2385 3321 2547 3369 hono-

1485 3418 1596 3453 rem
1633 3404 1908 3454 ambitiose
1938 3397 2245 3462 transferre,
2279 3403 2335 3449 et
2359 3397 2546 3446 Catulo

1484 3480 1711 3543 eripere.

1549 3559 1575 3587 ¹
1614 3553 1953 3619 optimatium]
2002 3553 2203 3603 Horum
2242 3549 2549 3614 appellatio·

1486 3648 1555 3684 ne
1596 3649 1684 3684 eos
1716 3633 1969 3694 intellige,
2004 3629 2093 3694 qui
2129 3627 2389 3677 nobilitati
2418 3626 2545 3692 sive,

1487 3712 1623 3777 quod
1650 3712 1785 3761 idem
1825 3716 1925 3771 est,
1956 3706 2183 3770 Syllauae
2222 3702 2440 3753 factioni
2470 3701 2546 3752 fa-

1486 3795 1689 3845 ventes,
1715 3784 2070 3852 popularibus,
2093 3780 2145 3829 id
2171 3786 2252 3829 est
2275 3779 2550 3845 Marianis,

1486 3879 1518 3913 a
1553 3864 1737 3929 quibus
1770 3861 1943 3911 stabat
1981 3860 2171 3920 Caesar,
2203 3855 2547 3906 adversaban-

1488 3946 1595 3990 tur.
2541 3947 2544 3950 ’

1550 4024 1573 4059 5
1610 4013 1866 4063 Consulum
1882 4009 2055 4077 officio]
2078 4007 2231 4061 Quod
2255 4022 2441 4076 nempe
2457 4023 2547 4059 no-

1484 4090 1563 4141 vis
1590 4088 1899 4142 Consulibus
1936 4087 2002 4137 ab
2036 4086 2215 4136 amicis
2262 4085 2547 4147 praestaba-

1485 4174 1603 4218 tur:
1638 4165 1867 4217 calendis
1901 4166 2036 4214 enim
2065 4160 2341 4218 Januariis,
2363 4161 2549 4225 quibus

1487 4245 1848 4310 magistratum
1880 4242 2102 4303 inibant,
2136 4238 2317 4303 stipati
2350 4236 2549 4299 amicis,

1645 4439 1684 4461 Q
