3019 4922
1243 366 1619 462 insumus]
2390 397 2524 464 447

339 564 491 621 ests
550 555 638 620 Et
664 554 890 635 stati-m
924 574 1010 619 ex
1034 554 1268 620 itinere
1293 554 1685 634 revocatus,i
1723 556 1866 640 jam
1891 557 2155 641 quidem
2186 556 2521 640 affectum,

340 661 458 724 sed
486 666 701 724 tamen
729 661 1089 742 spirantem
1123 658 1338 723 adhuc
1372 659 1748 740 Augustum
1781 662 2046 743 reperit,
2084 654 2355 746 fuitque
2386 682 2522 727 una

334 772 591 827 secreto
631 782 749 845 per
781 767 990 825 totum
1017 761 1040 799 ⁸
1084 762 1283 825 diem.
1373 762 1552 838 Sci0,
1600 758 1802 845 'vulgo
1842 782 2257 845 persuasum,
2300 765 2520 849 quasi,

330 884 600 945 egresso
632 873 792 948 post
821 871 1151 930 secretum
1183 866 1552 929 sermonem
1583 865 1882 943 Tiberio,
1912 884 2052 931 vox
2074 863 2364 949 Augusti
2398 888 2520 951 per

330 963 821 1032 cubiculariosk
865 972 1150 1051 excepta
1189 968 1307 1032 sit:
1354 973 1374 1005 ‘
1399 967 1723 1031 Miserum
1762 966 2088 1051 populum
2119 970 2520 1048 Romanum,

331 1070 445 1153 qui
467 1071 594 1135 sub
619 1077 752 1136 tam
775 1070 976 1135 lentis
994 1070 1285 1136 maxillis
1303 1079 1330 1120 ⁹
1360 1067 1559 1136 erit.'¹
1607 1070 1756 1135 Nec
1779 1070 1951 1134 illud
1979 1071 2245 1154 quidem
2267 1073 2518 1155 ignom,

327 1174 592 1267 aliquos
615 1174 986 1252 tradidisse,
1005 1173 1388 1263 ‘Augustum
1423 1174 1649 1257 palam
1691 1193 1816 1238 nec
1847 1174 2335 1239 dissimulanter
2372 1196 2519 1239 mo-

330 1296 470 1341 rum
523 1276 670 1358 ejus
718 1278 1047 1343 diritatem
1069 1286 1181 1316 ¹0¹⁰
1232 1278 1404 1342 adeo
1442 1278 1883 1361 improbasse,
1915 1283 1991 1342 ut
2034 1298 2514 1363 nonnunquam

321 1380 739 1445 remissiores
763 1391 783 1421 ¹
844 1380 1321 1466 hilarioresque
1402 1400 1761 1459 sermoneS,
1834 1378 2338 1464 superveniente
2408 1401 2517 1461 e0,

324 1485 782 1568 abrumperet:
830 1485 948 1549 sed
985 1491 1442 1569 expugnatum
1479 1485 1794 1567 precibus
1821 1485 2055 1548 uxoris
2084 1483 2516 1567 adoptionem

323 1605 454 1650 non
486 1588 833 1668 abnuisse;
879 1587 986 1653 vel
1037 1589 1239 1651 etiarn
1288 1586 1653 1652 ambitione
1704 1594 2035 1659 tractum‚²
2060 1593 2136 1651 ut
2184 1588 2305 1652 tali
2360 1607 2516 1652 suc-

321 1709 594 1755 cessore
656 1688 1206 1755 desiderabilior¹³
1260 1689 1413 1772 ipse
1469 1691 1874 1774 quandoque
1918 1691 2121 1755 fieret.
2240 1686 2513 1754 Adduci

318 1796 536 1857 tamen
565 1812 842 1876 nequeo,
876 1793 1032 1876 quin
1056 1792 1459 1868 existimem,
1490 1793 2244 1876 circumspectissimum
2267 1798 2336 1857 et
2357 1812 2514 1875 pru-

321 1892 783 1960 dentissimum
824 1895 1232 1979 Principem,
1278 1896 1344 1963 in
1385 1902 1574 1961 tanto
1615 1897 1990 1979 praesertim
2026 1896 2312 1978 negoti0,
2343 1893 2509 1958 nihil

1227 2075 1437 2097 '‘OOC“
1444 2077 1495 2099 ‘C
1501 2077 1592 2097 000

318 2181 364 2226 1.
389 2174 475 2240 qui
501 2189 619 2222 mox
635 2181 744 2237 post
763 2181 1057 2225 secreta-9
1098 2176 1297 2227 Vexillis
1317 2178 1518 2228 Viterb.
1582 2177 1717 2227 Dein
1749 2180 1848 2229 edit
1885 2179 1937 2229 in
1962 2178 2114 2229 duob.
2136 2179 2283 2228 Torr.
2307 2178 2422 2228 Pal.
2445 2182 2511 2230 tr.

317 2242 460 2290 Cort.
486 2238 619 2288 Edd.
649 2241 792 2290 Rom.
819 2240 984 2299 Lugd.
1007 2242 1155 2292 Junt.
1181 2242 1309 2305 Arg.
1331 2243 1533 2308 Gryph.
1561 2244 1811 2307 probante
1830 2244 1982 2294 Grut.
2015 2246 2169 2294 ederet
2189 2243 2312 2293 Ald.
2331 2244 2509 2306 Steph.

313 2305 498 2353 Heius.
521 2304 859 2379 mallet-perit.
895 2306 1085 2356 Statim
1109 2323 1166 2357 ne
1182 2309 1301 2356 illud
1321 2308 1486 2358 edidit
1504 2309 1644 2358 Oud.
1670 2318 1725 2359 et
1745 2318 1862 2371 post
1879 2325 1994 2359 eum
2020 2308 2180 2359 Wolf.
2203 2309 2371 2357 secuti
2393 2309 2509 2358 Me-

315 2369 416 2419 dic.
445 2378 573 2432 tres,
599 2369 756 2418 Polit.
790 2369 947 2417 Vind.
977 2379 1267 2436 utrumque,
1292 2373 1404 2433 Cuj.
1437 2373 1700 2438 aliosque:
1734 2389 1881 2437 neque
1922 2383 1980 2425 ut
2005 2375 2193 2437 passim
2218 2381 2336 2422 ante
2359 2388 2508 2422 voca·

313 2436 415 2485 lem
452 2435 532 2483 vel
568 2434 932 2497 aspirationem
970 2436 1067 2485 Ed.
1102 2438 1385 2488 Torr.—-10
1423 2440 1704 2489 Duritaeem
1737 2440 1828 2489 lib.
1863 2413 1964 2489 d'uo
1997 2441 2142 2489 Torr.
2179 2452 2295 2488 cum
2335 2438 2508 2489 Periz.

315 2500 550 2549 Harlem.
580 2502 748 2550 Nonn.
770 2500 910 2550 Cort.
935 2509 989 2551 et
1013 2503 1145 2552 Edd.
1168 2511 1288 2550 ante
1311 2504 1555 2553 Beroald.
1573 2506 1808 2568 aliaeque.
1865 2506 2007 2567 Lips.
2026 2503 2250 2553 duritiem
2273 2501 2507 2562 praefert.

309 2570 407 2616 -.-1
429 2565 745 2616 &missiones
765 2565 958 2617 Medic.
980 2572 1029 2616 2.
1054 2576 1108 2616 et
1135 2571 1642 2633 postea'snperadven.
1664 2571 1944 2634 Camp.—2
1972 2569 2244 2618 Tractatum
2267 2567 2367 2617 Ed.
2384 2566 2507 2621 seb.

1294 2730 1517 2782 NOTAE

371 2839 400 2875 Β
436 2831 637 2881 Condito
686 2830 1055 2894 lustroJ-Tunc
1119 2827 1366 2892 temporis
1449 2827 1623 2877 dicere
1647 2827 1853 2879 solitum
1897 2824 2076 2891 refert,
2104 2823 2504 2890 'relinquendum

309 2907 540 2972 Augusti
575 2909 776 2972 collega
810 2913 941 2969 erat,
969 2921 1127 2971 supra
1163 2907 1216 2955 in
1256 2905 1364 2954 Au-

305 2992 466 3047 ·gnato
488 3000 534 3034 c.
558 2989 638 3035 97.

370 3061 396 3094 ¹²
431 3061 704 3125 Illyricam]
734 3062 906 3125 Supra
929 3075 1044 3126 cap.
1068 3065 1148 3110 16.

373 3149 396 3195 f
435 3140 497 3187 Α.
519 3139 583 3188 U.
607 3140 667 3187 C.
690 3142 803 3188 767.

371 3212 385 3246 ῑ
420 3215 705 3278 Revocatus]
736 3213 871 3262 Vide
896 3214 947 3261 in
975 3212 1212 3276 Augusto
1243 3227 1359 3277 cap.

305 3295 390 3342 98.
437 3292 524 3341 nbi
564 3290 913 3353 discrepantia
966 3304 1123 3353 super
1166 3290 1265 3340 bac
1306 3304 1361 3339 re

306 3368 685 3418 Historicornni
712 3365 1021 3415 testimonia.

372 3443 396 3477 k
434 3443 777 3507 Cubicularia]
815 3444 897 3492 De
926 3442 1005 3491 his
1027 3441 1222 3491 Domit.
1244 3454 1359 3504 cap.

308 3525 389 3571 17.
412 3522 749 3570 commodius.
1331 3527 1334 3532 '

370 3597 385 3631 ¹
418 3596 587 3646 Lentis
618 3596 828 3646 maxillis
862 3595 977 3659 erit]
1026 3595 1360 3645 casaubonus

307 3672 702 3721 in·Viterbiensi
750 3672 958 3733 legebat
980 3673 1098 3732 edit,
1118 3684 1216 3719 nec
1243 3685 1360 3733 pro·

305 3748 468 3804 bavit,
484 3747 712 3812 quamvis
735 3748 871 3796 idem
898 3749 1107 3797 verbnm
1129 3762 1195 3796 ex
1233 3747 1359 3798 duo·

305 3825 404 3874 bus
450 3824 577 3873 Mas.⁴
605 3824 906 3873 Torrentius
945 3838 1045 3871 non
1083 3822 1357 3886 improbet.

303 3902 591 3965 comparat
629 3901 822 3949 lentam
860 3900 1054 3948 Tiberii
1094 3901 1358 3948 morosita-

304 3985 409 4027 tem
434 3976 616 4027 bestiae
639 3990 812 4035 saevae,
839 3989 955 4038 quae
978 3973 1221 4024 dentibus
1245 3989 1359 4037 pre·

302 4057 522 4104 hennum
545 4054 779 4102 cruciatu
815 4054 968 4112 longo
1005 4059 1183 4112 vexet,
1213 4058 1359 4101 ante·

306 4145 461 4194 qnam
488 4121 747 4179 conficiat.
771 4129 987 4177 Lentam
1009 4129 1141 4177 hanc
1162 4127 1359 4176 Tiberii

306 4206 531 4256 indolem
552 4205 862 4254 Plutarchus
888 4204 1046 4252 dubio
1082 4204 1259 4267 procul
1283 4203 1359 4251 in-

305 4282 424 4331 nuit
458 4282 513 4331 in
535 4280 903 4342 Problematis,
929 4295 1044 4330 cum
1069 4280 1358 4343 Augustum

1446 2920 1477 2952 a
1497 2917 1553 2952 se
1590 2919 1936 2955 successorem
1961 2918 2097 2965 eum,
2134 2902 2222 2966 qni
2247 2902 2311 2951 de
2335 2914 2393 2948 re
2417 2915 2499 2951 ea·

1444 2981 1561 3030 dem
1578 2996 1833 3045 nunqnam
1854 2981 1931 3030 bis
1950 2981 2228 3043 cogitaret.
2289 2977 2502 3026 Tacitus

1445 3066 1623 3108 tamen
1645 3059 1732 3109 lib.
1757 3074 1794 3107 ι.
1819 3057 2008 3109 Annal.
2054 3057 2070 3085 ‘
2090 3055 2290 3104 Literas
2322 3052 2385 3102 ad
2412 3066 2504 3101 ex-

1444 3137 1639 3184 ercitus
1672 3143 1917 3199 tanquam
1953 3134 2147 3197 adepto
2188 3129 2503 3192 Principatu

1442 3212 1600 3273 misit,
1616 3227 1862 3275 nusquam
1877 3207 2252 3272 contabundus,
2269 3205 2367 3256 nisi
2384 3218 2502 3255 cum

1442 3289 1494 3338 in
1519 3290 1709 3338 Senatu
1736 3285 2074 3352 loqueretur.’

1507 3375 1544 3400 ¹¹¹
1576 3366 1861 3427 Diritatem]
1898 3366 2014 3414 Hoc
2034 3369 2130 3427 est,
2165 3362 2501 3412 acerbitatem

1442 3446 1499 3489 et
1515 3440 1897 3490 intolerantiam
1916 3453 2131 3500 morum,
2150 3445 2208 3486 ut
2223 3436 2361 3486 infra
2381 3449 2501 3498 cap.

1439 3522 1524 3572 56.
1591 3517 1654 3566 In
1678 3516 1882 3567 duobus
1906 3517 2037 3565 Mss.
2081 3513 2340 3562 duritatem
2376 3511 2501 3562 Tot·

1442 3591 1639 3641 rentius
1660 3594 1875 3653 legerat.
1908 3621 1909 3624 =

1508 3674 1534 3699 ¹²
1566 3666 1965 3732 Desiderabilior]
2000 3664 2210 3718 Tacitus
2242 3663 2431 3713 Annal.
2456 3676 2498 3713 1.

1442 3759 1676 3794 rumores
1701 3743 1897 3792 funeris
1918 3742 2004 3790 die
2021 3754 2223 3805 sparsos
2246 3738 2498 3803 referens,

1445 3828 1462 3851 ‘
1483 3837 1549 3871 ne
1595 3821 1858 3869 Tiberium
1901 3818 2107 3883 quidem
2126 3833 2127 3838 ¹
2149 3815 2368 3865 caritate
2408 3821 2498 3864 aut

1441 3895 1768 3960 Reipublicae
1821 3909 1947 3945 cura
1980 3904 2329 3943 successorem
2368 3890 2498 3939 asci-

1440 3982 1585 4023 tum:
1621 3972 1710 4021 sed
1735 3972 1973 4036 quoniam
2012 3967 2357 4031 arrogantiam
2400 3981 2498 4016 εω-

1440 4049 1721 4113 vitiamque
1746 4047 1858 4108 ejus
1879 4041 2270 4107 introspexerit,
2290 4057 2499 4105 compa·

1440 4124 1641 4173 ratione
1665 4121 1942 4171 deterrima
1963 4118 2059 4169 sibi
2077 4117 2291 4184 gloriam
2309 4116 2497 4182 quaesi-

1440 4197 1616 4248 visse.'
1642 4197 1747 4249 Dio
1770 4196 1861 4248 lib.
1883 4209 1992 4246 avr.
2088 4233 2091 4240 .
2484 4217 2487 4222 ·
