3019 4922
1215 437 1397 483 ocTA
1415 438 1449 481 V
1466 438 1483 482 t
1499 436 1610 484 US.

2382 424 2515 490 389

329 579 687 662 Apollonia
741 585 810 642 et
857 577 1262 660 ingrediente
1312 600 1392 644 eo
1435 577 1714 669 Urbem,
1762 588 2026 664 repente
2057 582 2079 619 ⁸
2131 583 2385 667 liquido
2434 605 2514 649 ac

1227 757 1253 777 O
1259 757 1582 778 “mnu“

327 873 603 922 Burm.-—8
639 873 766 934 Opt.
804 874 932 923 liber
964 875 1110 923 Torr.
1146 891 1247 925 non
1285 876 1441 926 habet
1476 881 1682 941 repente.
1749 878 2173 942 Fouc.aliqm‘do,
2203 894 2319 928 cnm
2346 879 2515 929 Periz.

328 938 560 1017 Harlem.
583 939 717 987 Edd.
745 940 886 989 Rom.
905 941 1037 990 Ven.
1062 941 1205 991 Med.
1230 941 1379 992 Cald.
1404 943 1528 992 Bas.
1552 941 1803 1006 probante
1824 943 2002 993 Burm.
2053 945 2189 994 Dein
2212 960 2304 1009 pro
2319 944 2515 1008 speciem

1327 1121 1545 1172 NOTAE

325 1248 449 1299 serit
473 1257 643 1298 ortum
667 1249 705 1298 ?'
775 1251 889 1301 Nec
916 1260 1084 1300 tamen
1106 1253 1203 1301 alio
1227 1268 1377 1317 quam

322 1325 607 1386 Septembri
650 1340 822 1375 mense
849 1326 1140 1376 calendarii
1163 1329 1378 1391 Juliani,

324 1415 423 1464 quo
464 1400 664 1449 scilicet
710 1402 919 1462 utimur,
956 1409 1129 1451 natum
1174 1403 1379 1466 Augus·

323 1482 452 1536 tum,
476 1475 790 1538 persuadere
817 1491 961 1540 posse
981 1477 1185 1526 videtur
1209 1484 1378 1527 tanto·

322 1566 431 1601 rum
458 1554 678 1601 virorum
698 1555 977 1603 auctoritas
1000 1570 1013 1603 z
1052 1556 1244 1619 quippe
1272 1557 1376 1604 Dio

320 1628 410 1678 lib.
430 1642 519 1677 ιν.
540 1627 759 1691 idipsum
776 1628 969 1679 diserte
986 1628 1225 1690 affirmat,
1250 1632 1376 1680 Sue·

320 1705 490 1753 tonius
537 1720 653 1768 cap.
698 1711 744 1755 5.
812 1705 1075 1768 Augustus
1114 1707 1226 1770 ipse
1267 1716 1374 1756 tum

320 1780 457 1842 apud
501 1781 801 1830 Suetonium
846 1798 1000 1847 supra
1042 1798 1090 1834 c.
1140 1789 1219 1835 31.
1266 1792 1372 1834 tum

318 1857 455 1920 apud
478 1857 704 1907 Gellium
729 1859 815 1908 lib.
838 1873 931 1908 xv.
951 1875 996 1910 c.
1019 1865 1067 1910 7.
1089 1861 1173 1909 ubi
1197 1861 1374 1910 lauda·

319 1939 402 1981 tur
441 1932 786 1996 fragmentum
828 1936 1088 2000 quoddam
1129 1938 1276 1986 unius
1308 1953 1374 1987 ex

316 2008 540 2073 Augusti
564 2010 794 2074 epistolis
834 2014 897 2061 ad
929 2012 1108 2062 Caium
1132 2021 1372 2077 nepotem

318 2101 495 2136 suum:
536 2089 683 2150 cnjus
699 2090 987 2151 exemplum
1011 2097 1092 2139 est
1109 2104 1233 2139 vnt-
1251 2091 1372 2140 Kal.

317 2164 508 2214 Octob.
548 2164 713 2227 ‘Ave,
750 2166 815 2214 mi
852 2166 967 2227 Cat,
1002 2181 1146 2215 meus
1183 2167 1372 2216 ocellus

307 2241 733 2303 jucundissimus,
782 2258 931 2307 quem
970 2257 1175 2307 semper
1226 2259 1371 2293 meus

313 2315 465 2365 fidius
500 2316 740 2366 desidero
765 2333 881 2368 cum
914 2334 945 2367 a
979 2334 1060 2367 me
1101 2319 1242 2376 abes,
1279 2320 1370 2369 sed

312 2393 577 2456 praeciptte
614 2392 798 2441 diebus
840 2393 1048 2453 tatibus,
1087 2396 1248 2459 qualis
1290 2403 1371 2445 est

312 2470 612 2532 hodiernus,
633 2471 769 2519 oculi
794 2472 891 2519 mei
917 2472 1187 2534 requirunt
1204 2487 1370 2521 meum

314 2548 530 2595 Caium:
594 2562 744 2611 quem
791 2548 1098 2611 ubicumque
1143 2550 1240 2597 hoe
1286 2549 1372 2599 die

308 2621 473 2679 sitisti,
492 2638 645 2687 spero
669 2624 842 2673 laetum
877 2631 931 2674 et
958 2624 1092 2673 bene
1113 2625 1370 2673 valentem

310 2701 601 2749 celebrasse
638 2708 875 2765 quartum
907 2710 962 2750 et
997 2703 1370 2765 sexagesimum

308 2777 535 2825 natalem
570 2775 771 2825 menm.'
839 2777 980 2827 Quos
1016 2791 1213 2839 omnes,
1252 2791 1368 2827 cum

309 2859 433 2917 post
458 2851 791 2901 reformatum
833 2868 864 2901 a
888 2852 1028 2903 ,lulio
1058 2852 1370 2902 Kalendari-

309 2943 397 2978 um
441 2929 765 2991 scripserint,
809 2927 911 2977 alio
955 2943 1105 2992 qnam
1149 2928 1368 2979 Juliano

308 3006 468 3055 modo
504 3012 833 3067 computasse
876 3019 1054 3067 parum
1090 3005 1366 3055 verisimile

308 3086 411 3134 sit:
473 3099 537 3133 ne
573 3085 730 3132 etiam
772 3084 874 3132 alia
907 3098 1057 3147 quam
1097 3086 1366 3148 matutina,

307 3175 411 3211 non
449 3175 571 3208 vero
610 3158 856 3220 serotina,
890 3159 1107 3223 quadam
1130 3161 1255 3210 hora
1277 3177 1366 3211 na·

306 3243 391 3285 tus
415 3236 872 3297 credatur,·obstat
901 3236 1115 3285 historia
1153 3238 1367 3299 Nigidii,

210 3365 212 3368 ,
306 3324 461 3375 quam
488 3319 543 3360 et
565 3313 834 3361 Suetonius
865 3311 962 3360 hoc
987 3312 1161 3372 capite
1181 3319 1235 3360 et
1259 3314 1366 3362 Dio

306 3385 490 3435 eodem
517 3386 605 3435 lib.
628 3399 712 3435 ιν.
739 3387 976 3435 retulere.
1027 3386 1081 3433 Si
1105 3387 1240 3434 enim
1259 3386 1365 3435 Oc—

305 3462 479 3510 tavius
499 3460 777 3510 tardiorem
790 3461 1069 3510 'adventum
1088 3463 1366 3525 puerperio

306 3539 483 3587 uxoris
526 3538 875 3598 excusaverit,
920 3539 1018 3586 hoc
1063 3538 1174 3600 ipso
1217 3551 1365 3588 mane

305 3613 596 3675 parturisse
613 3627 724 3661 eam
744 3613 1192 3671 verosimillimum,
1212 3629 1275 3662 ne
1290 3614 1365 3662 di-

306 3702 419 3737 cam
444 3688 788 3753 certissimum
811 3696 924 3736 est:
951 3689 1187 3737 meridies
1209 3690 1367 3753 siqui-

306 3766 426 3815 dem
450 3764 564 3814 finis
584 3771 698 3813 erat
725 3764 874 3813 rebus
892 3765 1115 3826 publicis
1134 3765 1364 3830 agendis,

306 3852 363 3892 ut
387 3858 544 3906 supra
566 3844 615 3892 in
638 3842 749 3893 Jul.
774 3856 889 3903 cap.
908 3846 989 3892 20.
1026 3851 1260 3893 notatum
1285 3852 1364 3894 est

305 3936 369 3969 ex
405 3919 707 3969 Plutarcho.
774 3918 893 3966 Nisi
926 3925 1081 3967 noctu
1110 3933 1363 3969 convoca·

304 4008 411 4048 tum
437 4005 651 4062 propter
675 4004 947 4060 urgentem
976 3997 1213 4048 Catilinae
1239 4015 1357 4049 cou-

297 4075 615 4139 jurationem
647 4072 891 4120 Senatum
925 4074 1192 4135 conjicias,
1221 4077 1357 4140 quod

305 4165 404 4200 nec
448 4148 583 4199 ullus
620 4147 772 4207 dixit,
807 4161 903 4197 nec
941 4150 1218 4200 emissurus
1261 4141 1359 4203 fuit

305 4225 576 4274 sanastins
600 4223 650 4270 in
680 4223 813 4272 illius
846 4224 1217 4288 conjurationis
1258 4227 1358 4277 his-

301 4304 459 4367 toria,
479 4302 523 4350 si
546 4315 648 4350 non
671 4305 926 4349 nocturna
945 4302 1126 4366 modo,
1162 4304 1251 4356 sed
1278 4307 1357 4355 vel

1459 1252 1665 1301 insolita
1689 1252 1906 1316 quadam
1929 1253 2072 1319 hora,
2097 1253 2313 1301 Senatus
2337 1251 2432 1301 hac
2450 1252 2515 1301 de

1460 1324 1618 1380 causa
1643 1339 1957 1380 convocatus
1986 1340 2134 1379 esset.
2200 1328 2398 1380 Quibus
2424 1344 2514 1390 po-

1459 1408 1593 1468 sitis,
1634 1415 1691 1456 ut
1737 1422 1798 1456 ea
1846 1408 1967 1470 poni
2001 1421 2264 1456 necessum
2310 1405 2514 1453 omnino

1461 1484 1684 1539 videtur,
1708 1491 1816 1534 tota
1841 1496 2078 1548 superest
2110 1484 2172 1531 de
2195 1483 2513 1544 Capricorno

1460 1559 1768 1621 difficultas3
1815 1562 1897 1610 hic
1938 1561 2072 1609 enim
2118 1558 2337 1621 Augusti
2384 1566 2508 1606 tunc

1461 1637 1704 1699 temporis
1728 1638 2042 1699 horoscopus
2065 1650 2176 1683 esse
2194 1648 2295 1682 non
2320 1635 2508 1695 potuit.

1457 1712 1649 1761 Verum
1675 1712 1795 1776 quid
1821 1713 1883 1774 si,
1919 1727 2016 1760 non
2058 1710 2261 1775 quidem
2288 1709 2355 1758 de
2379 1710 2511 1757 nati-

1455 1788 1641 1849 vitate,
1664 1788 1752 1836 sed
1781 1787 1845 1836 de
1879 1788 2216 1850 conceptione
2252 1784 2442 1833 factum
2483 1801 2514 1833 a

1454 1865 1732 1927 Theogene
1756 1865 1927 1912 thema
1962 1863 2195 1912 dicatur?
2236 1863 2349 1911 ltaec
2374 1861 2509 1909 enim

1454 1941 1610 1989 etiam
1636 1940 1702 1989 ab
1725 1939 1990 2000 astrologis
2014 1937 2303 1987 attenditur
2328 1937 2377 1984 in
2401 1936 2512 1985 the·

1454 2015 1677 2065 matibus
1709 2030 1798 2064 seu
1831 2014 2008 2078 figuris
2031 2012 2275 2077 ejusmodi
2301 2027 2511 2074 compo-

1454 2091 1659 2152 nendis,
1673 2093 1793 2155 quin
1818 2091 1974 2141 immo
1991 2092 2142 2154 longe
2162 2093 2436 2137 certiorem
2457 2096 2511 2137 et

1456 2166 1834 2231 praeferendam
1868 2183 1981 2217 esse
2012 2168 2174 2232 ainnt,
2206 2166 2248 2214 si
2272 2166 2511 2229 ejusmo-

1454 2254 1683 2295 mentum
1732 2255 1834 2294 tam
1881 2253 2028 2295 certo
2078 2243 2283 2307 agnosci
2332 2241 2522 2305 possit,-

1453 2336 1606 2385 quam
1648 2324 1956 2373 nativitatis.
2023 2321 2157 2370 Fore
2195 2320 2416 2374 videtur,
2450 2326 2511 2366 ut

1451 2400 1551 2448 hoc
1576 2398 2058 2449 modo'conveuiaut
2085 2397 2253 2445 omnia
2272 2412 2286 2455 ;
2308 2397 2348 2443 si
2372 2394 2508 2442 enim

1451 2489 1481 2522 a
1503 2478 1583 2522 23.
1605 2475 1928 2538 Septembris
1964 2489 2058 2538 per
2093 2487 2276 2521 novem
2309 2473 2509 2519 menses

1450 2549 1633 2599 ordine
1668 2550 1969 2615 retrogrado
2005 2548 2274 2613 procedaS,
2311 2544 2508 2594 incidet

1450 2639 1614 2674 nonus
1635 2626 1686 2674 in
1711 2631 1792 2675 23.
1816 2625 2138 2685 Decembris,
2157 2638 2258 2688 quo
2273 2630 2506 2684 tempore

1447 2702 1639 2763 primas
1659 2702 1957 2766 Capricorni
1977 2711 2149 2765 partes
2173 2701 2262 2750 Sol
2286 2699 2505 2754 obtinet,

1448 2785 1502 2827 et
1529 2794 1592 2828 eo
1613 2780 1830 2828 maxime
1866 2779 1931 2829 ad
1969 2777 2185 2842 imperia
2207 2774 2505 2825 favorabilis

1448 2862 1529 2903 est
1573 2856 1937 2919 Capricornus,
1995 2861 2051 2903 ut
2107 2861 2227 2901 nota
2271 2850 2505 2914 proxime

1448 2932 1715 2993 superiore
1743 2932 1993 2981 Firmicus
2017 2931 2276 2980 observat.
2340 2927 2506 2976 Theo·

1449 3022 1604 3070 genes
1641 3008 1797 3071 igitur
1839 3009 1921 3057 vel
1955 3009 2067 3069 ipsa
2099 3021 2202 3055 suas
2225 3004 2352 3053 artis
2375 3018 2505 3067 prae·

1449 3085 1708 3147 ceptione,
1726 3086 1808 3134 vel
1829 3084 1988 3149 (quod
2015 3082 2186 3132 forsan
2208 3096 2307 3129 non
2327 3080 2505 3142 inepte

1447 3162 1752 3225 suspiceris)
1775 3160 2069 3210 adulatione
2102 3159 2303 3218 ductus,
2329 3157 2507 3205 audita

1451 3235 1672 3300 Augusti
1717 3245 1896 3301 partus
1931 3237 2073 3292 bora,
2103 3239 2269 3299 neque
2302 3248 2366 3281 ex
2406 3232 2503 3280 hac

1447 3313 1663 3376 imperia
1686 3312 1966 3362 secundum
2000 3312 2126 3360 artis
2159 3311 2363 3371 regulas
2384 3323 2506 3370 'pro-

1446 3388 1584 3436 mitti
1626 3388 2099 3451 posse-advertens,
2121 3387 2184 3435 ab
2208 3400 2270 3433 ea
2293 3384 2357 3431 ad
2382 3398 2503 3433 cou-

1447 3463 1706 3525 ceptionis
1724 3470 2035 3512 momentum
2058 3471 2408 3524 retrogressus
2424 3456 2503 3528 fn-

1448 3538 1568 3599 erit,
1605 3552 1755 3602 quam
1788 3551 1970 3587 revera
2001 3539 2378 3598 horoscopante
2402 3533 2500 3582 Ca·

1447 3615 1690 3678 pricorno
1713 3613 1904 3664 factam
1929 3613 2214 3663 invenerit:
2250 3610 2387 3660 unde
2409 3610 2502 3658 im·

1444 3692 1596 3753 peria
1617 3690 1973 3754 promittendi,
1997 3689 2078 3737 vel
2100 3701 2272 3742 causa,
2305 3686 2386 3734 vel
2413 3700 2501 3733 an-

1445 3783 1518 3820 sa.
1584 3769 1656 3818 At
1688 3768 1821 3817 enim
1844 3766 2122 3816 Suetonius
2143 3764 2228 3813 hic
2258 3771 2312 3811 et
2345 3769 2502 3825 supra

1443 3860 1489 3895 c.
1517 3851 1565 3895 5.
1598 3846 1614 3874 ‘
1637 3843 1836 3894 uatnm'
1862 3858 1961 3893 non
1986 3849 2001 3872 ⁴
2020 3839 2356 3903 conceptum'
2379 3852 2501 3887 con-

1443 3930 1648 3973 stanter
1669 3923 1816 3973 dicit.
1884 3924 2043 3973 Certe
2068 3921 2285 3970 alienum
2324 3934 2355 3967 a
2382 3933 2499 3981 pro-

1443 4002 1604 4051 babili
1628 4016 1726 4049 non
1751 4002 1972 4056 videtur,
2006 4000 2306 4050 Suetonium
2331 3998 2443 4045 haec
2461 4011 2496 4045 >e

1440 4079 1743 4129 Graecorum
1778 4079 1861 4127 vel
1897 4078 2057 4141 ipsius
2093 4075 2230 4125 forte
2265 4076 2500 4136 Theoge-

1439 4156 1518 4204 nis
1543 4156 1808 4205 Memoriis
1839 4155 2166 4215 desnmsisse,
2198 4153 2337 4216 apud
2373 4166 2498 4214 quos

1439 4247 1555 4281 cum
1597 4229 1782 4291 ’γένεσις
1828 4238 1933 4280 tam
1978 4230 2360 4293 generationem
2398 4240 2497 4275 ‘seu

1440 4308 1828 4371 conceptionem
1856 4308 2037 4372 ipsam,
2072 4320 2222 4373 quam
2256 4303 2496 4353 nativita·
