3019 4922
1215 433 1599 484 menalus.
2358 419 2485 486 441

306 580 455 644 οἱα*
511 579 583 644 in
634 579 1152 663 quinquennium
1185 586 1251 640 :l
1294 578 1683 661 delegatus!
1734 579 2057 662 pacandae
2118 577 2499 647 Germaniae

307 689 557 748 status:
577 682 601 721 ⁸
637 682 1030 751 Parthorum
1050 693 1078 735 ⁹
1104 683 1335 766 legati,
1366 682 1704 747 mandatis
1735 680 2048 765 Augusto
2078 682 2321 748 Romae
2350 685 2498 747 red-

306 784 491 861 ditis,
518 804 669 849 eum
692 805 966 869 quoque
998 785 1181 850 adire
1205 786 1276 849 in
1297 784 1649 868 provincia
1671 788 1721 819 ¹⁰
1743 783 1944 868 jussi.
2033 786 2167 850 Sed
2194 785 2498 850 nuntiata

308 886 574 970 lllyrici
600 886 990 965 defectione,
1008 887 1272 953 transiit
1298 888 1385 952 ad
1418 905 1646 951 curam
1673 888 1827 952 novi
1853 887 2015 953 belli
2041 891 2104 952 ε*
2150 889 2331 972 quod
2352 908 2499 971 gra-

308 989 659 1055 vissimum
683 991 980 1057 omnium
1011 994 1429 1055 externorum
1475 989 1804 1053 bellorum
1850 998 2008 1074 post
2037 991 2349 1069 Punica?
2378 1011 2500 1076 per

309 1091 692 1174 quindecim
743 1092 1066 1175 legionesi,
1107 1081 1472 1177 paremque
1525 1093 1927 1158 auxiliorum
1945 1102 1971 1129 ⁸
2025 1096 2338 1177 copiam,⁸
2388 1096 2500 1158 tri-

310 1196 507 1261 ennio
535 1196 768 1276 gessit,
799 1199 868 1261 in
898 1197 1157 1280 magnis
1197 1197 1492 1261 omnium
1523 1215 1742 1260 rerum
1765 1195 2298 1273 difficultatibuS,
2320 1216 2502 1260 sum-

311 1318 551 1382 maque
586 1298 851 1383 frugum
873 1299 1132 1383 inopia.
1222 1299 1312 1365 Et
1341 1317 1723 1382 quanquam
1749 1300 2004 1383 saepius
2026 1305 2502 1376 revocaretur,²

312 1411 541 1467 tamen
567 1401 1065 1484 ‚perseveravit3
1095 1409 1416 1478 metuenS,
1447 1421 1529 1466 ne
1560 1401 1816 1467 vicinus
1845 1409 1914 1466 et
1943 1402 2321 1485 praevalens
2349 1402 2506 1466 hos-

309 1505 399 1570 tis
456 1505 737 1570 instaret
783 1504 967 1570 ultro·
1013 1506 1429 1570 cedentibus.
1542 1505 1649 1571 Ac
1694 1506 2210 1588 perseverantiae
2253 1504 2504 1587 grande

317 1607 604 1690 pretium
647 1607 826 1685 tulit,
880 1615 1025 1673 toto
1077 1606 1403 1694 Illyrico,b
1453 1609 1631 1693 quod
1667 1611 1873 1673 intel-³
1909 1608 2177 1674 Italiam
2203 1628 2507 1691 regnum-

1234 1807 1599 1828 OOOO‘O‘OO‘OO

318 1927 465 1973 1.—8
498 1923 718 1974 Casaub.
752 1925 966 1990 corrigit
1004 1928 1156 1989 deleg.
1188 1927 1397 1990 pacando
1432 1927 1597 1978 Germ.
1615 1925 1766 1976 statui
1789 1924 1869 1975 vel
1900 1925 2052 1985 deleg.
2080 1924 2317 1989 pacandus
2343 1923 2507 1972 Germ.

314 1994 488 2044 status,
512 1989 688 2037 Burin.
712 1991 937 2054 priorem
960 1993 1376 2043 emendationem
1394 1993 1538 2057 sequi
1553 1993 1726 2056 jubet,
1745 1991 1825 2041 vel
1843 1991 1946 2053 legi
1966 1992 2082 2038 daea
2103 2004 2265 2038 rursus
2278 1992 2510 2051 potestate

314 2059 380 2104 tr.
403 2055 440 2103 i.
465 2071 511 2118 q.
534 2055 684 2116 deleg.
717 2059 941 2117 pacanda
982 2059 1145 2106 Germ.
1179 2059 1360 2108 statim.
1425 2059 1626 2109 Contra
1653 2057 1885 2120 disputat
1908 2057 2033 2105 Ern.
2056 2056 2106 2105 in
2127 2055 2345 2103 Excurs.
2371 2053 2434 2102 ad
2462 2054 2511 2102 Ιι.

317 2121 352 2169 l.
377 2117 461 2169 Cf.
485 2119 640 2168 etiam
667 2121 901 2171 ()ud.—9
936 2123 1190 2172 Pastorum
1213 2123 1330 2185 Cuj.
1394 2123 1525 2173 Tum
1548 2125 1727 2186 legatos
1749 2124 1909 2171 Fouc.
1948 2123 1998 2169 in
2023 2134 2124 2185 quo
2148 2119 2296 2169 deest
2316 2118 2515 2167 viando-2

316 2184 401 2235 tis.
470 2186 597 2233 Mox
636 2186 779 2234 editis
815 2186 981 2235 Periz.
1005 2204 1035 2236 a
1055 2204 1123 2239 m.
1151 2203 1229 2253 pr.
1291 2187 1387 2236 uod
1412 2189 1452 2236 si
1478 2190 1710 2252 plurimis
1745 2188 1875 2236 Mss.
1896 2185 2206 2245 firmaretur,
2236 2182 2515 2247 praeferret

319 2251 628 2299 Burm.—10
658 2252 850 2301 Sabell.
875 2254 924 2301 in
948 2254 1079 2301 Ven.
1096 2258 1144 2302 2.
1171 2261 1225 2302 et
1296 2254 1489 2302 eroald.
1511 2255 1562 2302 in
1586 2254 1716 2303 Bon.
1737 2252 2027 2316 provinciam
2044 2251 2320 2300 ediderunt
2343 2248 2514 2312 primi.

323 2316 479 2364 Nost.
504 2316 626 2364 lect.
647 2318 874 2365 restituit
898 2317 1037 2368 Oud.
1060 2333 1175 2368 eum
1199 2320 1377 2367 Burm.
1413 2317 1778 2377 suffragantib.
1807 2317 1972 2367 codd.
2006 2325 2205 2365 tantum
2230 2329 2330 2363 non
2353 2315 2515 2363 omni-

323 2380 418 2428 bus
442 2387 495 2429 et
520 2380 655 2431 Edd.
680 2381 824 2431 Vett.
847 2382 898 2430 in
913 2383 1297 2445 provinciajussi
1316 2390 1425 2433 suut
1446 2386 1529 2433 sed
1551 2384 1666 2448 Cuj.
1719 2383 1772 2432 in
1791 2382 2030 2447 provincio
2050 2382 2185 2431 adire
2208 2379 2341 2428 Edd.
2368 2379 2515 2427 Rom.

310 2443 535 2507 jussisset
559 2446 865 2497 Menum—1
903 2448 1068 2499 Abest
1088 2450 1269 2512 copiam
1289 2465 1318 2500 a
1342 2448 1539 2500 Medic.
1575 2453 1626 2500 2.
1660 2449 1798 2498 Dun.
1822 2455 1875 2498 et
1893 2461 2050 2497 rerum
2069 2461 2101 2496 a
2123 2444 2314 2495 Medic.
2337 2447 2382 2493 1.
2449 2442 2516 2492 In

321 2513 438 2576 Cuj.
479 2512 805 2563 trienniomm.
876 2513 1039 2563 Paulo
1061 2523 1182 2564 aute
1206 2514 1440 2565 Punicam
1471 2515 1564 2564 dat
1589 2515 1825 2572 Dum—2
1867 2513 2125 2562 Vocat-etur
2143 2510 2298 2560 Huls.
2320 2515 2373 2556 et
2397 2523 2515 2557 mox

323 2578 577 2627 credentib.
607 2578 763 2629 Vind.
797 2583 941 2627 1.-3
974 2579 1060 2628 Sic
1099 2579 1230 2629 duee
1260 2579 1491 2628 Turneb-
1517 2578 1650 2629 Adv.
1674 2592 1790 2627 xiv.
1816 2581 1894 2626 17.
1915 2577 2080 2625 edidit
2102 2575 2275 2625 Pulm.
2296 2587 2519 2638 eumque

323 2657 472 2706 seqq.
492 2642 638 2690 Torr.
660 2643 880 2694 Casaub.
899 2652 953 2693 et
976 2646 1161 2701 ceteri,
1197 2651 1254 2694 ut
1274 2644 1523 2694 exhibent
1544 2642 1738 2693 Medic.
1762 2651 1826 2693 tr.
1847 2641 2005 2691 vind.
2036 2649 2269 2704 uterque,
2305 2639 2518 2687 Memm.

327 2710 505 2757 Noun.
531 2708 688 2757 Foue.
759 2709 818 2758 In
844 2709 957 2758 aliis
981 2720 1035 2758 et
1058 2711 1191 2761 Edd.
1217 2710 1471 2771 prioribus
1505 2715 1655 2758 extat
1678 2707 1829 2771 intre,
1870 2708 1952 2754 vel
1986 2707 2219 2767 intraque,
2254 2711 2311 2753 ut
2330 2704 2394 2751 de
2417 2703 2521 2751 suis

327 2782 552 2824 testatur
574 2774 754 2824 Burm.
820 2775 927 2825 Pro
951 2775 1067 2825 Ital.
1091 2776 1146 2825 in
1182 2777 1322 2827 Dun.
1345 2775 1504 2825 aliam.
1568 2775 1698 2824 Tum
1718 2786 2002 2835 regnumque
2019 2768 2348 2834 expungend.
2371 2768 2523 2818 duxit

1310 2936 1526 2988 1401*AE

395 3042 423 3067 ¹
459 3035 677 3084 Potestas
697 3035 973 3102 tribunicio]
1010 3035 1147 3085 Vide
1186 3035 1238 3085 in
1280 3035 1384 3085 Au·
1468 3034 1599 3085 saris
1639 3033 1864 3098 Augusti
1903 3033 2126 3082 animum
2168 3035 2412 3098 quateret
2445 3034 2525 3079 at·

332 3120 488 3177 gusto
520 3127 637 3176 cap.
658 3116 739 3162 27.
810 3113 958 3163 Hane
990 3112 1261 3163 sumebant
1284 3114 1388 3163 Im-
1468 3127 1570 3177 que
1612 3110 1869 3162 terreret.'
1936 3110 2119 3163 Habiti
2154 3109 2333 3175 itaque
2355 3108 2529 3160 delec-

334 3197 602 3255 peratores
628 3190 706 3238 vel
743 3189 909 3254 primo
941 3189 1141 3254 imperii
1174 3190 1251 3238 sui
1284 3189 1390 3253 die,
1471 3198 1556 3239 tus
1582 3189 1671 3251 illi,
1698 3188 1762 3237 de
1781 3187 1960 3254 quibus
1982 3187 2033 3236 in
2058 3186 2292 3253 Augusto
2314 3201 2428 3250 cap.
2448 3189 2531 3234 25.

333 3270 378 3317 si
403 3266 592 3331 privati
613 3267 677 3315 ad
702 3266 796 3315 boc
828 3264 1089 3328 fastigium
1113 3267 1391 3314 eveheren·
1537 3275 1561 3301 ⁸
1594 3264 1923 3329 Auxiliorum]
1968 3266 2224 3329 Legiones
2282 3263 2531 3313 Romanis

336 3351 423 3394 tur
445 3360 460 3405 ;
493 3344 574 3391 vel
599 3344 661 3394 ab
687 3357 747 3392 eo
772 3350 1005 3406 tempore
1029 3356 1132 3405 quo
1156 3340 1394 3403 designa·
1473 3342 1744 3405 militibus,
1762 3341 1952 3390 auxilia
1987 3340 2215 3389 externis
2238 3338 2532 3404 quatumvis

337 3420 550 3475 bantur,
576 3418 619 3468 si
656 3418 936 3482 adoptione
960 3424 1052 3466 aut
1072 3423 1257 3466 natura
1279 3430 1395 3466 sue·
1474 3419 1720 3482 gentium.
1771 3417 1825 3466 Si
1846 3417 2072 3481 quinque
2094 3417 2354 3465 hominum
2377 3414 2534 3463 millia

339 3496 609 3546 cederent.
677 3519 680 3520 ⁷
1477 3494 1689 3559 singulis
1720 3494 2006 3558 legionibus
2032 3492 2243 3555 tribuas,
2272 3490 2378 3557 (tot
2399 3490 2534 3540 enim

406 3584 429 3630 ἡ
468 3574 533 3623 Α.
556 3576 622 3623 U.
649 3574 708 3623 C.
739 3578 853 3624 757.
1476 3572 1632 3634 vulgo
1672 3568 2005 3630 constabant)
2040 3572 2232 3638 160000
2275 3566 2536 3618 hominum

407 3660 429 3695 ν
452 3650 739 3714 Delegatu]
767 3650 1101 3701 Casaubonus
1123 3648 1399 3714 legendum
1481 3657 1594 3699 erat
1618 3650 1700 3698 bie
1724 3647 2004 3697 exereitus.

343 3728 884 3789 existimat,delegotus
902 3730 1112 3791 pacando
1130 3727 1400 3776 Germanioe
1545 3726 1570 3760 δ
1606 3727 1720 3776 Toto
1754 3722 1973 3789 Illyrico]
2008 3724 2127 3774 Hoc
2173 3722 2394 3773 divisum
2439 3720 2541 3772 fuit

342 3805 524 3855 statui.-
550 3806 651 3870 vel,
665 3807 916 3868 'delegatus
932 3807 1173 3870 pacandus
1200 3804 1401 3854 Germa-
1483 3804 1602 3856 olim
1637 3802 1689 3851 in
1715 3802 1843 3851 duas
1868 3808 2061 3865 partes,
2085 3799 2299 3866 quarum
2330 3813 2434 3849 una
2461 3798 2540 3847 di-

344 3885 441 3934 πίω
462 3888 636 3933 status.
1485 3881 1621 3931 citur
1645 3878 1905 3934 Liburnia,
1942 3877 2006 3926 ab
2039 3876 2192 3925 Arsia
2215 3874 2389 3938 fluvio,
2409 3875 2541 3940 ejus·
2644 3893 2653 3896 ·

413 3967 438 4019 τ
477 3959 543 4009 Α.
573 3960 637 4010 U.
659 3961 718 4010 C.
750 3963 866 4009 700.
1485 3958 1603 4008 dem
1644 3955 1796 4006 hodie
1829 3955 2068 4015 neminie,
2100 3954 2163 4004 ad
2200 3953 2395 4003 Titium
2435 3968 2541 4004 am·

410 4045 433 4070 ²
469 4038 582 4086 Post
606 4035 816 4098 Punica]
847 4036 967 4085 Hoc
998 4042 1099 4097 est,
1134 4041 1252 4099 post
1284 4050 1403 4086 cen·
1486 4050 1624 4091 nem,
1672 4033 1757 4100 qui
1801 4046 1937 4084 nune
1974 4033 2055 4080 est
2093 4031 2289 4081 Cher-ea.
2355 4030 2544 4081 Altera

349 4123 459 4164 tum
494 4122 550 4162 et
583 4113 801 4176 amplius
841 4128 1019 4162 annos.
1086 4113 1255 4177 Hujus
1286 4113 1407 4163 belli
1479 4113 1681 4162 ‘dieitur
1709 4109 1991 4170 Dalmatia,
2025 4124 2056 4158 a
2084 4108 2221 4158 Titio
2253 4107 2317 4157 ad
2342 4107 2543 4158 Lissum

352 4201 602 4240 terrorem
628 4197 824 4238 tantum
843 4188 999 4238 fuisse
1023 4189 1152 4239 dicit
1175 4190 1409 4239 Velleius
1490 4190 1756 4256 oppidum,
1777 4188 1933 4239 hodie
1954 4189 2160 4240 Alessia.
2212 4188 2342 4239 Haee
2367 4203 2545 4253 quam-

354 4268 444 4317 lib.
466 4281 528 4316 ιι.
552 4266 569 4294 ‘
588 4274 643 4315 ut
660 4267 893 4316 stabilem
917 4266 1058 4316 illurn
1079 4266 1134 4317 e‘t
1154 4266 1410 4317 firmatum
1490 4269 1567 4317 vis
1608 4267 1817 4333 proprie
1861 4267 2002 4317 eirca
2037 4267 2344 4318 maritimam
2383 4280 2546 4324 oram,

357 4351 617 4393 tantorum
659 4343 907 4393 bellorum
946 4344 1269 4409 experientia
1300 4346 1410 4396 Cae·
1490 4344 1589 4396 toti
1629 4352 1798 4394 tamen
1829 4342 2042 4408 Illyrico
2073 4343 2368 4395 hodiernam
2401 4339 2545 4389 dedit
