3019 4922
1196 416 1589 467 oc'rAvius.
2358 401 2489 467 385

299 562 479 644 apud
539 558 648 625 C.5
724 560 1023 624 Drusum
1074 565 1298 636 extat,
1325 562 1661 644 repositus
1714 579 1986 643 vespere
2058 561 2126 624 in
2191 579 2396 625 cunas
2443 582 2487 627 a

296 665 654 740 nutricula,
674 664 825 728 loco
856 664 1078 746 plano,
1108 669 1377 746 postera
1398 661 1426 701 ⁶
1453 663 1604 727 luce
1620 682 1758 725 ’non
1792 665 2205 747 comparuit:
2240 664 2488 747 diuque

300 767 655 848 quaesitus,
686 766 947 830 tandem
996 767 1065 829 in
1114 766 1691 831 altissima·turri⁷
1741 771 2045 849 repertus
2091 771 2215 842 est,
2251 765 2492 848 ,iacens

294 874 529 933 contra
559 869 726 932 solis
756 874 1087 933 exortum.
1164 867 1335 932 Cum
1362 868 1649 951 primum
1674 867 1803 932 fari
1834 869 2179 950 coepisset,
2207 867 2273 930 in
2308 867 2492 945 avito

296 967 738 1035 suburbanoy
793 970 1251 1052 obstrepentes
1292 970 1459 1034 forte
1505 988 1697 1033 ranas
1752 969 1945 1032 silere
1978 969 2245 1052 jussit;
2290 973 2491 1052 atque

296 1091 380 1135 ex
407 1092 491 1136 eo
540 1080 860 1153 negantur
900 1071 994 1136 ibi
1047 1090 1227 1135 ranae
1278 1090 1592 1135 coaxare.
1679 1068 1790 1134 Ad
1828 1078 2140 1154 quartum
2193 1069 2492 1153 lapidem

297 1173 668 1257 Campanae
748 1175 899 1250 viee,
922 1172 946 1210 ⁸
975 1180 998 1207 ²
1078 1174 1186 1237 in·
1224 1193 1485 1238 nemore
1564 1173 1912 1257 prandenti
1970 1192 2058 1236 ex
2123 1173 2493 1255 improviso

296 1277 527 1358 aquila
552 1295 790 1358 panem
821 1276 883 1339 ei
912 1296 950 1340 e
977 1295 1181 1359 manu
1211 1276 1436 1360 rapuit
1456 1283 1502 1340 :⁸
1544 1281 1636 1352 et,
1666 1266 1818 1340 cum
1869 1275 2194 1340 altissime
2233 1275 2494 1338 evolas-

294 1383 449 1453 set,⁹
489 1397 716 1443 rursus
759 1397 845 1441 ex
884 1378 1251 1461 improviso
1294 1378 1530 1442 leniter
1557 1385 1610 1414 ¹0
1661 1376 1972 1460 delapsa,
2000 1376 2311 1441 reddidit.
2402 1375 2495 1456 Q.

296 1477 579 1544 Catulus
610 1485 767 1562 post
794 1480 1166 1544 dedicatum
1197 1477 1656 1564 Capitoliumb
1687 1478 1946 1544 duabus
1979 1480 2300 1544 continuis
2329 1498 2495 1543 noc-

294 1580 483 1644 tibus
545 1581 932 1646 somniavit:
990 1585 1224 1666 prima,
1267 1582 1314 1647 J
1320 1602 1515 1647 ovem
1577 1580 1917 1664 Optimum
1984 1581 2490 1647 Maximume'

291 1685 706 1765 praetextatis
729 1693 753 1722 ⁰
799 1685 1276 1769 compluribuS‚
1323 1686 1571 1749 circum
1603 1703 1788 1748 aram
1843 1682 2250 1761 ludentibus,
2287 1703 2494 1747 unum

292 1785 688 1863 secrevisse,
717 1793 913 1870 atque
937 1786 1006 1850 in
1034 1786 1182 1871 ejus
1211 1788 1428 1852 sinum
1453 1793 1478 1823 ²
1512 1787 1771 1867 signum
1793 1782 2283 1871 Reipublicae,d
2307 1784 2493 1868 quod

1219 1962 1550 1984 OOOOOOOOOOO
1558 1960 1588 1983 O

297 2102 380 2146 est
402 2098 743 2150 Beroald.—5
778 2101 926 2150 Miill.
951 2100 1002 2149 in
1021 2099 1203 2151 sclied.
1228 2099 1501 2162 legendum
1527 2104 1708 2148 censet
1736 2099 1969 2147 Coesarens
1991 2097 2221 2158 Drusum,
2241 2095 2494 2161 probante

296 2163 625 2226 Baumg.-6
659 2165 833 2214 Postea
855 2167 1001 2216 Cort.
1044 2166 1277 2214 Harlem.
1302 2164 1437 2213 Edd.
1463 2164 1615 2213 Rom.
1640 2163 1774 2213 Ven.
1802 2171 1926 2211 tres.
1991 2162 2118 2212 Mox
2149 2163 2323 2225 dinque
2347 2178 2495 2225 repo-

295 2228 403 2276 suit
430 2227 575 2277 Oud.
602 2227 704 2286 fide
738 2230 973 2279 binorum
1012 2230 1176 2279 Codd.
1215 2230 1382 2279 Pulm.
1415 2228 1612 2277 Medic.
1647 2234 1711 2276 tr.
1744 2227 1904 2277 Polit.
1942 2226 2061 2276 Pin.
2085 2227 2244 2277 vind.
2280 2229 2496 2292 utriusq.

293 2292 449 2342 Voss.
474 2292 591 2354 Cuj.
621 2308 734 2342 cum
771 2293 904 2345 Edd.
935 2295 1087 2346 Junt.
1116 2295 1297 2358 Steph.
1335 2292 1457 2343 Ald.
1491 2291 1774 2342 accedente
1807 2292 1952 2340 Dun.
1974 2292 2145 2355 Vulgo
2181 2297 2226 2341 et
2264 2293 2365 2341 diu.
2432 2293 2494 2342 ln

291 2355 498 2405 Medic.
521 2361 569 2405 2.
591 2358 961 2419 requesitns.—⁷
1001 2360 1148 2408 Tur-ri
1185 2360 1304 2424 Cuj.
1328 2367 1380 2407 et
1403 2372 1495 2421 pro
1525 2363 1597 2407 est
1631 2356 1758 2406 dant
1791 2361 1839 2407 et
1866 2357 2099 2406 Harlem.
2130 2357 2297 2405 Periz.
2356 2358 2496 2406 Dein

289 2419 611 2485 obstrepentis
632 2420 842 2474 Memm.
867 2424 1154 2488 obstrepente
1173 2423 1331 2473 vind.
1356 2427 1498 2473 1.-8
1532 2422 1721 2472 Mallet
1743 2422 1887 2471 Torr.
1927 2421 2188 2484 Campania
2213 2423 2310 2470 via.
2364 2422 2495 2471 Tum

290 2492 340 2533 et
379 2502 445 2536 ex
483 2487 584 2549 inp.
632 2490 776 2538 Cort.
802 2490 981 2552 Camp.
1018 2504 1078 2537 ac
1110 2488 1334 2538 secundo
1366 2489 1480 2537 loco
1514 2502 1678 2536 rursus
1707 2492 1755 2536 et
1785 2488 1927 2549 impr.
1961 2486 2193 2536 Harlem.
2230 2488 2437 2535 Desunt
2470 2503 2496 2536 e

291 2566 443 2599 mana
467 2552 661 2601 Medic.
683 2558 825 2603 1.--9
856 2555 942 2603 Sic
979 2554 1172 2602 editum
1196 2569 1226 2602 a
1261 2554 1441 2602 Burm.
1472 2567 1537 2600 ex
1569 2553 1778 2600 Memm.
1814 2550 2172 2600 duob-Pulm.
2197 2551 2315 2599 trib.
2339 2550 2494 2599 Torr.

290 2614 498 2664 Medic.
519 2616 587 2666 Ο.
613 2617 772 2668 Polit.
805 2620 923 2668 Pin.
961 2618 1120 2667 vind.
1156 2621 1207 2667 2.
1245 2617 1396 2666 Huls.
1434 2616 1550 2678 Cuj.
1572 2617 1726 2665 Voss.
1762 2615 1902 2664 Dun.
1941 2622 1996 2663 et
2028 2614 2162 2664 Edd.
2200 2613 2349 2664 Junt.
2375 2614 2497 2666 Ald.

291 2678 433 2741 Arg·
454 2682 627 2743 Vulgo
662 2685 931 2734 wlasset.—
946 2687 1007 2732 10
1044 2684 1222 2732 Panem
1244 2682 1290 2730 ei
1319 2681 1489 2730 leniter
1511 2679 1705 2729 Medic.
1742 2684 1786 2727 l.
1816 2680 1984 2728 leviter
2000 2677 2157 2727 vind.
2179 2683 2225 2728 1.
2262 2686 2317 2727 et
2339 2680 2498 2741 elapsa

291 2743 449 2793 Cort.
492 2745 765 2809 Camp.—-l
803 2747 1233 2812 Praepositionem
1275 2762 1301 2796 e
1340 2747 1493 2808 vulgo
1531 2746 1847 2805 exulantem,
1882 2744 1975 2793 sed
2008 2749 2396 2804 comparentem
2440 2745 2496 2791 iu

290 2808 419 2857 trib.
446 2809 641 2859 Medic.
677 2812 835 2861 Polit.
868 2814 997 2875 Cop.
1033 2813 1181 2862 Hnls.
1212 2810 1328 2925 Qui
1361 2825 1477 2859 mox
1512 2807 1814 2872 decrevisset)
1836 2815 1889 2857 et
1924 2806 2086 2857 Codd.
2115 2807 2305 2868 Wolfii,
2344 2808 2496 2856 resti-

294 2873 406 2921 tuit
454 2874 594 2924 Oud.
661 2877 792 2924 Dein
836 2878 963 2926 circa
998 2878 1171 2926 Periz.
1291 2881 1356 2924 rt.
1395 2874 1530 2924 Edd.
1569 2876 1815 2923 Rom.-—-2
1852 2873 1985 2921 Haec
2022 2887 2183 2935 usque
2217 2871 2280 2919 ad
2317 2886 2497 2921 vocem

291 2937 453 2999 inseq.
485 2937 672 2989 desunt
707 2942 862 2992 Vind.
895 2946 942 2992 1.
966 2941 1211 3005 jungenti
1235 2946 1372 3003 atque
1393 2940 1542 3002 inseq.
1608 2938 1804 2988 Contra
1835 2937 2033 2987 Medic.
2059 2942 2108 2985 1.
2131 2936 2276 2986 addit
2305 2952 2425 2985 secr.
2449 2951 2497 2985 se

290 3001 348 3049 t’n
377 3003 587 3062 gremio.
653 3005 862 3054 Memm.
902 3020 1002 3055 non
1034 3005 1188 3054 habet
1217 3005 1390 3062 sinunt,
1417 3011 1471 3054 et
1503 3017 1621 3052 mox
1656 3016 1752 3067 pro
1783 3004 1905 3066 qaod
1938 3003 2030 3051 dat
2059 3017 2215 3064 qaam,
2237 3015 2352 3051 cum
2378 3001 2496 3050 Pin.

294 3065 438 3128 Cop.
481 3068 618 3119 Dun.
643 3070 775 3118 unde
810 3085 949 3133 qaam
971 3070 1105 3133 conj.
1136 3067 1318 3120 Scheff.
1374 3070 1435 3117 ln
1466 3068 1559 3117 sin.
1593 3068 1652 3128 qi.
1684 3067 1878 3117 Medic.
1904 3071 1949 3115 1.
1969 3070 2016 3116 3.
2051 3067 2179 3130 Cop.
2215 3076 2269 3115 et
2302 3068 2498 3130 quodam

292 3145 429 3180 man.
457 3131 574 3196 Cuj.
619 3134 762 3198 Lips.
785 3135 848 3183 ad
872 3149 1013 3184 oram
1037 3134 1167 3185 Cod·
1191 3135 1270 3184 sui
1293 3134 1540 3198 ascripsit
1560 3133 1613 3182 in
1632 3130 1732 3194 eius
1746 3132 1858 3182 sina
1872 3132 2005 3195 sign.
2026 3132 2210 3197 Romae,
2231 3131 2367 3198 quod
2391 3132 2499 3195 pla·

1295 3312 1506 3364 NOTAE

293 3411 522 3496 paratus
565 3436 736 3480 esset:
774 3430 908 3478 unde
945 3428 1231 3491 triumphus
1247 3425 1361 3489 ejus
1441 3432 1501 3472 ut
1540 3422 1728 3476 futurae
1772 3411 1928 3484 regiae
1952 3419 2216 3485 dignitatis
2240 3434 2390 3468 omen
2414 3420 2500 3468 lib.

293 3507 497 3557 clarior
521 3521 672 3569 quam
698 3506 893 3570 gratior
914 3504 1102 3565 fuerat,
1122 3503 1257 3568 quod
1281 3510 1360 3552 ta·
1442 3516 1482 3549 1.
1505 3497 1689 3568 decad.
1718 3504 1762 3547 1.

293 3596 422 3631 men
443 3581 696 3645 Scipioni,
719 3595 816 3630 nec
843 3581 971 3643 aliis,
993 3587 1175 3644 postea
1196 3579 1360 3627 conti·
1505 3563 1547 3608 δ’
1564 3575 1851 3625 Dedicatam
1882 3570 2192 3635 Capitolium]
2225 3570 2290 3619 In
2325 3571 2355 3622 J
2364 3572 2432 3620 ul.
2454 3586 2500 3619 c.

292 3659 382 3721 git
406 3673 420 3705 ε
460 3657 524 3707 de
546 3657 731 3721 quibus
769 3658 906 3707 idem
929 3657 1104 3707 multis
1126 3656 1253 3705 locis
1277 3656 1360 3705 Li·
1448 3658 1529 3703 15.
2134 3681 2137 3684 ι

294 3735 435 3783 vius.
957 3729 962 3732 ’
1505 3737 1529 3762 ⁰
1565 3724 1902 3787 Preces-tatis]
1940 3723 2123 3773 Pueris
2145 3723 2347 3773 scilicet
2369 3737 2501 3786 prae·

365 3817 391 3851 5
426 3809 577 3859 Avito
596 3809 879 3871 suburbano]
911 3810 1080 3872 Supra
1101 3813 1217 3859 c.6.
1442 3813 1639 3862 textam
1680 3802 2000 3868 gerentibus,
2041 3800 2105 3849 de
2151 3814 2253 3864 qua
2297 3800 2352 3848 in
2392 3799 2500 3850 Jul.

295 3935 304 3940 -
366 3895 392 3920 ⁸
427 3887 682 3949 Campanoe
719 3888 833 3951 vioe]
866 3889 984 3938 Qua
1006 3888 1236 3949 Capuam
1259 3886 1363 3936 iter
1441 3899 1494 3934 c.
1516 3888 1566 3933 1.

294 3970 451 4014 erat:
479 3963 574 4012 viis
595 3964 802 4012 nomina
817 3964 971 4012 etiam
987 3963 1053 4013 ab
1073 3962 1229 4028 iisqui
1249 3963 1361 4011 illas
1506 3958 1531 3993 ‘¹
1566 3959 1770 4020 Signum
1796 3951 1959 4017 Reip]
1981 3951 2220 4016 Aquilam
2247 3949 2327 3998 vel
2349 3949 2501 3998 simu-

292 4045 602 4090 straverant
622 4038 804 4088 indita.
1442 4037 1637 4086 lacrum
1688 4031 1946 4083 libertatis
2011 4026 2295 4077 Beroaldus
2346 4026 2503 4075 inter-

394 4121 421 4148 ·
452 4116 627 4177 Aquila
658 4130 822 4177 panem
853 4115 900 4164 ei
936 4130 962 4164 e
1002 4129 1143 4164 manu
1182 4114 1366 4178 rapuit]
1443 4119 1702 4177 pretatur,
1738 4110 1918 4159 Romae
1942 4104 2163 4169 effigiem
2184 4102 2503 4167 Torrentius,

293 4191 458 4242 Idem
498 4191 563 4241 de
602 4193 740 4256 pileo
776 4192 1040 4254 Tarquinii
1073 4190 1239 4240 Prisci
1263 4190 1364 4239 Ro·
1446 4190 1533 4255 qui
1558 4196 1792 4238 notarum
1817 4198 1994 4232 errore
2029 4183 2094 4232 R.
2121 4196 2213 4244 pro
2239 4181 2380 4244 Reip.
2419 4195 2505 4229 ac-

293 4282 444 4318 mam
473 4270 691 4328 primum
715 4267 965 4317 venientis
991 4265 1150 4317 refert
1177 4265 1365 4321 Livius,
1445 4272 1659 4328 ceptum
1705 4260 1987 4311 existimat.
2065 4259 2202 4308 Talis
2240 4266 2384 4306 certe
2430 4256 2500 4303 vi-

446 4348 624 4412 Delph.
641 4355 689 4399 et
709 4349 824 4400 Var.
851 4351 981 4399 Clas.
1308 4347 1498 4396 Sueten.
2036 4355 2057 4380 κ
2263 4344 2294 4387 2
2329 4337 2372 4385 B
