3019 4922
512 383 665 456 ,260

534 543 726 609 Loca
752 541 823 607 in
869 538 1053 608 Urbe
1094 539 1425 625 publicam
1456 539 1635 625 juris
1679 537 2014 622 ambigui⁷
2062 539 2570 624 possessoribus
2600 542 2726 606 ad-

530 643 875 729 judicavit.
961 642 1444 708 Diuturnorum
1489 649 1808 720 reorum,¹²
1852 650 1924 706 et
1965 660 2055 706 ex
2098 662 2375 726 qnorum
2405 643 2721 710 sordibus

533 747 698 813 nihil
757 746 940 812 aliud
997 763 1200 830 quam
1258 745 1577 828 voluptas
1634 745 1926 811 inimicis
1982 753 2406 829 quaereretur,
2455 747 2723 812 nomina

534 850 855 928 abolevit,
900 848 1283 916 conditione
1327 847 1703 933 proposita,
1747 856 1842 927 ut,
1886 849 1946 913 si
1990 868 2185 932 quem
2228 850 2380 934 quis
2424 857 2722 933 repetere

532 953 758 1031 vellet,
804 971 929 1036 par
976 951 1341 1035 periculum
1359 958 1385 986 ⁰
1426 971 1653 1037 poenae
1699 952 1973 1017 subiret.
2072 952 2142 1017 N
2145 972 2183 1017 e
2224 954 2402 1038 quod
2449 958 2677 1019 autem
2695 952 2722 992 ⁸

534 1055 942 1121 maleficium
998 1054 1420 1137 negotiumve
1479 1055 1875 1138 impunitate
1922 1055 2033 1121 vel
2085 1075 2275 1122 mora
2323 1058 2725 1138 elaberetur,

533 1158 805 1241 triginta
834 1158 1166 1242 amplius⁹
1192 1156 1393 1236 dies,¹>
1423 1158 1541 1242 qui
1571 1157 1939 1223 honorariis
1958 1167 2012 1198 ¹0
2038 1158 2266 1225 ludisq
2296 1162 2726 1245 occupaban-

1384 400 1447 447 C·
1492 394 1848 447 Sum'oNu

1448 1357 1812 1379 OOOOOOOOOOOO

539 1488 626 1538 alii
649 1489 778 1538 Mss.
799 1495 855 1540 et
879 1486 1012 1539 Edd.
1029 1488 1222 1539 habent
1240 1488 1465 1552 excussit,
1487 1487 1627 1553 quod
1655 1487 1888 1552 proetulit
1910 1489 2186 1538 Burm.-7
2219 1488 2474 1549 Ambiguae
2492 1488 2651 1538 Vind.
2679 1495 2726 1541 1.

535 1567 598 1603 ac
619 1553 823 1615 abjudic.
843 1554 974 1617 Cop.
1038 1555 1235 1604 Postea
1253 1555 1385 1604 aliud
1418 1552 1618 1603 excidit
1650 1553 1750 1604 Ed.
1791 1554 1969 1603 Burm.
2000 1561 2056 1604 et
2091 1555 2143 1604 in
2179 1554 2335 1604 Fouc.
2371 1554 2560 1617 legitur
2588 1569 2729 1617 quam

535 1620 868 1669 educam—8
889 1620 993 1669 Aut
1011 1622 1122 1669 mul.
1141 1621 1275 1669 Veu.
1302 1625 1348 1670 1.
1371 1618 1586 1671 Mediol.
1610 1618 1757 1669 Cald.
1775 1619 1938 1680 Lugd.
1985 1620 2111 1669 Mox
2130 1633 2261 1668 nore
2280 1617 2397 1668 eleb.
2419 1618 2580 1668 Polit.
2599 1634 2728 1668 more

534 1683 773 1733 laberetur
790 1684 987 1735 Medic.
1009 1689 1059 1735 2.
1082 1685 1318 1735 laberetur
1336 1685 1493 1734 etiam
1521 1684 1672 1734 Huls.
1739 1684 1802 1733 Iu
1838 1683 1936 1734 Ed.
1966 1683 2146 1748 Steph.
2178 1698 2315 1733 man.
2349 1682 2491 1733 doct.
2521 1684 2732 1747 scripsit

534 1749 936 1799 nubercam-9
958 1751 1027 1799 Et
1047 1752 1188 1814 unipl.
1214 1749 1410 1801 Medic.
1434 1754 1482 1801 1.
1500 1750 1751 1813 ampliatos
1773 1749 1898 1799 alios
1916 1750 2088 1813 legere
2111 1755 2286 1799 monet
2306 1762 2468 1811 marg.
2490 1749 2588 1799 Ed.
2604 1749 2730 1799 Bas.

535 1818 665 1863 -10
699 1814 963 1865 Honor-atis
986 1816 1145 1865 Fouc.
1171 1815 1287 1865 Pin.
1313 1815 1547 1864 Harlem.
1581 1814 1698 1879 Cuj.
1717 1829 1834 1864 cum
1863 1814 1998 1865 Edd.
2020 1817 2156 1865 Ven.
2192 1820 2239 1864 1.
2262 1812 2482 1864 Mediol.
2509 1819 2553 1863 1.
2575 1814 2728 1864 eald.

537 1878 674 1943 quod
699 1879 981 1932 notandum
995 1880 1157 1945 jussit
1179 1878 1369 1931 Scheff.
1391 1879 1581 1930 honoris
1602 1880 1721 1930 duae
1752 1881 1872 1932 aliae
1895 1880 2136 1931 Venetae.
2200 1881 2338 1930 Item
2360 1883 2471 1929 cetu
2492 1879 2653 1929 Viud.
2678 1883 2727 1929 1.

1524 2041 1740 2094 NOTAE

599 2141 637 2171 ¹¹
667 2138 795 2189 Loca
829 2139 882 2188 in
929 2140 1057 2190 Urbe
1085 2140 1297 2205 publiea]
1355 2140 1473 2191 Hoc
1512 2150 1597 2192 est

534 2229 751 2280 quorum
796 2217 1051 2280 possessio
1096 2217 1412 2282 privatorum
1462 2225 1596 2280 erat,

534 2291 765 2355 quamvis
777 2291 865 2356 jus
886 2291 1184 2356 possidendi
1201 2293 1492 2355 ambiguum
1518 2291 1593 2342 fo-

537 2373 642 2429 ret,
684 2373 741 2418 et
783 2367 1072 2418 incertumz
1110 2369 1127 2397 ‘
1149 2369 1392 2433 publica’
1431 2370 1595 2433 igitur

533 2444 789 2511 intellige,
805 2460 923 2512 quse
959 2447 1083 2498 talia
1115 2461 1228 2498 esse
1260 2447 1596 2513 putabantur.

536 2520 622 2570 Ad
658 2520 970 2573 dirimendas
1007 2523 1256 2589 ejusmodi
1290 2526 1429 2589 lites,
1448 2525 1596 2575 insti·

535 2599 639 2649 tuti
673 2607 794 2650 suut
829 2608 1014 2664 postea
1035 2603 1262 2669 judices,
1282 2604 1372 2669 qui
1394 2611 1597 2654 curato·

536 2690 619 2726 res
632 2675 964 2729 edificiorum
984 2680 1308 2743 publicorum
1327 2681 1598 2747 appellati,

535 2758 597 2802 ut
635 2753 824 2816 probat
862 2762 1011 2806 vetus
1046 2756 1197 2821 lapis,
1234 2757 1320 2822 qui
1357 2757 1410 2807 iu
1450 2757 1599 2808 calce

534 2829 707 2893 operis
729 2829 867 2879 inter
887 2831 1271 2896 inscriptiones.
1326 2833 1398 2883 Hi
1422 2832 1464 2883 si
1487 2833 1602 2884 loca

534 2902 732 2967 publici
743 2905 880 2969 juris
897 2921 1009 2957 esse
1029 2907 1394 2972 probarentur,
1411 2910 1494 2959 vel
1511 2924 1599 2960 au·

532 2978 774 3053 ferebant
793 2997 857 3032 ea
890 2985 1290 3049 possessoribus,
1325 2987 1407 3036 vel
1434 2986 1599 3049 impo-

535 3055 638 3106 sito
670 3058 859 3108 solario
893 3058 1018 3124 (hoc
1057 3068 1139 3112 est
1176 3062 1422 3126 vectigali
1460 3061 1599 3127 quod

536 3146 630 3257 lpro
660 3134 770 3183 solo
807 3135 1140 3199 pendendum
1177 3137 1318 3203 erat)
1339 3138 1597 3204 relinque-

574 3215 681 3258 ant.

600 3291 625 3317 ¹²
657 3284 1010 3337 maternorum
1053 3289 1263 3353 reorum]
1308 3290 1600 3355 Imperato-

537 3376 651 3413 rum
663 3364 989 3428 sequentium
1001 3367 1456 3419 constitutionibus
1466 3383 1602 3434 quae·

533 3438 728 3494 stiones
766 3441 1059 3492 criminales
1099 3458 1233 3494 anno
1267 3445 1350 3494 vel
1390 3445 1600 3496 biennio

537 3517 969 3570 terminabantur.
1033 3521 1110 3571 Ut
1146 3520 1262 3571 fuse
1302 3522 1356 3572 iu
1391 3522 1484 3574 lib.
1509 3536 1599 3575 ιιι.

536 3594 666 3646 Cod.
698 3595 715 3623 ‘
741 3603 800 3646 ut
837 3598 974 3647 iutra
1012 3606 1216 3649 certum
1260 3606 1466 3665 tempus
1502 3601 1601 3651 cri·

535 3671 737 3723 minalis
760 3674 981 3739 quoestio
1005 3676 1348 3729 terminetur!

601 3754 626 3778 ⁰
658 3747 766 3796 Pur
802 3750 1091 3815 periculum]
1144 3751 1277 3803 Quae
1321 3767 1476 3816 poena
1517 3768 1601 3804 ca·

532 3821 897 3873 iumuiatorum
954 3833 1055 3887 est,
1104 3828 1287 3891 quibus
1341 3828 1600 3880 damnatis

538 3899 660 3949 olim
701 3899 977 3950 inurebant
1012 3899 1173 3951 fronti
1213 3901 1418 3952 literam
1441 3903 1514 3968 K,
1542 3912 1601 3955 ut

537 3989 603 4026 ex
638 3974 891 4027 Cicerone
924 3978 1126 4029 notavit
1159 3980 1518 4042 casaubonus,
1547 3981 1603 4031 in

537 4051 774 4103 oratione
795 4067 887 4117 pro
907 4054 1097 4104 Roscio
1114 4053 1382 4106 Amerino.
1449 4056 1604 4107 Unde

536 4127 859 4191 Papinianus
893 4130 931 4181 l.
955 4134 1035 4181 13.
1055 4128 1114 4180 ff.
1137 4131 1204 4182 de
1236 4132 1478 4195 testibus,
1511 4134 1603 4184 ho-

540 4203 729 4254 miuem
775 4205 994 4270 integrm
1033 4206 1219 4260 frontis
1270 4210 1605 4262 calumniato-

536 4276 588 4327 si
631 4280 866 4344 opponit.
930 4284 1016 4333 De
1060 4299 1161 4350 quo
1202 4285 1388 4338 videsis
1436 4289 1606 4353 legem

1675 2146 1756 2194 17.
1784 2143 1919 2195 Cod.
1940 2144 2004 2193 de
2030 2144 2213 2210 poenis.

1738 2227 1764 2262 Ρ
1800 2221 2023 2283 ΊΗςὺιέα
2033 2217 2368 2285 ampliusdies]
2399 2216 2575 2281 Major
2594 2216 2731 2266 euim

1673 2294 1921 2347 festorum
1957 2297 2158 2347 dierum
2192 2309 2453 2354 numerus,
2482 2306 2634 2358 quam
2671 2300 2732 2342 ut

1674 2385 1775 2421 non
1794 2372 1947 2423 modo
1965 2379 2045 2423 tot
2055 2371 2276 2437 judicia,
2293 2369 2382 2419 sed
2406 2375 2462 2418 et
2480 2368 2583 2418 alia
2605 2382 2733 2432 quo·

1674 2464 1774 2514 que
1793 2449 2002 2514 negotia
2030 2456 2239 2516 possent
2259 2447 2455 2513 peragi,
2477 2458 2733 2512 quaprop-

1676 2533 1761 2576 ter
1790 2530 1871 2576 30.
1909 2526 2023 2576 illos
2060 2525 2190 2584 dies,
2230 2524 2317 2590 qui
2354 2522 2480 2574 festi
2519 2529 2735 2587 propter

1677 2602 1934 2668 ejusmodi
1965 2604 2111 2653 ludos
2145 2608 2313 2667 erant,
2325 2599 2635 2666 judiciarios
2656 2597 2736 2648 fe·

1679 2679 1773 2730 cit.
1840 2679 1958 2730 Hoc
1979 2679 2210 2729 imitatus
2245 2684 2328 2729 est
2363 2684 2547 2741 postea
2567 2673 2735 2724 Anto·

1679 2754 1830 2806 uiuus
1866 2754 2230 2820 Philosophus,
2269 2760 2480 2805 auctore
2521 2752 2735 2815 Capito·

1679 2832 1786 2882 lino
1808 2831 1862 2882 in
1886 2832 1995 2897 ejus
2016 2831 2161 2895 Vita,
2179 2832 2196 2860 ⁴
2217 2831 2292 2881 rei
2305 2828 2597 2895 Judiciariae
2633 2827 2735 2878 siu-

1680 2910 1907 2974 gularem
1931 2908 2255 2973 diligentiam
2285 2907 2549 2959 adhibuit:
2584 2903 2739 2955 fastis

1679 2987 1790 3037 dies
1818 2986 2125 3052 judiciarios
2169 2985 2387 3043 addidit,
2424 2985 2498 3036 ita
2534 2991 2593 3034 ut
2619 2987 2737 3034 230.

1679 3064 1791 3115 dies
1814 3079 2010 3116 annuos
2037 3064 2191 3115 rebus
2220 3062 2434 3129 agendis
2455 3059 2740 3124 litibusque

1678 3141 2031 3208 disceptandis
2054 3138 2430 3192 constitueret.’
2491 3137 2610 3188 Hoc
2625 3135 2740 3199 jam

1677 3218 1800 3270 iude
1832 3234 1864 3269 a
1886 3218 2153 3269 Ciceronis
2189 3215 2506 3281 temporibus
2540 3212 2741 3264 facien·

1681 3295 1805 3346 dum
1836 3300 2231 3361 exoptaverant,
2267 3302 2328 3342 ut
2364 3291 2475 3355 ipse
2513 3295 2742 3341 testatur

1678 3370 1732 3421 in
1755 3372 2020 3432 verrinis3
2056 3378 2111 3421 et
2131 3371 2198 3421 ab
2232 3369 2344 3419 aliis
2378 3375 2551 3419 tamen
2575 3367 2743 3431 impe-

1680 3448 1941 3499 ratoribus
1959 3456 2139 3499 auctus
2160 3447 2367 3507 iterum,
2387 3459 2483 3510 pro
2501 3444 2664 3506 varia,
2682 3448 2745 3493 ut

1680 3523 1761 3589 fit,
1774 3538 1945 3574 rerum
1962 3523 2251 3588 occasione,
2266 3522 2465 3573 dierum
2486 3519 2746 3570 festorum

1680 3615 1939 3653 numerus.

1745 3685 1769 3720 ‘¹
1807 3676 2095 3728 Honor-ariis
2137 3675 2280 3738 ludis,
2320 3672 2427 3738 ξω]
2469 3672 2569 3723 vel
2611 3686 2746 3737 quos

1682 3754 1872 3818 privati
1914 3753 2149 3803 homiues
2185 3752 2390 3801 honoris
2429 3764 2587 3799 causa
2619 3749 2747 3800 ede-

1680 3836 1820 3893 rent,
1842 3827 1981 3893 quod
2006 3841 2146 3890 saepe
2185 3825 2383 3876 factum
2407 3825 2508 3875 illis
2541 3831 2750 3888 tempo-

1682 3904 1842 3967 ribus,
1861 3903 2095 3954 Martial.
2118 3902 2267 3966 Epig.
2291 3905 2369 3952 16.
2394 3901 2485 3952 lib.
2510 3914 2600 3952 ιιι.
2622 3915 2749 3951 cum

1684 3981 2073 4044 magistratuum
2107 3985 2263 4028 antea
2309 3976 2748 4041 sacerdotumque

1684 4056 1952 4121 proprium
1976 4053 2030 4104 id
2052 4055 2142 4119 jus
2167 4059 2327 4118 esset,
2359 4052 2622 4117 divinique
2654 4053 2749 4102 ho·

1684 4133 1825 4183 noris
1848 4132 2038 4195 gratia,
2060 4144 2162 4180 nou
2181 4128 2420 4179 humanit
2447 4130 2531 4179 vel
2553 4129 2746 4178 ‘hono-

1685 4209 1875 4261 rarios’
1915 4208 2065 4267 dixit.
2100 4208 2248 4275 quasi
2281 4208 2569 4273 praetorios.
2609 4219 2741 4269 quos

1687 4294 1955 4356 praetores,
1990 4300 2206 4352 quorum
2246 4296 2516 4336 numerum
2550 4279 2618 4331 ad
2660 4286 2739 4334 16.
