3019 4922
2336 394 2469 470 289

285 562 760 645 duodetriginta
811 562 1218 627 coloniarum
1263 583 1557 641 numero,
1601 562 2033 629 deductarum
2078 565 2165 630 ab
2210 586 2307 645 se,
2343 569 2467 632 fre-

287 663 681 749 quentavit,⁶
701 674 725 700 ⁰
771 666 1214 750 operibusque
1234 674 1258 715 ⁷
1291 687 1372 731 ac
1401 667 1847 748 vectigalibus
1871 664 1900 701 ‘¹
1946 668 2237 751 publicis
2266 670 2473 754 pluri-

281 768 511 834 fariam
539 768 888 834 instruxit:
933 769 1131 834 etiam
1150 769 1302 853 jure
1332 789 1413 834 ac
1441 769 1820 850 dignatione
1843 768 2011 834 Urbi
2037 772 2473 853 quodammo-

284 870 364 935 do
382 870 405 908 ⁸
423 879 447 906 ⁰
467 890 601 954 pro
629 877 818 954 parte
847 870 1080 954 aliqua
1105 870 1519 955 adaequavit,
1551 873 1936 955 excogitato
1969 894 2209 956 genere
2233 876 2469 941 suffra-

1172 416 1566 467 OCTAVIUS.

1192 1033 1344 1055 mn
1348 1034 1559 1056 must&

285 1151 314 1186 a
334 1150 400 1185 m.
433 1149 518 1199 pr.
556 1148 670 1184 cum
706 1133 834 1197 Cop.
867 1134 1220 1210 exclamabatur
1249 1134 1499 1184 Huls.—6
1532 1134 1717 1185 Deduc.
1744 1135 2112 1198 resteque-mavit
2131 1134 2328 1186 Medic.
2356 1142 2473 1188 1.·3.

283 1201 436 1250 Vind.
473 1206 695 1264 uterque
731 1208 785 1248 et
820 1198 888 1248 Ο.
925 1209 1102 1261 scripti
1131 1199 1309 1248 Burm.
1332 1201 1489 1248 etiam
1512 1199 1648 1248 Edd.
1675 1202 1807 1249 Ven.
1837 1202 1977 1251 Med.
2000 1200 2148 1251 Cald.
2172 1200 2308 1250 unde
2333 1202 2469 1253 Edd.

284 1263 444 1327 Lngd.
467 1265 612 1316 Jnnt.
639 1263 760 1327 Arg.
788 1262 904 1311 Ald.
928 1264 1211 1326 junxerunt
1230 1265 1313 1313 abs
1334 1263 1689 1326 serresrequent.
1758 1267 1920 1315 Deest
1941 1266 2001 1315 ab
2021 1266 2135 1328 Cuj.
2157 1272 2213 1314 et
2233 1267 2470 1330 quaedam

284 1330 414 1381 Edd.
441 1337 499 1379 ut
518 1329 643 1378 Bas.
670 1327 994 1390 distinguunt
1018 1335 1133 1391 post
1155 1330 1318 1377 deduc.
1355 1328 1494 1377 Oud.
1530 1329 1687 1378 vellet
1725 1329 1968 1377 delendas
2006 1344 2157 1379 voces
2179 1330 2238 1380 ab
2259 1346 2326 1389 se,
2346 1331 2471 1396 (pro

286 1395 467 1454 quibus
490 1393 686 1443 Medic.
710 1397 760 1444 2.
780 1394 928 1443 Voss.
951 1395 1013 1441 ad
1035 1391 1130 1456 se,)
1156 1408 1246 1442 seu
1269 1393 1546 1455 legendum
1569 1396 1714 1443 colon.
1739 1395 1986 1453 IIXXX.
2010 1410 2135 1445 uum.
2155 1396 2339 1444 detinet.
2359 1411 2472 1447 cura

272 1459 614 1535 frequente—7
654 1457 886 1534 Qperibus
908 1457 1015 1534 sine
1039 1472 1127 1534 que
1151 1458 1280 1522 Cop.
1305 1459 1487 1534 Camp.
1554 1458 1689 1506 Tum
1713 1473 1742 1506 α
1763 1464 1883 1508 vect.
1900 1460 2029 1521 publ.
2055 1460 2134 1508 vel
2156 1475 2186 1508 α
2199 1459 2329 1524 publ.
2348 1466 2470 1510 vect.

282 1523 811 1651 ffissssffigt'tltss
834 1522 1831 1638 Ξῗέἑξὲιῗῗ’ὅίἱέ“ιῗᾶἱὲ’ἔ’ὸῗέὶῖἒὲέιῖᾲ
1844 1526 2472 1655 Ἦῖᾜῗῗοῗῖηὲιῗὲἓὲἰ

1265 1738 1484 1789 NOTAE

283 1847 395 1898 quae
420 1832 692 1883 dicebatur
712 1833 887 1897 Italia,
912 1835 1063 1885 variis
1085 1836 1336 1886 bellorum
1421 1849 1574 1902 qnam
1614 1836 1959 1886 exhauserant
2002 1840 2083 1886 tot
2114 1801 2254 1886 bella
2283 1835 2474 1890 civilia.

281 1907 473 1959 afflicta
527 1910 967 1973 contentionibus,
1017 1912 1239 1976 denique
1284 1913 1338 1961 in
1419 1913 1552 1963 Quae
1586 1919 1758 1972 autem
1778 1907 1877 1961 illae
1899 1911 2115 1962 coloniae
2136 1910 2352 1976 fuerint,
2370 1927 2473 1962 non

283 1984 532 2035 ditionem
577 1987 710 2050 Pop.
741 1987 888 2035 Rom.
934 1988 1192 2050 pervenit,
1237 2002 1338 2052 quo

284 2069 516 2126 tempore
538 2064 739 2113 nonnisi
755 2079 844 2112 suo
861 2065 1074 2128 singulae
1098 2061 1338 2114 civitates

274 2138 397 2202 jure
420 2139 602 2203 potitae
636 2145 774 2188 sunt.
839 2139 1076 2189 Secunda
1099 2140 1165 2189 ad
1194 2130 1338 2189 Mar.

282 2215 445 2264 sicum
483 2228 643 2279 usque
674 2229 763 2264 seu
797 2215 987 2265 sociale
1025 2215 1237 2277 bellum,
1272 2216 1339 2267 de

283 2308 383 2358 quo
400 2309 562 2357 supra
583 2308 698 2356 cap.
713 2297 797 2343 23.
821 2308 923 2358 qno
957 2301 1190 2357 tempore
1214 2293 1340 2345 Itali

283 2384 314 2419 a
348 2369 594 2420 Romanis
619 2370 735 2419 loco
771 2369 1022 2419 sociorum
1046 2368 1225 2427 babiti,
1246 2370 1340 2419 mi-

283 2460 396 2496 rum
433 2447 488 2496 in
536 2447 741 2497 modum
790 2460 905 2498 suas
957 2463 1082 2512 opes
1129 2463 1339 2512 auxere,

286 2529 514 2588 tuncque
550 2525 770 2572 maxime
809 2522 1092 2573 stabilitum
1131 2523 1340 2573 videtur

277 2600 383 2663 jus,
430 2599 569 2664 quod
605 2599 878 2650 dicebatur
921 2600 1092 2650 Italiae
1136 2599 1189 2649 in
1232 2601 1339 2652 Jul.

283 2690 400 2739 cap.
436 2680 488 2725 8.
569 2674 755 2724 Tertia
788 2674 851 2724 ad
890 2674 1202 2737 Augustum,
1240 2687 1341 2738 quo

286 2752 490 2802 demum
536 2751 783 2817 temporis
820 2752 1111 2812 intervallo,
1141 2750 1342 2814 legibus
1370 2741 1384 2750 ⁸

284 2828 445 2889 Julia,
477 2833 533 2878 et
552 2827 823 2891 Pompeia,
845 2828 993 2878 Sexti
1015 2829 1048 2879 J
1055 2827 1142 2877 ulii
1167 2827 1342 2876 Caesa-

287 2907 377 2969 ris,
412 2913 468 2956 et
498 2908 597 2957 Cn.
639 2906 875 2969 Pompeii
911 2906 1198 2969 Strabonis,
1219 2905 1341 2969 jura

286 2983 511 3033 civitatis
530 2984 776 3034 Romanae
800 2982 949 3032 Italis
970 2983 1075 3032 late
1104 2982 1340 3033 omnibus

287 3057 408 3109 data
451 3068 593 3122 sunt,
635 3073 753 3110 ann.
788 3060 856 3111 U.
881 3059 1192 3130 C.·‚circiter
1228 3065 1346 3111 665.

286 3136 479 3199 multis,
500 3145 560 3186 ut
592 3142 758 3200 patet,
781 3141 903 3185 ante
940 3131 1163 3198 Augusti
1187 3134 1348 3186 domi-

288 3213 547 3262 nationem
591 3212 750 3261 annis.
843 3213 1177 3277 Quapropter
1210 3212 1343 3277 quod

290 3287 353 3337 de
386 3303 523 3339 novo
556 3289 679 3352 jure
716 3287 1073 3353 suffragiorum
1105 3289 1191 3339 liic
1220 3289 1347 3338 dici-

287 3369 392 3429 tur,
407 3364 798 3427 intelligendum
821 3379 922 3413 non
955 3371 1037 3412 est
1057 3365 1197 3428 quasi
1226 3378 1346 3412 oon·

289 3455 484 3491 cessum
523 3440 674 3491 Italis
707 3441 771 3490 ab
793 3440 1028 3506 Augusto
1065 3440 1225 3489 fuerit
1256 3439 1345 3502 jus

290 3517 538 3579 civitatis,
553 3516 690 3581 quod
714 3518 975 3581 praecipue
993 3515 1343 3579 suffragiorum

293 3600 410 3655 θεῖς
461 3592 555 3642 sed
588 3592 827 3644 inventus
866 3594 1046 3643 modus
1092 3608 1193 3657 quo
1223 3593 1345 3656 jure

291 3668 385 3720 hoc
406 3684 502 3720 suo
526 3668 851 3730 fruerentur3
874 3685 989 3718 cum
1011 3669 1165 3731 enim,
1182 3670 1249 3716 ob
1270 3668 1346 3716 ni-

291 3746 445 3795 miam
481 3744 548 3794 ab
594 3745 723 3795 urbe
779 3745 1098 3807 distantiam,
1149 3744 1347 3793 itineris

286 3819 558 3871 molestias
579 3819 781 3884 aliaque
804 3820 854 3868 id
887 3834 1064 3882 genus,
1086 3819 1210 3868 nulli
1236 3833 1350 3882 pro·

292 3897 573 3962 ⁴petundum
597 3898 708 3946 usui
729 3895 861 3946 foret
883 3896 1182 3946 civitatibus
1204 3897 1351 3945 Italis

288 3980 442 4024 „tanta
472 3975 583 4024 haec
621 3973 989 4038 praerogativa,
1029 3988 1206 4037 passus
1249 3978 1347 4027 est,

290 4056 355 4101 ,ut
390 4050 611 4099 Romam
655 4049 858 4098 illorum
897 4049 1225 4114 magistratus
1259 4063 1351 4097 sua

300 4123 543 4187 suffragia
564 4123 854 4173 mitterent.

361 4209 383 4234 0
418 4201 784 4266 Frequentavit]
832 4201 949 4252 Hoc
993 4207 1075 4251 est
1114 4200 1351 4252 habitan-

302 4275 415 4327 dam
471 4283 527 4326 et
575 4275 844 4345 colendam
900 4277 1120 4339 curavit,
1162 4283 1350 4342 utpote

428 4355 604 4421 Delph.
625 4361 677 4408 et
698 4356 809 4408 γαν.
829 4356 964 4409 Clas·

1419 1993 1683 2051 repertum
1702 1987 1795 2037 sibi
1820 1987 1951 2038 dicit
1975 1986 2337 2037 Casaubonus=
2363 1989 2471 2053 ple·

1420 2079 1605 2128 rasque
1633 2064 1872 2128 Sigonius
1904 2079 1969 2113 ex
1992 2064 2242 2115 Frontino
2266 2069 2321 2113 et
2359 2065 2473 2114 aliis

1419 2140 1698 2204 diligenter
1720 2141 1933 2205 collegit
1950 2140 2043 2192 lib.
2067 2155 2152 2192 111.
2173 2141 2238 2190 de
2262 2140 2473 2206 antiquo

1408 2217 1534 2280 jure
1553 2218 1720 2267 Italiae
1745 2233 1793 2267 c.
1814 2222 1862 2268 4.

1484 2295 1508 2329 ‘¹
1547 2294 1892 2360 Vectigalibnoe]
1911 2294 2210 2358 Vectigalia
2233 2294 2476 2344 dicuntur

1422 2384 1628 2437 quoque
1650 2371 1869 2430 fructus,
1892 2372 1974 2421 vel
1998 2372 2166 2436 quivis
2193 2377 2474 2434 proventus

1422 2464 1550 2514 quos
1590 2448 1745 2498 etiam
1783 2448 1972 2512 privati
2004 2463 2069 2497 ex
2099 2461 2302 2498 suornm
2328 2461 2477 2508 agro-

1421 2540 1533 2574 rum
1587 2524 1846 2574 locatione
1889 2523 2202 2587 percipiunt.

1421 2600 1617 2651 Parad.
1652 2605 1699 2649 6.
1744 2601 1845 2648 ‘ex
1886 2600 2029 2649 tenui
2064 2614 2177 2649 meo
2209 2599 2475 2662 vectigali,

1422 2674 1673 2724 detractis
1722 2672 1973 2723 sumtibus
2023 2673 2341 2737 cupiditatis,
2385 2673 2475 2721 ali-

1422 2753 1546 2817 quid
1591 2751 1748 2802 etiam
1783 2750 2127 2801 redundabit.'
2207 2753 2279 2801 Et
2321 2752 2476 2816 paulo

1421 2837 1562 2893 ante,
1593 2830 1609 2858 ‘
1631 2843 1729 2878 non
1754 2828 2050 2892 intelligunt
2073 2828 2301 2877 homines
2323 2844 2477 2893 quam

1420 2906 1662 2969 magnum
1712 2905 1938 2969 vectigal
2002 2907 2071 2955 sit
2127 2903 2479 2969 parcimonia.'

1423 2982 1735 3033 Civitatibus
1760 2997 1963 3048 quoque
1984 2989 2037 3032 et
2061 2984 2297 3047 collegis,
2311 2990 2368 3032 ut
2385 2983 2476 3031 ho-

1424 3059 1613 3124 dieque
1655 3059 1733 3116 fit,
1781 3061 1859 3110 sui
1893 3067 2043 3109 erant
2089 3060 2344 3121 redditus,
2386 3074 2481 3109 sua

1424 3138 1717 3200 vectigalia,
1754 3143 1811 3186 ut
1840 3137 1906 3186 de
1933 3135 2269 3201 Arpinatibus
2300 3143 2480 3186 auctor

1424 3220 1505 3263 est
1543 3215 1728 3264 Cicero
1765 3213 1853 3264 lib.
1891 3227 2024 3264 xm.
2067 3214 2236 3276 Epist.
2285 3218 2364 3264 12.
2413 3211 2478 3262 ad

1424 3291 1662 3352 Brutum,
1679 3293 1694 3319 ‘
1708 3305 1919 3354 quorum
1937 3289 2143 3354 quidem
2157 3288 2327 3337 omni‘a
2344 3303 2481 3337 com-

1423 3365 1596 3426 moda,
1614 3378 1888 3428 omnesque
1905 3363 2199 3426 facultates,
2221 3363 2406 3427 quibus
2427 3369 2481 3411 et

1422 3454 1573 3488 sacra
1593 3439 1870 3499 conficere,
1887 3446 1943 3486 et
1964 3444 2105 3486 sarta
2124 3444 2267 3486 tecta
2291 3434 2478 3484 aedium

1426 3529 1687 3564 sacrarum
1754 3515 2084 3576 locorumque
2139 3512 2482 3561 communium

1427 3589 1563 3639 tueri
1601 3588 1819 3651 possint,
1847 3590 2136 3637 consistunt
2168 3587 2218 3634 in
2254 3586 2332 3634 his
2362 3600 2482 3636 vec-

1428 3664 1693 3727 tigalibus,
1729 3680 1845 3729 quae
1886 3662 2075 3713 habent
2118 3663 2183 3733 in,
2215 3660 2485 3724 provincia

1428 3738 1647 3791 Galliae?

1493 3825 1517 3851 e
1553 3815 1926 3878 Quodammodo]
1996 3816 2190 3864 Vocem
2229 3813 2360 3863 hanc
2405 3828 2485 3861 re·

1429 3895 1570 3958 spuit
1606 3894 1804 3957 Lipsius
1834 3893 1999 3942 Elect.
2038 3905 2101 3941 11.
2130 3890 2221 3940 lib.
2258 3905 2374 3953 cap.
2405 3894 2485 3941 17.

1428 3978 1670 4035 tanquam
1708 3971 1945 4032 glossam.
2012 3967 2189 4019 Ceteri
2210 3968 2341 4019 Mss.
2365 3982 2484 4017 auc-

1431 4047 1646 4096 toritate
1680 4050 2033 4108 servaverunt,
2076 4059 2367 4109 quanquam
2403 4058 2486 4093 su·
2587 4090 2590 4093 ,

1429 4121 1691 4186 perfluere
1746 4119 2028 4171 fateantur.
2090 4119 2105 4145 ‘
2134 4117 2486 4186 Dignatione'

1429 4199 1514 4265 hie
1561 4198 1794 4264 intellige
1834 4212 1928 4262 pro
1963 4202 1977 4228 ‘
2001 4198 2248 4249 honore:’
2291 4198 2344 4247 in
2379 4196 2485 4248 Jul.

1432 4290 1478 4327 c.
1504 4279 1555 4327 4.

1309 4355 1503 4408 Sueten.
2178 4354 2180 4358 ⁴
2310 4351 2359 4400 Τ

2292 2522 2475 2579 Cicero
2494 2514 2505 2523 ’
2553 2560 2560 2563 .
