3019 4922
2373 410 2506 478 260

310 567 641 655 peregrini
690 576 773 633 ac
822 565 1079 632 servilis
1126 568 1481 650 sanguinis
1506 569 1967 652 incorruptum
1996 588 2257 636 servare
2289 591 2504 656 popu-

308 675 462 751 lum,
493 679 566 737 et
594 672 986 737 civitatem1¹
1034 670 1453 736 Romanam⁹
1501 672 1896 755 parcissime
1923 672 2134 751 dedit,
2174 680 2248 738 et
2267 682 2321 713 ¹0
2365 694 2505 739 ma-

308 774 700 840 numittendi
724 773 996 838 modum
1014 781 1041 808 ⁰
1069 774 1467 839 terminavit.
1526 774 1820 852 Tiberio,
1849 793 1968 858 pro
1990 775 2238 839 cliente
2260 774 2506 842 Graece

309 876 586 959 petenti,
630 876 1000 958 rescripsit,
1049 879 1070 909 ‘
1096 874 1257 941 Non
1302 876 1493 942 aliter
1536 896 1608 940 se
1641 876 1979 954 daturum,
2011 896 2213 959 quam
2241 878 2301 941 si
2330 897 2507 962 prse-

309 998 465 1044 sens
493 979 628 1043 sibi
657 979 1114 1062 persuasisset
1136 998 1343 1064 quam
1361 978 1581 1062 justas
1624 970 1896 1062 petendi
1925 998 2165 1044 causas
2194 979 2513 1054 haberet.'

308 1080 397 1145 Et
441 1080 687 1156 Liviae,
734 1099 857 1163 pro
905 1080 1199 1163 quodam
1243 1081 1593 1145 tributario
1624 1080 1824 1147 Gallo
1854 1082 2129 1162 roganti,
2161 1082 2505 1148 civitatem

306 1185 601 1265 negavit,
632 1183 1114 1249 immunitatem
1146 1183 1409 1258 obtulit,
1441 1181 1795 1260 affirmans,
1839 1187 1861 1225 ⁶
1880 1183 1970 1248 Se
1999 1184 2262 1248 facilius
2284 1188 2304 1217 ¹
2347 1204 2509 1268 pas-

307 1304 539 1348 surum
570 1285 739 1349 fisco
770 1284 1023 1349 detrahi
1044 1292 1069 1321 ²
1124 1285 1402 1371 aliquid,
1435 1307 1638 1371 quam
1670 1287 1968 1352 civitatis
2002 1285 2335 1350 Romanae
2364 1286 2508 1350 vul·-

306 1389 447 1468 gari
474 1387 834 1451 honorem.’
920 1386 1197 1467 Servos,
1249 1409 1377 1453 non
1427 1396 1782 1454 contentus
1828 1388 2057 1452 multis
2102 1386 2509 1452 difficultati-

1213 395 1606 473 oc‘rAv'fflS.
1631 403 1638 410 “

306 1490 436 1551 bus
467 1508 510 1552 a
537 1487 864 1567 libertate,
898 1495 970 1553 et
998 1490 1216 1554 multo
1248 1490 1558 1575 pluribus
1590 1510 1632 1554 a
1658 1490 1971 1553 libertate
2006 1485 2244 1572 justa?
2295 1478 2509 1553 remo·⁸
2603 1538 2614 1555 .

306 1592 529 1673 visse3
577 1611 732 1656 cum
776 1598 846 1654 et
890 1591 977 1655 de
1023 1611 1323 1672 numero,
1363 1599 1431 1657 et
1457 1593 1541 1657 de
1572 1591 1953 1657 conditione
1982 1611 2065 1656 ac
2094 1592 2508 1657 differentia*¹

1227 1771 1591 1793 OOOO‘OONJOO

307 1887 506 1939 omittit
526 1895 668 1954 atque
689 1889 794 1942 Ma.
813 1891 958 1941 Torr.
981 1896 1037 1941 et
1059 1905 1178 1941 mox
1199 1891 1408 1957 legebat
1443 1893 1585 1954 Lips.
1618 1896 1702 1940 aut
1738 1891 2040 1941 servilia—9
2078 1888 2312 1938 Civitates
2334 1888 2511 1938 Rotna-

305 1965 392 2002 ims
411 1955 628 2004 Memm.
652 1955 847 2005 Medic.
870 1962 995 2014 tres,
1018 1970 1149 2006 unus
1172 1958 1345 2008 Pulm.
1377 1966 1432 2006 et
1458 1957 1527 2007 Ο.
1557 1957 1736 2005 Burm-
1759 1971 1877 2005 cum
1897 1956 2047 2004 Voss.
2073 1954 2208 2004 Edd.
2230 1954 2382 2003 Rom.
2408 1963 2512 2002 sec.

307 2019 441 2068 Ven.
462 2027 532 2070 tr.
555 2019 703 2070 Med.
727 2033 806 2083 pr.
831 2020 1015 2083 Steph.
1047 2021 1183 2085 quod
1219 2021 1359 2072 Oud.
1394 2036 1475 2071 sus
1516 2022 1686 2072 icatur
1709 2019 1866 2070 finisse
1902 2020 2151 2082 scriptum
2187 2032 2279 2082 pro
2301 2018 2513 2068 civitatis

311 2082 649 2144 Romanaejas.
694 2084 943 2134 Nostrum
971 2093 1185 2136 tuentur
1205 2088 1336 2137 Mss.
1357 2088 1458 2136 Vin
1500 2120 1514 2135 .
1539 2087 1685 2136 Cort.
1710 2093 1766 2135 et
1789 2086 1889 2136 Ed.
1914 2086 2062 2135 Rom.
2089 2099 2168 2147 pr.
2206 2083 2340 2132 Dein
2362 2083 2511 2145 potis-

309 2150 426 2197 sime
442 2150 580 2198 dedit
604 2149 760 2197 Vind.
783 2154 963 2200 1.——10
998 2151 1166 2200 Deest
1183 2157 1231 2201 et
1252 2152 1466 2201 Memm.
1489 2152 1823 2201 manutenenda·
1846 2151 1989 2201 Cort.
2011 2148 2108 2200 Ed.
2132 2149 2315 2211 camp.
2381 2148 2512 2196 Tum

313 2214 380 2261 Et
401 2213 559 2262 Livia
578 2213 761 2262 desunt
784 2215 938 2264 Vind.
966 2218 1111 2264 1.—1
1149 2216 1267 2266 Hoc
1301 2216 1482 2266 ordine
1518 2216 1684 2264 edidit
1718 2214 1856 2265 Oud.
1890 2214 2203 2264 auctoritate
2229 2211 2424 2262 Medic.
2447 2219 2514 2261 tr.

308 2277 469 2327 Polit.
488 2278 646 2327 Vind.
669 2282 718 2327 2.
738 2279 856 2343 Cuj.
883 2279 1163 2329 accedente
1187 2282 1331 2331 Dun.
1355 2288 1410 2331 et
1433 2281 1635 2344 recepit
1659 2280 1872 2341 Baumg.
1910 2279 2116 2328 Ceterae
2140 2275 2425 2334 Edd.sucil.
2443 2290 2513 2324 se.

309 2347 404 2392 -2
438 2342 617 2392 Deberi
640 2343 870 2393 Heriem.
895 2339 1025 2394 Eud.
1058 2346 1193 2394 Ven.
1224 2353 1293 2395 tr.
1326 2346 1470 2397 Med.
1493 2346 1631 2395 unde
1656 2344 1790 2407 conj.
1812 2345 1990 2393 Burin.
2012 2343 2180 2392 deteri.
2248 2342 2377 2390 Mox
2395 2355 2430 2389 a
2451 2341 2518 2399 li-,

309 2405 423 2456 bert.
444 2409 661 2458 existant
684 2423 713 2457 a
735 2408 1009 2459 Mediceis.
1071 2410 1177 2459 Sed
1200 2416 1248 2460 et
1262 2413 1406 2460 multo
1424 2413 1495 2476 pl.
1518 2426 1550 2459 a
1571 2410 1657 2461 lib.
1675 2408 2034 2460 desiderantur
2054 2409 2104 2456 in
2124 2406 2283 2456 Viud.
2301 2410 2352 2455 1.
2370 2405 2514 2455 Cort-

309 2479 364 2521 et
395 2472 530 2522 Edd.
556 2487 717 2538 usqne
749 2475 928 2537 Steph.
958 2489 989 2522 a
1011 2474 1093 2525 lib.
1119 2481 1168 2525 et
1186 2491 1251 2528 nt.
1272 2479 1337 2539 pl.
1370 2477 1421 2526 in
1447 2477 1586 2526 Dun.
1620 2490 1723 2526 non
1758 2491 1788 2524 a
1831 2480 2033 2537 parent.
2102 2472 2275 2522 Vatic.
2310 2470 2515 2533 praebet

309 2543 354 2586 et
374 2539 536 2589 mltis
552 2541 623 2604 pl.
645 2554 762 2590 cum
784 2539 900 2590 cod.
926 2539 1099 2589 Pulm.
1124 2542 1382 2604 probante
1415 2543 1570 2593 Torr.
1605 2555 1666 2591 ae
1697 2542 1752 2591 in
1837 2540 1904 2591 al.
1937 2543 1987 2590 Β.
2018 2536 2129 2602 dzjffi
2152 2552 2183 2586 a
2203 2536 2514 2587 servitute--

1301 2688 1517 2740 NOTAE

307 2785 436 2849 legis
475 2792 711 2849 exoptat,
746 2787 884 2852 qnod
925 2788 1192 2851 Augustus
1227 2786 1367 2837 adhi-

306 2862 447 2912 buit:
486 2863 719 2924 pessimis
752 2864 889 2913 enim
925 2864 1228 2928 plerumque
1260 2878 1367 2914 mo-

303 2937 383 2987 dis
402 2938 701 2987 libertatem
724 2938 1190 3002 consequebantur,
1212 2945 1272 2988 ut
1295 2939 1366 2987 la·

304 3014 556 3075 troeiniis,
578 3013 863 3075 veneficiis,
894 3015 1366 3079 prostitutionibus,

305 3095 402 3142 dte.
470 3092 614 3144 Hine
673 3094 909 3143 Lucanus
950 3093 1173 3156 ¹scripsit
1226 3098 1242 3123 ‘
1265 3095 1367 3144 Ro·

302 3182 437 3218 mam
460 3169 637 3220 mundi
661 3167 789 3219 faece
814 3168 1123 3231 repletamt’
1153 3184 1253 3221 nec
1273 3169 1368 3219 mi-

304 3258 436 3306 rum,
469 3260 588 3299 cum
618 3260 685 3295 ex
719 3244 859 3296 omni
893 3242 1057 3295 ferme
1090 3259 1281 3307 genere
1312 3252 1370 3295 et

305 3321 515 3372 natione
557 3322 701 3371 cives
744 3322 1150 3382 asciscerentur,
1186 3328 1246 3370 ut
1278 3336 1368 3370 ex·

306 3398 478 3459 emplo
516 3396 645 3448 Julii
682 3396 930 3458 colligere
971 3406 1075 3456 est,
1114 3410 1269 3459 supra
1313 3396 1368 3445 in

306 3472 420 3534 ejus
442 3473 552 3524 vita
574 3486 692 3536 cap.
715 3477 796 3522 ⁷2.
819 3480 875 3522 et
896 3486 962 3522 ex
1000 3472 1148 3522 Livio
1172 3472 1262 3521 lib.
1285 3485 1365 3525 tx.

305 3548 491 3599 deeui.
526 3563 606 3599 tv.
641 3556 845 3599 constat
872 3549 1138 3612 Hispanos
1171 3548 1369 3611 pariter

305 3632 362 3675 et
394 3625 611 3676 Graecos
649 3627 715 3674 ab
753 3639 819 3675 eo
863 3625 1076 3675 civitate
1113 3622 1366 3685 donatum

306 3701 428 3765 quin
450 3708 508 3751 et
538 3700 780 3751 Claudius
816 3708 1000 3764 postea
1037 3701 1368 3752 Sauromatas

308 3776 469 3840 ipsos.
498 3784 559 3827 et
595 3778 629 3826 l.
671 3781 747 3827 17.
800 3775 855 3827 ff.
908 3776 976 3826 de
1019 3783 1164 3828 statu
1206 3776 1366 3827 bomi-

309 3870 463 3907 num:
505 3863 521 3886 ⁸
548 3857 601 3906 in
644 3856 771 3906 orbe
817 3856 1050 3904 Romano
1096 3853 1183 3919 qui
1224 3862 1366 3912 sunt,

308 3947 374 3983 ex
414 3933 788 3983 constitutione
834 3932 1160 3994 imperatoris
1202 3930 1368 3983 Anto-

306 4008 413 4058 nini
432 4009 573 4059 dves
595 4009 815 4059 Romani
839 4006 1014 4065 effecti
1037 4006 1194 4059 sunt-⁹
1230 4008 1367 4060 Vide

310 4100 513 4150 quoqne
540 4085 812 4135 Novellam
829 4097 1064 4135 nxxvru.
1084 4098 1132 4134 c.
1155 4089 1207 4135 6.

310 4197 315 4203 .
368 4168 394 4193 Ι·
437 4159 724 4222 Civitatem]
757 4160 913 4224 Cujus
928 4159 1208 4224 adeptione
1230 4160 1368 4210 atri·

264 4243 275 4254 ·
310 4235 433 4286 huto
451 4236 730 4300 pendendo
748 4235 1125 4289 liberabantur.
1168 4236 1233 4287 ln
1255 4237 1367 4290 Jul.

309 4327 354 4363 c.
372 4317 424 4365 Β.
448 4321 505 4366 et
525 4317 681 4367 esu.
877 4331 901 4350 e

1512 2792 1536 2817 ⁰
1568 2782 1947 2836 Manamittendi
1963 2778 2172 2842 moduni]
2206 2779 2222 2808 ‘
2242 2776 2288 2828 A
2306 2776 2513 2841 'primis'

1448 2862 1586 2912 enim
1628 2863 1645 2892 ‘
1669 2861 1811 2912 urbis
1842 2861 2086 2909 Romanae
2122 2852 2389 2905 cunabulis
2414 2867 2516 2902 una

1444 2948 1607 3003 atque
1648 2938 1867 3000 simplex
1910 2933 2125 2983 libertas
2160 2927 2514 2993 competebat,

1446 3013 1500 3063 id
1526 3021 1628 3078 est,
1641 3028 1706 3065 ea
1730 3027 1881 3079 quam
1898 3008 2125 3060 babebat
2148 3005 2514 3065 manumissor-3

1447 3092 1550 3142 nisi
1584 3090 1723 3158 quod
1768 3089 1970 3140 scilicet
2007 3084 2284 3137 libertinus
2320 3080 2390 3131 sit
2426 3080 2514 3144 qni

1448 3167 1847 3230 manumittitur,
1887 3165 2015 3215 licet
2059 3159 2397 3212 manumissor
2439 3157 2517 3205 in-

1447 3261 1649 3310 genuus
1670 3244 1777 3296 sit.’
1831 3244 1905 3294 Ut
1927 3241 2152 3291 babetur
2167 3235 2345 3288 Instit.
2363 3234 2445 3284 tit.
2465 3238 2516 3282 6.

1513 3329 1539 3362 Ρ
1572 3323 1819 3372 Libertate
1849 3315 2012 3379 justa]
2064 3320 2079 3343 ‘
2104 3313 2209 3366 Qui
2245 3309 2519 3360 manumit-

1450 3396 1718 3453 tebantur,
1752 3394 1906 3444 modo
1935 3391 2193 3453 majorem
2236 3392 2290 3435 et
2320 3385 2516 3448 Justam

1447 3469 1746 3521 libertatem
1763 3465 2233 3531 consequebantur,
2249 3467 2302 3509 et
2322 3458 2519 3508 fiebant

1449 3544 1880 3598 eives'Romaniz
1915 3540 2068 3591 modo
2106 3534 2513 3599 minorem‚’&c.

1447 3622 1574 3672 ibid.

1514 3709 1540 3744 ‘1
1573 3699 1657 3750 De
1675 3711 1890 3761 numero,
1912 3700 1961 3746 et
1981 3696 2041 3744 de
2059 3689 2326 3742 conditione
2346 3703 2401 3736 ac
2421 3687 2517 3746 dif-

1437 3773 1678 3839 ferentia]
1724 3775 1867 3837 Lesse
1912 3770 2070 3821 Furia
2121 3765 2362 3828 Carfinia,
2400 3778 2514 3828 qum

1447 3850 1678 3916 Augusti
1716 3847 2032 3912 temporibus
2071 3844 2180 3893 lata
2218 3846 2319 3902 est,
2357 3846 2516 3891 testa?

1446 3936 1627 3983 mento
1665 3926 1958 3978 manumitti
1992 3937 2094 3975 non
2133 3925 2379 3986 poterant
2415 3917 2514 3968 nisi

1446 4021 1514 4056 ex
1538 4005 1703 4057 tribus
1725 4004 1888 4053 servis
1911 4001 2032 4063 duo,
2063 4013 2131 4048 ex
2153 3997 2340 4073 decem
2367 3996 2515 4059 quin,-

1449 4098 1570 4148 que,
1608 4098 1677 4132 ex
1713 4080 1929 4145 triginta
1969 4078 2171 4138 decem,
2200 4079 2512 4145 excentum

1447 4159 1633 4223 viginti
1653 4158 1898 4224 quinque,
1911 4171 1976 4206 ex
1992 4151 2285 4220 quingentis
2309 4157 2513 4213 etquo-

1449 4248 1673 4299 cnmque
1694 4233 1797 4285 alio
1813 4245 2027 4283 numero
2043 4242 2147 4281 nou
2163 4226 2340 4291 plures
2359 4237 2510 4293 quam

1450 4318 1688 4376 centum,
1728 4315 1788 4362 ut
1830 4313 2037 4370 constat
2077 4318 2144 4356 ex
2186 4299 2411 4366 Ulpiano
2452 4299 2509 4355 in
