3019 4922
475 373 609 438 230

476 535 577 598 les
600 542 622 567 ⁷⁴
668 550 973 609 coronae,
1006 550 1159 615 quae
1196 529 1447 594 honore
1481 528 1988 612 praecellerent?
2035 528 2274 594 dabat:
2318 528 2442 595 has
2474 549 2678 613 quam

480 638 895 720 parcissime,
942 641 1014 698 et
1063 635 1209 698 sine
1266 632 1655 710 ambitione,
1702 652 1783 696 ac
1832 651 2019 715 saepe
2071 633 2274 700 etiam
2313 634 2679 716 caligatis:

475 740 726 807 tribuit.
816 737 915 802 Μ.
945 738 1326 821 Agrippam
1350 734 1376 773 ¹²
1419 735 1489 799 in
1522 736 1757 801 Sicilia
1785 745 1943 820 post
1987 738 2294 801 navalem
2325 738 2677 803 victoriam

482 842 779 908 coeruleo
834 840 1129 920 vexillo⁰
1171 838 1468 905 donavit.
1559 838 1757 904 Solos
1807 839 2267 923 triumphaleS,
2297 857 2679 925 quanquam

477 954 544 1010 et
575 944 796 1009 socios
824 943 1360 1027 expeditionum,
1394 949 1462 1007 et
1507 942 1873 1026 participes
1905 942 2337 1018 victoriarum
2382 962 2680 1021 suarum,

476 1067 819 1131 nunquam
870 1028 1068 1134 donis
1123 1045 1607 1130 impertiendos
1652 1047 1957 1130 putavit3
2001 1047 2188 1130 quod
2234 1048 2367 1131 ipsi
2413 1066 2680 1130 quoque

470 1149 584 1234 jus
614 1146 1047 1213 habuissentd
1074 1137 1453 1213 tribuendi3
1486 1167 1568 1213 ea
1601 1149 1847 1232 quibus
1868 1149 2137 1214 vellent.
2228 1150 2424 1215 Nihil
2453 1156 2683 1214 autem

478 1252 693 1316 minus
723 1251 794 1314 in
837 1252 1142 1335 perfecto
1175 1252 1369 1330 duce,
1418 1272 1622 1336 quam
1663 1251 2165 1317 festinationem
2209 1253 2680 1317 temeritatem—

479 1374 635 1438 que,
659 1355 1014 1418 convenire
1043 1356 1522 1421 arbitrabatur.
1602 1354 1854 1419 Crebro
1879 1356 2154 1439 itaque4
2182 1355 2304 1421 illa
2323 1355 2680 1440 jactabat:
2717 1429 2718 1434 ἵ

479 1456 685 1521 Σπεῦὸε
716 1454 987 1543 βραδέως.
1080 1456 1207 1521 Et:

733 1562 1033 1637 Ἀσ-φαλὴς
1059 1558 1178 1646 γάρ
1212 1557 1332 1622 ἐστ’
1364 1559 1629 1642 ἀμείνων,
1658 1556 1689 1637 ἢ
1722 1558 1924 1645 θρασὺς
1953 1559 2419 1648 στρατηλάτης.]

1349 385 1410 432 G.
1458 383 1816 434 SUE‘roNu

533 1774 568 1818 s
592 1777 790 1828 Festina
810 1778 933 1826 lente
949 1791 966 1825 .-
1000 1780 1166 1825 cautus
1187 1774 1315 1825 enim
1337 1775 1595 1838 imperator
1613 1773 1781 1823 melior
1801 1788 1940 1838 quam
1960 1753 2155 1824 audens.

1398 1952 1760 1975 OOOOOOOmOO

476 2100 598 2135 mur.
633 2085 826 2136 Medic.
853 2090 898 2136 1.
924 2086 1042 2134 Pin.
1069 2086 1287 2149 phaleras
1305 2092 1391 2137 aut
1412 2101 1538 2137 mur.
1558 2087 1817 2136 Fouc.—-2
1850 2086 2178 2135 Proecederent
2200 2085 2329 2137 Ald:
2347 2086 2529 2152 Steph.
2552 2086 2687 2151 Arg.

477 2150 649 2215 Lugd.
669 2152 816 2202 Junt.
885 2151 1013 2199 Mox
1039 2168 1095 2200 ac
1116 2152 1218 2200 sine
1254 2152 1370 2201 Pin.
1399 2158 1449 2201 et
1480 2153 1534 2200 in
1565 2151 1723 2200 Vind.
1749 2158 1988 2215 uterque,
2010 2151 2061 2200 in
2086 2152 2309 2201 Ciliciam
2331 2153 2546 2203 Memm.
2570 2155 2689 2202 Me-

478 2216 581 2266 dic.
601 2220 647 2266 3.
684 2216 859 2266 Cilicia
875 2216 1009 2279 Cop.
1034 2217 1191 2265 vind.
1212 2222 1263 2267 2.
1282 2216 1418 2267 Edd.
1441 2217 1593 2266 Rom.
1617 2231 1723 2267 sec.
1743 2217 1947 2280 Gry-pb.
1968 2217 2146 2266 Plant.
2180 2217 2395 2267 Siciliam
2416 2219 2515 2268 Ed.
2535 2218 2689 2268 Rom.

476 2282 746 2345 Campani.
771 2280 1173 2331 oud-‘mendum
1199 2282 1579 2346 suspicabatur,
1603 2290 1657 2332 et
1676 2281 2028 2345 reponendum
2054 2282 2388 2346 Nicopoli.—3
2416 2283 2690 2333 Tribuenda

475 2339 611 2397 Ven.
630 2351 679 2395 2.
703 2352 749 2396 3.
772 2346 917 2395 Med.
945 2346 1094 2396 Cald.
1162 2347 1291 2395 Mox
1308 2348 1578 2409 imperfecto
1595 2348 1728 2396 Ven.
1754 2352 1803 2396 2.
1829 2351 1877 2396 3.
1901 2347 2066 2410 Lugd.
2085 2347 2229 2399 Junt.
2252 2346 2379 2410 Arg.
2402 2356 2458 2398 et
2475 2348 2686 2397 mendo-

479 2412 584 2461 sius
607 2412 658 2461 in
679 2412 868 2476 imperf.
895 2411 1088 2460 Medic.
1112 2415 1161 2460 2.
1214 2412 1331 2461 Ρίη.
1354 2412 1487 2465 Edd.
1518 2414 1643 2464 Bas.
1677 2411 1801 2463 Seb.
1829 2411 2030 2476 Gryph.
2054 2412 2189 2470 duae,
2212 2420 2267 2463 et
2290 2413 2457 2464 Colin.
2524 2413 2687 2463 Polit.

477 2480 850 2541 suprascripsit
870 2477 922 2526 in
945 2478 1042 2526 Ed.
1069 2478 1284 2528 Mediol.
1309 2494 1387 2540 pr.
1407 2479 1538 2540 duci,
1558 2478 1651 2528 sed
1674 2484 1798 2527 tunc
1816 2479 1870 2527 in
1890 2478 2169 2528 delendum
2185 2485 2335 2528 notat
2358 2478 2501 2528 Oud.
2550 2480 2688 2527 Tum

478 2543 620 2592 Heu.
639 2543 820 2605 Steph.
844 2543 897 2592 in
918 2543 1234 2595 Schediasm.
1258 2559 1434 2594 vocem
1459 2545 1774 2594 temeritatem
1796 2544 1998 2593 censuit
2019 2559 2049 2593 a
2073 2545 2360 2606 glossatore
2384 2544 2689 2606 ascriptam,

477 2615 532 2657 et
554 2609 686 2660 Exc.
711 2609 866 2658 Voss.
888 2616 1154 2659 ostentant
1174 2609 1453 2660 neuim—4
1484 2610 1631 2660 Torr.
1653 2624 1770 2658 cum
1794 2608 1847 2658 in
1882 2624 1982 2658 uno
2004 2624 2097 2658 suo
2132 2610 2248 2660 cod.
2271 2610 2471 2670 legeret
2504 2609 2690 2658 crebro-

475 2688 562 2736 que
584 2674 706 2735 itaj.
730 2675 908 2725 mallet
935 2673 1184 2738 crebroque
1205 2675 1290 2723 illa
1301 2675 1346 2736 j.
1402 2675 1592 2725 Graeca
1615 2681 1730 2729 tota
1750 2674 1968 2724 deerant
2001 2674 2235 2725 Harlem.
2272 2674 2370 2723 Ed.
2401 2675 2539 2725 Ven.
2564 2677 2611 2722 1.
2632 2674 2687 2722 in

478 2739 592 2788 aliis
617 2747 861 2803 corrupte
884 2747 942 2789 ut
965 2740 1114 2788 solet.
1153 2740 1333 2804 Eut-ip.
1357 2755 1536 2789 versus
1560 2746 1758 2790 tantum
1783 2739 1930 2789 abest
1956 2755 1988 2787 a
2006 2741 2165 2789 vind.
2189 2744 2237 2789 l.
2260 2739 2468 2789 Viterb.
2495 2739 2614 2789 Pal.
2638 2742 2688 2789 8.

477 2810 532 2851 et
555 2804 789 2854 ultimum
816 2805 925 2869 ejus
942 2804 1322 2855 hemistichium
1346 2806 1478 2855 Edd.
1503 2806 1657 2855 Rom.
1723 2805 1831 2854 Pro
1855 2802 2026 2869 θρασὺς
2048 2805 2100 2853 in
2122 2805 2267 2854 Cort.
2287 2803 2477 2866 βραδύς.
2547 2802 2689 2852 Lati-

476 2882 593 2916 nam
619 2870 1104 2933 interpretationem
1130 2871 1373 2932 adjecere
1387 2872 1521 2920 Ven.
1542 2875 1592 2920 2.
1609 2875 1659 2918 3.
1680 2870 1898 2919 Mediol.
1918 2869 2068 2919 Cald.
2084 2869 2252 2934 Lugd.
2270 2878 2324 2919 et
2343 2870 2497 2918 aliam
2512 2866 2687 2916 diver-

478 2947 584 2981 sam
607 2934 854 2984 exhibent
870 2936 1077 2985 Viterb.
1100 2943 1156 2984 et
1180 2936 1294 2984 Pal.
1321 2940 1368 2984 1.
1436 2936 1639 2984 Vocula
1662 2940 1710 2983 et
1733 2944 1855 2984 ante
1878 2935 2101 2997 ἀσφαλὴς
2124 2937 2174 2982 in
2208 2936 2350 2983 nullo
2379 2934 2562 2983 codice
2585 2946 2685 2981 nec

476 2997 576 3049 Ed.
598 3000 720 3048 Vet.
747 3008 1036 3063 comparet,
1058 3006 1115 3050 et
1137 3002 1332 3050 rectius
1355 2999 1540 3050 abesse
1549 3000 1754 3065 judicat
1775 3001 1917 3063 Oud.
1953 3001 2097 3050 Dein
2119 3002 2209 3063 Et,
2228 3005 2305 3050 sat
2329 2999 2503 3051 omisit
2525 3000 2694 3048 Foue-

1471 3175 1690 3226 NOTAE

478 3287 686 3351 trensis,
728 3287 743 3314 ‘
763 3302 864 3354 qua
887 3289 1047 3341 donat
1082 3306 1201 3342 eum
1235 3291 1540 3357 imperator,

474 3369 562 3434 qui
599 3369 793 3433 primns
837 3369 1055 3423 hostium
1095 3377 1266 3420 castra
1305 3386 1542 3435 pugnans

473 3446 736 3496 introivit:
772 3459 836 3497 ea
858 3459 1047 3497 corona
1083 3447 1282 3511 insigne
1307 3448 1428 3498 valli
1451 3450 1541 3498 ha-

472 3521 603 3572 bet.’

535 3608 557 3632 ²
587 3598 827 3662 Mur-ales]
885 3598 1085 3648 Gellius
1141 3599 1267 3649 ibid.
1324 3601 1543 3650 Muralis

472 3677 488 3705 ‘
515 3682 596 3726 est
619 3691 831 3737 corona,
853 3691 957 3740 qua
980 3675 1201 3724 donatur
1223 3677 1289 3724 ab
1320 3677 1541 3740 impera·

474 3762 607 3813 tore,
629 3753 713 3817 qni
738 3753 932 3815 primus
957 3767 1156 3802 murum
1181 3753 1358 3815 subiit,
1380 3755 1539 3819 inque

473 3831 722 3894 oppidum
758 3829 979 3878 bostium
1016 3843 1112 3891 per
1147 3829 1248 3877 vim
1284 3831 1539 3895 ascendit,

470 3906 667 3954 idcirco
709 3905 854 3969 qnasi
900 3904 1033 3953 muri
1078 3904 1248 3966 pinnis
1291 3904 1539 3957 decorata

471 3980 586 4030 est.'
652 3981 762 4029 Has
798 3995 865 4029 ex
894 3995 1017 4030 auro
1053 3979 1165 4030 fieri
1198 3982 1377 4031 solitas
1399 3983 1539 4033 idem

471 4063 728 4115 testatum
765 4056 855 4104 sed
883 4056 1148 4119 probabile
1179 4065 1285 4121 est,
1312 4060 1538 4123 phaleris

473 4140 528 4180 et
565 4131 832 4195 torquibus
855 4146 959 4180 non
982 4147 1095 4183 esse
1132 4136 1306 4197 pretio
1329 4152 1538 4202 compa-

472 4208 678 4261 randae.
720 4226 723 4231 ·

538 4292 562 4319 ⁸
600 4283 861 4347 Caligatis]
898 4283 1019 4335 Hoc
1055 4292 1134 4335 est
1166 4288 1418 4352 gregariis
1444 4291 1537 4340 mi·

1621 3290 1823 3354 litibus,
1868 3306 1996 3356 quos
2043 3307 2161 3355 cap.
2213 3292 2448 3356 proxime
2494 3305 2689 3354 praeee-

1624 3368 1770 3417 denti
1800 3369 1816 3396 ‘
1835 3367 2216 3431 manipulares'
2238 3368 2538 3432 appellavit.
2591 3368 2689 3417 Ca-

1622 3445 1742 3508 ligae
1769 3447 1965 3509 quippe
1993 3446 2210 3495 militum
2247 3446 2688 3494 calceamentum:

1623 3521 1675 3569 in
1701 3520 1862 3585 Calig.
1882 3536 1931 3570 e.
1954 3525 2004 3571 9.

1688 3596 1712 3629 ὓ
1746 3598 1825 3646 Μ.
1849 3597 2138 3660 Agrippam]
2171 3596 2305 3646 Vide
2329 3610 2443 3660 cap.
2467 3599 2547 3644 16.

1686 3681 1710 3706 ‘²
1747 3675 1961 3723 Coeruleo
2002 3673 2201 3736 vexillo]
2258 3673 2511 3723 Victoriae
2558 3672 2689 3721 mari

1623 3753 1800 3800 relatae
1837 3752 2036 3814 signum
2061 3760 2165 3810 est;
2208 3752 2401 3814 quippe
2425 3751 2565 3799 color
2598 3750 2685 3803 ille

1620 3828 1759 3877 idem
1795 3829 1883 3892 qui
1920 3829 2108 3878 maris:
2146 3827 2215 3876 de
2252 3827 2427 3876 Siculo
2464 3827 2601 3876 bello
2635 3840 2685 3875 c.

1622 3907 1703 3954 16.

1683 3981 1707 4022 ‘¹
1755 3982 1851 4030 Jus
1905 3980 2199 4043 habuissent]
2258 3978 2446 4030 Libera
2500 3993 2685 4042 nempe

1620 4058 1758 4121 Rep.
1799 4054 1978 4107 eorum
2012 4058 2146 4107 enirn
2181 4063 2316 4118 erat,
2341 4070 2559 4121 quonum
2592 4070 2683 4104 au-

1617 4133 1792 4197 spiciis
1823 4133 1961 4182 bella
1988 4133 2335 4196 gerebantur:
2369 4147 2553 4182 rernm
2577 4131 2683 4180 -sub

1618 4213 2049 4278 Imperator-ibus,
2091 4227 2210 4261 cum
2266 4210 2386 4260 aliis
2428 4209 2684 4261 libertatis

1619 4293 1924 4357 insignibus,
1948 4297 2004 4342 et
2025 4292 2121 4342 hoc
2138 4289 2413 4341 obsolevit.
