3019 4922
501 347 591 415 18
1064 361 1164 409 nn
1211 360 1592 411 sum-omo
1640 360 2141 421 'rnAuoutnno

501 508 765 576 laudern
810 504 1019 571 ,simul
1072 511 1556 584 assecuturum,
1609 506 1710 589 si,
1751 504 1931 588 quod
1980 504 2132 589 ipse
2177 506 2502 585 meruisti,
2552 507 2705 572 aliis

503 613 778 678 tribuas,
869 609 1212 674 Praeterea
1240 608 1535 692 intelligo
1570 608 1735 674 mihi
1763 628 2038 693 quoque
2068 609 2304 691 gloriae
2332 609 2499 688 fore,
2533 611 2591 673 si
2622 630 2709 674 ex

501 717 629 781 hoc
662 722 776 778 tuo
805 713 988 777 sacto
1016 731 1147 776 non
1192 710 1387 776 fuerit
1429 711 1730 794 ignotum
1776 711 2034 776 amicos
2073 730 2258 777 meos
2304 731 2442 776 non
2487 732 2709 794 gerere

502 823 750 886 tantum
776 816 1155 883 tribunatus
1185 828 1413 898 posse,
1442 832 1668 879 verum
1691 814 1894 879 etiam
1921 812 2123 879 dare:
2170 829 2377 898 quare
2403 833 2532 897 ego
2554 833 2709 879 vero

500 918 990 985 honestissimae
1021 917 1360 983 voluntati
1390 924 1526 981 tuae
1548 935 1772 1000 pareo.
1861 915 2106 999 Neque
2134 916 2306 980 enim
2338 915 2561 981 adhuc
2587 935 2711 981 no-

500 1042 657 1087 men
703 1023 775 1086 in
822 1040 1129 1087 numeros
1171 1020 1456 1085 relatum
1502 1025 1648 1085 est:
1692 1019 1985 1102 ideoque
2027 1002 2316 1084 liberiim
2357 1026 2467 1085 est
2513 1019 2712 1084 nobis

426 1162 431 1165 -
503 1125 868 1208 Sylvanum
911 1124 982 1188 in
1024 1123 1248 1188 locum
1292 1128 1480 1188 tuum
1517 1122 1850 1188 subdere:
1893 1121 2005 1186 cni
2047 1122 2254 1207 cupio
2286 1126 2423 1187 tam
2448 1129 2712 1205 gratum

503 1247 658 1293 esse
687 1232 932 1292 munus
961 1230 1168 1305 tumn,
1196 1244 1401 1310 quam
1429 1220 1560 1292 tibi
1587 1243 1805 1291 meum
1836 1229 1963 1290 est.
2047 1224 2252 1289 Vale.

763 1419 958 1487 Idem
989 1420 1143 1488 Lib.
1175 1435 1257 1505 X„
1285 1418 1764 1506 Epistolarum,
1793 1417 1885 1484 ad
1903 1417 2298 1503 Trajanum,
2323 1417 2438 1485 95.

534 1580 541 1583 “
586 1585 980 1654 Suetonium
1035 1587 1522 1674 Tranquillum,
1578 1588 2083 1673 probissimum,
2139 1586 2713 1664 honestissimum,

503 1690 1026 1755 eruditissimum
1056 1693 1296 1771 virum,
1314 1700 1396 1756 ‘et
1423 1711 1647 1756 mores
1676 1691 1827 1776 ejus
1874 1699 2151 1755 secutus
2180 1697 2244 1755 et
2274 1689 2521 1765 studia,
2539 1688 2714 1772 jam-

501 1790 781 1873 pridem,
814 1790 1111 1871 'domine,
1151 1793 1222 1857 in
1245 1794 1751 1859 contubernium
1776 1793 2068 1862 assumsi
2095 1816 2112 1857 t
2157 1798 2480 1876 tantoque
2504 1789 2714 1872 magis

504 1893 777 1975 diligere
835 1895 1043 1977 coepi,
1068 1888 1073 1895 ’
1096 1900 1347 1978 quanto
1404 1894 1583 1961 hunc
1643 1898 1917 1980 propius
1962 1894 2253 1978 inspexi.
2360 1893 2552 1957 Huic
2600 1892 2719 1976 jus

501 1986 704 2060 trium
730 1996 1087 2061 liberorum
1118 1999 1570 2064 necessarium
1602 1999 1865 2064 faciunt
1895 1997 2051 2062 duae
2098 2018 2345 2064 causae.
2436 1996 2623 2062 Nam
2652 2003 2721 2057 et

488 2086 757 2182 'judicia
783 2102 1148 2166 amicorum
1179 2110 1615 2186 promeretur,
1647 2110 1717 2167 et
1743 2121 1979 2187 parum
2016 2100 2184 2166 felix
2223 2086 2744 2165 matrimonium⁴

504 2209 815 2285 expertus
856 2209 999 2269 est:
1040 2198 1666 2290 impetrandumque
1713 2225 1755 2270 a
1797 2211 1915 2270 tua
1954 2205 2256 2269 bonitate
2286 2223 2404 2288 per
2431 2223 2562 2267 nos
2606 2201 2721 2264 ha-

399 2361 408 2370 .
503 2304 643 2381 bet,
673 2303 855 2388 quod
881 2304 984 2368 illi
1011 2299 1709 2390 fortunae'malignitas
1737 2305 2123 2389 denegavit.
2213 2306 2400 2383 Scio,
2434 2304 2721 2379 domine,

506 2414 830 2490 quantum
876 2407 1270 2494 beneficium
1300 2417 1553 2493 petam,
1586 2410 1767 2494 quod
1798 2419 1960 2494 peto
1992 2431 2035 2475 a
2064 2420 2154 2487 te,
2185 2408 2381 2493 cujus
2410 2411 2485 2474 in
2517 2406 2724 2473 omni-

504 2510 636 2572 bus
690 2510 1037 2604 desideriis
1074 2514 1264 2577 ¹meis
1335 2514 1799 2601 plenissimam
1854 2509 2333 2596 indulgentiam
2389 2512 2721 2597 experior.

505 2613 716 2680 Potes
765 2617 943 2681 enim
988 2616 1320 2699 colligere,
1368 2625 1779 2701 quantopere
1823 2618 2114 2700 cupiam,
2151 2616 2330 2701 quod
2359 2638 2497 2694 non
2527 2635 2719 2700 roga-

503 2738 640 2784 rem
670 2719 938 2796 absens„
967 2719 1029 2783 si
1055 2718 1469 2785 mediocriter
1495 2727 1816 2803 peterem.

1253 2923 1590 3009 Traianus
1618 2921 1847 2987 Plinio
1888 2922 1959 2986 S.

594 3052 821 3132 Quam
865 3075 1070 3139 parce
1110 3056 1259 3122 haec
1295 3057 1623 3135 beneficia
1666 3057 1970 3135 tribuam,
2001 3056 2254 3140 utique,
2284 3055 2378 3120 mi
2417 3050 2720 3119 Secunde

509 3158 873 3234 carissime,
924 3157 1140 3222 haeret
1182 3159 1326 3238 tibi,
1374 3179 1527 3223 cum
1573 3160 1775 3224 etiam
1818 3160 1889 3224 in
1931 3167 2168 3226 senatu
2225 3157 2552 3222 affirmare
2609 3173 2719 3217 so-

506 3256 706 3334 leam,
745 3277 878 3321 non
924 3260 1301 3325 excessisse
1343 3281 1450 3325 me
1493 3280 1856 3340 numerum,
1902 3282 2102 3346 quem
2145 3260 2330 3344 apud
2386 3256 2722 3341 amplissi-

507 3379 690 3424 mum
720 3360 1018 3426 ordinem
1044 3362 1482 3426 suffecturum
1523 3364 1687 3427 mihi
1729 3364 2075 3446 professus
2114 3382 2300 3427 sum:
2344 3368 2467 3427 tuo
2494 3366 2719 3424 tamen

509 3460 848 3528 desiderio
879 3465 1278 3548 subscripsi,
1310 3468 1376 3531 et
1405 3473 1479 3530 ut
1507 3468 1689 3531 scias
1717 3465 1992 3531 dedisse
2032 3485 2139 3530 me
2173 3465 2291 3551 jus
2317 3464 2520 3529 trium
2549 3460 2717 3524 libe-
2781 3512 2787 3515 .

506 3583 726 3629 rorum
768 3566 1100 3632 Suetonio
1129 3566 1523 3653 Tranquillo
1567 3590 1648 3636 ea
1691 3569 2089 3648 conditione,
2115 3589 2257 3654 qua
2290 3566 2588 3642 assuevi,
2617 3580 2720 3625 re-

508 3667 666 3732 ferri
696 3667 764 3732 in
798 3672 1308 3736 commentarios
1333 3693 1528 3737 meos
1548 3673 1748 3757 jussi.

540 3957 543 3964 .
799 3860 878 3925 C.
909 3862 1090 3929 Plin.
1119 3864 1514 3950 Tranquillo
1545 3886 1672 3931 suo
1703 3866 1775 3930 S.
1813 3867 2025 3954 Epist.
2052 3865 2204 3931 Lib.
2241 3883 2291 3931 1.
2313 3862 2423 3927 18.

592 3978 852 4044 Scribis
896 3989 966 4047 te
1011 3984 1425 4066 perterritum
1470 3986 1735 4051 somnio
1763 3986 1996 4063 vereri,
2025 4004 2108 4049 ne
2134 3983 2304 4070 quid
2336 3975 2604 4047 adversi
2644 3974 2718 4036 in

509 4080 769 4145 actione
816 4083 1144 4163 pati-aris:
1189 4103 1403 4167 rogaS,
1448 4095 1523 4152 ut
1561 4087 1952 4153 dilationem
1996 4094 2241 4171 peta-m,
2287 4095 2361 4152 et
2401 4076 2723 4167 pauculoe

509 4181 675 4246 dies.
765 4182 964 4263 Certe
992 4187 1372 4269 proximum
1399 4210 1722 4258 excusem
1751 4190 2019 4258 difficile
2050 4197 2179 4271 est,
2212 4187 2341 4256 sed
2369 4180 2691 4267 expefiffi'·
