3019 4922
514 359 602 431 36
1382 372 1444 418 c.
1490 368 1581 420 su
1594 367 1785 417 ss'rou
1797 367 1855 415 11

455 515 464 523 ”
518 517 756 599 Magni
787 513 1156 581 Alexandri
1205 513 1517 597 imagine,
1560 512 1922 597 ingemuit:
1975 516 2040 578 et
2081 513 2282 597 quasi
2328 518 2702 597 pertaesus‘

513 620 847 705 ignaviam
865 618 907 655 ὖ
926 618 1349 703 ειιειωῑᾳιιοᾶ
1378 617 1699 683 nihildum
1723 626 1743 655 ¹
1791 638 1831 691 a
1875 637 1954 689 se,
1978 617 2406 689 memorabile
2423 623 2449 652 ²
2482 622 2708 689 actum

513 729 693 791 esset
732 723 803 797 in
848 718 1105 800 aetate,<³
1133 743 1267 807 qua
1305 722 1454 807 jam
1491 723 1872 797 Alexander
1912 723 2137 789 orbem
2183 728 2504 793 terrarum
2550 724 2706 791 sub,-

515 831 784 912 egisset,
801 826 1224 903 missionem⁶
1245 827 1555 891 continuo
1572 825 1982 908 efflagitavit,
1997 824 2082 889 ad
2109 824 2482 908 captandas
2505 844 2708 908 quam

513 931 806 1016 primum
832 930 1156 1015 majorum
1186 950 1399 996 rerum
1426 931 1821 997 occasiones
1848 929 1918 994 in
1951 925 2183 994 Urbe.3
2204 923 2227 962 ¹⁹
2292 926 2514 993 Etiam
2544 947 2708 994 con·

512 1033 733 1101 fusum
751 1038 780 1083 ⁴
808 1051 963 1111 eum
994 1034 1257 1097 somnio
1301 1032 1631 1116 proximae
1671 1031 1889 1096 noctis
1923 1028 2109 1116 (nam
2138 1028 2368 1095 visus⁵
2415 1037 2561 1097 erat
2588 1051 2711 1115 per

514 1137 805 1222 quietem
832 1135 1026 1211 matri
1053 1142 1351 1219 stuprum
1370 1134 1398 1174 ⁶
1425 1130 1763 1219 intulisse)
1790 1133 2206 1218 conjectores
2223 1139 2249 1182 ⁷
2266 1140 2292 1179 ⁸
2321 1131 2409 1201 ad
2431 1136 2713 1219 amplis-

514 1227 753 1307 simam
778 1257 971 1322 spem
989 1237 1013 1278 ⁸
1044 1238 1610 1317 incitaverunt,‘⁹t
1633 1236 1974 1305 arbitrium
2006 1235 2186 1301 orbis
2214 1241 2530 1305 terrarum
2558 1256 2714 1321 por·

578 1414 607 1451 ‘²
639 1417 950 1471 Tarditatem.
1129 1427 1150 1452 ⁶
1182 1417 1482 1467 Somniorum
1502 1414 1787 1478 interpretes
1808 1417 1870 1466 ad
1891 1415 2230 1481 amplissimam
2246 1431 2375 1480 spem
2396 1415 2716 1468 incitaverunt

513 1482 663 1532 etiam
681 1498 787 1533 enm
807 1484 1049 1535 turbatum
1069 1485 1264 1542 somnio,
1285 1486 1368 1546 &c-

1437 1558 1799 1580 ΟΜΝΟΝΙΟΟ

513 1665 645 1710 -10
689 1651 905 1711 Memm.
954 1663 1307 1725 Gadisque.-l
1360 1661 1503 1711 Nihil
1560 1667 1662 1711 tum
1720 1660 1894 1712 Periz.
1940 1661 2133 1725 Copes.
2179 1660 2418 1713 Harlem.
2460 1659 2623 1710 vind.
2665 1662 2717 1708 2.

515 1725 660 1776 Cort.
684 1727 867 1790 Camp.
893 1728 1108 1776 Mediol.
1135 1725 1285 1776 Cald.
1308 1727 1441 1777 Ven.
1484 1723 1616 1789 treS,
1635 1725 1757 1776 Ald.
1789 1732 1841 1775 et
1879 1726 2011 1775 Edd.
2047 1727 2183 1787 alite,
2222 1741 2363 1790 qnam
2382 1741 2436 1776 n.
2459 1727 2520 1793 d.
2556 1726 2718 1774 Fouc.

513 1804 636 1841 mox
658 1806 688 1841 a
708 1807 758 1841 se
780 1793 973 1843 omittit
997 1791 1168 1841 Rhed.
1190 1795 1340 1841 2.-2
1362 1791 1533 1840 Lislaei
1556 1792 1672 1841 cod.
1695 1792 1977 1841 memoriale.
2028 1791 2091 1840 In
2115 1791 2267 1841 Huls.
2286 1796 2443 1841 actum
2467 1795 2592 1840 esset
2614 1801 2718 1838 non

514 1856 851 1921 conspicitur.
915 1858 1082 1906 Porro
1107 1859 1182 1906 ita
1201 1856 1449 1905 scribitur
1470 1857 1613 1905 locus
1639 1857 1689 1904 in
1713 1857 1904 1905 Pithoei
1924 1857 2073 1914 libro,
2088 1874 2135 1921 q.
2156 1872 2206 1907 n.
2229 1863 2333 1906 tum
2351 1857 2601 1905 admodum
2623 1867 2653 1902 a
2673 1867 2721 1901 se

512 1921 812 1971 memorabile
833 1937 881 1970 a.
901 1937 945 1970 e.
969 1923 1134 1970 minus
1157 1927 1321 1983 recte,
1341 1922 1417 1971 uti
1441 1922 1659 1970 casaub.
1677 1922 1997 1971 videtur.——3
2026 1922 2220 1972 Memb.
2234 1921 2441 1970 viterb.
2467 1922 2523 1969 in
2542 1918 2723 1968 urbem.

512 1986 530 2015 ‘
554 1986 703 2036 Inter
724 2001 879 2036 voces
898 1986 1057 2035 urbem
1079 1993 1133 2034 et
1153 1985 1298 2036 etiam
1319 1987 1523 2050 quidam
1548 1986 1667 2035 libri
1701 1988 2036 2048 interponant
2059 2001 2236 2036 vocem
2259 1986 2434 2048 evenit,
2457 1991 2555 2036 aut
2573 1976 2727 2043 venit,

514 2063 668 2115 quam
691 2053 815 2101 lect.
839 2066 1014 2100 omnes
1037 2051 1157 2100 libri
1181 2051 1420 2100 meliores
1445 2051 1696 2101 refutant.
1761 2052 2165 2101 Distinctionem
2192 2052 2517 2101 restituimus
2539 2063 2607 2098 ex
2626 2046 2726 2098 Ed.

512 2115 702 2180 prima,
723 2121 779 2165 et
802 2116 907 2166 Ms.
934 2118 1057 2166 Lisl.
1085 2117 1306 2179 pessime
1329 2117 1462 2166 enim
1488 2117 1542 2165 in
1566 2118 1742 2180 vulgg.
1766 2117 1900 2166 Edd.
1932 2116 2234 2166 distinctum
2266 2127 2345 2166 est
2377 2125 2503 2178 post
2523 2112 2727 2164 occasio-

510 2179 629 2230 nes?
665 2181 889 2231 Casaub.
956 2181 1042 2230 Ita
1077 2183 1236 2231 etiam
1268 2182 1486 2244 corrigit
1507 2183 1753 2231 Torrent.
1778 2197 1841 2230 ex
1866 2182 2024 2232 duob.
2046 2181 2200 2233 codd.
2222 2183 2348 2242 suis,
2382 2196 2505 2231 cum
2530 2179 2646 2230 Pal.
2669 2180 2723 2227 3.

515 2259 654 2360 2131·
663 2250 1184 2375 032132302333.
1205 2247 1657 2362 {ffissssfffl'i‘f
1688 2247 2172 2374 ssz‘fssffxtss‘ptssssz
2194 2243 2722 2372 {323323‘22223223

514 2382 804 2438 agnoscunt
825 2377 955 2426 Mss.
979 2392 1116 2426 omn.
1144 2384 1192 2428 et
1222 2377 1502 2426 vendicant
1540 2376 1680 2426 Oud.
1717 2377 1840 2426 Ern.
1874 2377 2190 2440 Baumg.—5
2226 2379 2493 2427 Boxlrorn.
2517 2390 2585 2424 ex
2610 2385 2723 2422 cor·

514 2446 675 2504 rupta
696 2441 795 2492 Ed.
817 2442 948 2505 navi,
970 2443 1109 2507 conj.
1130 2442 1404 2505 legendum
1427 2457 1540 2492 nam
1559 2442 1648 2493 ibi.
1711 2442 1857 2492 Med.
1880 2446 1929 2491 3.
1953 2450 2009 2492 et
2034 2445 2215 2506 Camp.
2236 2443 2325 2493 vis.
2345 2457 2415 2494 er.
2435 2444 2601 2493 ei.--6
2633 2437 2723 2487 ln-

502 2507 664 2555 'verso
687 2506 867 2557 ordine
896 2512 966 2560 st.
1003 2516 1118 2558 mat.
1164 2509 1310 2557 Med.
1335 2514 1464 2571 tres,
1485 2509 1645 2558 Fouc.
1669 2509 1813 2558 Cort.
1837 2507 1971 2557 Edd.
1999 2505 2242 2558 Rom—7
2277 2510 2470 2573 Copes.
2494 2508 2726 2568 conjecta·

504 2575 760 2621 torem—8
794 2571 932 2622 Rem.
967 2574 1223 2623 Fouc.-9
1261 2574 1592 2623 Convenerunt
1629 2573 1773 2622 Med.
1814 2576 1863 2624 l.
1902 2574 2260 2623 concitaverunt
2299 2574 2453 2625 Huls.
2495 2578 2552 2622 et
2589 2570 2723 2630 eop-

1511 2668 1725 2756 NorAE

409 2826 415 2830 -
515 2814 628 2849 rum
652 2799 898 2851 Herculis
922 2802 1189 2864 terminus,
1206 2802 1296 2852 ubi
1324 2804 1572 2868 templum

514 2875 610 2926 sibi
651 2877 942 2941 constituit,
977 2879 1370 2944 adorarique‘se
1397 2880 1574 2944 jussit.

516 2950 691 2999 Hodie
707 2966 886 3016 parum
910 2954 1180 3004 immutato
1211 2952 1417 3005 nomine
1449 2956 1575 3005 dici-

517 3035 604 3078 tur
651 3029 799 3080 Gadis
841 3032 928 3081 vel
976 3032 1133 3083 Caliz.
1190 3033 1269 3082 Eo
1312 3034 1413 3084 loci
1457 3026 1573 3084 duae

515 3110 636 3155 sunt
656 3106 889 3171 ejusdem
928 3103 1148 3158 nominis
1184 3108 1364 3159 insulae
1403 3110 1574 3162 stadio

513 3198 616 3234 uno
639 3185 704 3233 ab
727 3184 947 3235 invicem
972 3192 1201 3237 remotae.
1406 3185 1416 3197 '

579 3267 602 3293 ⁰
634 3261 908 3325 Pertoesus]
944 3262 1288 3327 Participium
1333 3268 1416 3313 est
1462 3263 1572 3314 sine

518 3335 661 3385 verbi
712 3338 936 3402 origine,
981 3338 1162 3388 saltem
1209 3339 1420 3397 usitata,
1455 3354 1573 3389 eum

516 3414 653 3477 apud
674 3414 904 3465 Gellium
927 3416 1093 3465 solum
1110 3416 1406 3483 reperiatur
1425 3416 1441 3445 ‘
1454 3431 1573 3482 per·

517 3489 858 3545 taeduissent.’

577 3565 602 3600 ‘¹
635 3568 698 3618 In
720 3567 890 3631 oetate]
925 3572 1004 3634 33..
1035 3583 1299 3635 annorum,
1320 3585 1422 3637 qua
1444 3570 1574 3622 obiit

512 3642 831 3696 Alexander.

578 3729 600 3754 ⁸
616 3722 917 3789 Missionem]
937 3723 1054 3775 Hoc
1069 3729 1151 3773 est
1164 3713 1464 3773 discedendi
1482 3738 1571 3773 ve-

517 3797 674 3847 niam.
737 3797 949 3863 Triplex
972 3799 1174 3862 missio:
1199 3801 1428 3864 honesta,
1451 3815 1569 3865 quae

516 3873 786 3936 stipendiis
811 3876 1040 3926 emeritis
1070 3876 1136 3926 ab
1159 3877 1472 3941 imperatore
1495 3878 1571 3927 iu-

514 3950 784 4014 ‹lulgetur3
817 3954 1070 4016 causaris,
1103 3968 1215 4017 quae
1243 3958 1455 4019 propter
1484 3968 1570 4002 va·

513 4026 798 4077 latudinem
815 4043 847 4077 a
863 4029 1060 4078 militiae
1077 4015 1344 4078 ‘laboribus
1363 4029 1574 4092 liberat,

516 4111 570 4154 et
589 4105 946 4169 ignominiosa,
964 4122 1063 4170 qua
1088 4113 1304 4170 propter
1326 4106 1572 4157 delictum

516 4189 846 4231 sacramento
897 4184 1010 4246 quis
1070 4183 1306 4233 solvitur.
1368 4183 1574 4233 Praeter

513 4255 604 4305 has
627 4256 896 4309 missiones
919 4265 1033 4310 erat
1054 4265 1109 4310 et
1149 4258 1252 4308 alia
1273 4274 1388 4324 quae
1420 4268 1573 4311 extra

1656 2799 1906 2866 ordinem,
1940 2795 2008 2852 et*
2035 2799 2217 2867 gratiae
2256 2816 2435 2866 causa,
2468 2815 2501 2850 a
2527 2793 2721 2849 Senatu

1657 2882 1741 2930 vel
1796 2881 1863 2930 ab
1919 2880 2233 2943 imperatore
2288 2876 2685 2929 concedebatur
2699 2885 2725 2944 ⁸2

1654 2957 1889 3024 hancque
1913 2955 2193 3008 verisimile
2216 2962 2297 3005 est
2336 2957 2674 3019 impetratam
2695 2960 2726 3000 a

1656 3035 1879 3085 Caesare.

1719 3108 1743 3140 f
1770 3110 1832 3158 In
1862 3110 2014 3173 Urbe]
2039 3110 2199 3159 Varia
2217 3115 2296 3158 est
2318 3108 2473 3174 hujus
2497 3104 2600 3155 loci
2622 3102 2728 3164 lec-

1654 3186 1757 3237 tio:
1791 3187 1880 3235 alii
1925 3187 2061 3236 enim
2105 3187 2285 3249 legunt
2327 3185 2380 3234 in
2427 3182 2543 3238 urbe
2582 3176 2728 3229 etiam

1652 3264 1914 3327 confusum,
1943 3267 2025 3327 &a
2062 3270 2121 3312 ut
2158 3277 2337 3312 sensus
2358 3262 2451 3324 sit,
2479 3258 2728 3318 reducem

1655 3341 1919 3389 Caesarem
1943 3339 1994 3387 in
2023 3339 2154 3387 urbe
2179 3333 2490 3387 somniasse:
2529 3332 2617 3382 alii
2640 3342 2729 3379 ve-

1654 3432 1713 3469 ro
1744 3420 1929 3481 legunt
1956 3420 2016 3468 ad
2040 3420 2300 3482 captandas
2318 3416 2554 3478 medorum
2572 3422 2732 3472 rerum

1654 3495 1919 3545 occasiones
1960 3494 2012 3543 in
2053 3494 2183 3557 urbe,
2215 3496 2294 3557 ᾃτ.
2330 3502 2391 3543 ut
2425 3501 2606 3540 sensus
2641 3483 2730 3542 sit,

1655 3570 1890 3621 Gadibus
1923 3570 2205 3636 etiamnum
2237 3570 2515 3634 degentem
2539 3558 2730 3613 somni-

1650 3662 1799 3696 asse:
1841 3646 1977 3711 quod
2004 3653 2342 3710 postremum,
2375 3648 2729 3708 praeterquam

1651 3722 1787 3788 quod
1832 3738 1862 3772 a
1904 3723 2073 3771 Dione
2110 3729 2371 3782 narratur,
2409 3719 2570 3768 etiam
2604 3721 2729 3759 vero

1650 3800 1860 3850 videtur
1885 3813 1998 3847 esse
2017 3798 2258 3848 similius:
2298 3798 2565 3856 Caesarem
2586 3799 2730 3869 ”ems

1653 3892 1720 3941 pe
1751 3876 1932 3926 eodem
1972 3882 2205 3939 tempore
2231 3874 2295 3923 ab
2320 3864 2618 3923 Alexandri
2642 3867 2736 3912 sti,-

1652 3954 1897 4003 mulatum
1930 3952 2171 4014 exemplo
2213 3959 2375 4016 atque
2410 3942 2613 3996 somnio
2637 3948 2731 3986 suo

1654 4037 1938 4080 maturasse
1964 4028 2207 4077 reditum.

1718 4114 1745 4149 ε
1780 4097 2100 4168 conjectores]
2123 4104 2447 4155 Somniorum
2466 4096 2730 4152 interpre-

1655 4183 1751 4248 tes‘,
1772 4189 1910 4233 teste
1932 4182 2102 4231 Festo.

1718 4269 1741 4315 τ
1777 4258 1841 4309 Α.
1863 4259 1929 4335 u.
1954 4258 2016 4312 c.
2049 4263 2163 4309 oss.
