3019 4922
658 820 778 913 c,
884 744 1564 917 SUETONH'
1629 824 2498 923 TRANQUILLI

1299 1093 1888 1246 OPERA.

977 1553 1066 1632 C.
1167 1553 1605 1634 JULIUS
1706 1554 2158 1634 CAESAR.
2181 1559 2203 1594 ¹

482 1697 615 1814 [1]
657 1704 1022 1798 ‘Arnum
1074 1736 1320 1814 agens⁸
1352 1735 1621 1797 sextum
1648 1727 2327 1816 decimum,patrem*’
2371 1727 2686 1795 amisitzf

320 1808 325 1811 ⁸
386 1900 387 1905 ,
488 1834 1066 1919 sequentibusque
1096 1832 1555 1913 Consulibus:=
1586 1832 1872 1923 Flamen
1900 1832 2126 1901 Dialis
2148 1828 2177 1868 ‘¹
2220 1831 2651 1944 destinatus}
2670 1834 2697 1863 ⁸

554 2064 580 2111 1
615 2062 821 2113 Titulus
854 2064 1010 2128 vulgo
1044 2065 1254 2128 legitur,
1290 2067 1351 2116 C.
1374 2066 1893 2132 Suetonii‘stuuquilli
1912 2067 1971 2117 de
1996 2065 2133 2117 XII.
2155 2061 2442 2141 Cesaribus,
2475 2058 2580 2136 sed·
2602 2073 2694 2110 va·

488 2127 627 2175 riant
650 2128 783 2179 Edd.
850 2126 913 2179 In
938 2130 1053 2179 cod.
1082 2131 1274 2180 Medic.
1295 2135 1345 2181 3.
1371 2133 1591 2197 aliisque
1630 2133 1818 2183 vitiose
1841 2131 2090 2182 scribitur
2113 2124 2695 2203 maqualmt;‚de¹⁰de

488 2191 543 2240 in
569 2192 787 2242 Mediul.
809 2208 892 2257 pr.
915 2197 973 2244 de
997 2194 1096 2243 vita
1118 2196 1386 2255 Coesamm3
1410 2199 1559 2247 cort.
1580 2200 1640 2248 de
1655 2198 1755 2248 vitu
1768 2203 1818 2248 et
1831 2196 2036 2247 moribus
2054 2196 2114 2246 X
2113 2195 2190 2244 11.
2212 2195 2335 2243 Coes.
2352 2191 2697 2256 pluribusque

488 2256 610 2305 edd.
633 2259 690 2305 de
704 2257 804 2307 vitu
825 2259 882 2307 X
886 2259 960 2309 11.
984 2260 1204 2309 σαι-2
1226 2261 1310 2311 Ita
1327 2261 1586 2326 incipiunt
1601 2262 1814 2312 Merum.
1830 2262 2001 2312 Vatic.
2020 2259 2233 2324 Lougoi.
2255 2265 2310 2307 et
2327 2255 2479 2306 codd.
2499 2254 2699 2332 Barth:

486 2320 612 2384 iani,
648 2335 764 2372 cum
802 2323 897 2373 Ed.
939 2324 1000 2373 R.
1038 2325 1222 2388 Steph.
1262 2329 1409 2376 1533.
1441 2326 1783 2390 probantibus
1807 2327 1987 2376 Burm.
2010 2325 2150 2376 Oud.
2172 2321 2334 2400 wolf.
2356 2322 2697 2396 Banmg3qu1

489 2384 691 2434 initium
718 2388 952 2437 mutilum
977 2395 1266 2439 autumant.
1335 2391 1531 2441 Contra
1555 2392 1779 2442 Casaub.
1804 2406 1870 2440 ex
1890 2390 2099 2440 viterb.
2131 2388 2296 2438 Jultus
2328 2388 2492 2435 Coesoer
2514 2384 2699 2448 Davus,

490 2457 612 2500 ante
650 2467 797 2514 agens
832 2452 937 2516 legi
967 2452 1142 2517 jussit,
1175 2461 1231 2504 et
1266 2454 1342 2504 sic
1378 2456 1491 2507 Pal.
1534 2460 1582 2506 1.
1650 2456 1788 2507 Huic
1813 2454 2127 2507 restitutioni
2152 2451 2295 2504 favet
2314 2452 2432 2505 Jac.
2455 2449 2698 2528 qtonoy.

488 2515 802 2566 auctoritate
825 2525 932 2569 vet.
955 2519 1180 2583 exempl.
1202 2519 1513 2583 exhibentis,
1537 2522 1685 2571 Caius
1717 2522 1883 2572 Julius
1920 2523 2086 2571 (ἕσσαν
2116 2535 2229 2571 aaa.
2263 2532 2344 2581 ag.
2411 2516 2518 2568 Alu
2541 2522 2701 2564 omit·

489 2585 610 2630 tunt
647 2581 830 2645 Divus,
867 2583 949 2633 vel
986 2581 1190 2633 diverse
1224 2591 1556 2648 praeponunt.
1620 2586 1837 2636 Habent
1878 2586 2048 2636 Periz.
2080 2584 2234 2636 Huls.
2256 2583 2444 2645 Copes.
2469 2595 2531 2630 ac
2554 2577 2698 2629 Edd.

488 2644 745 2708 plurima,
778 2647 908 2702 Ana.
939 2662 1021 2710 ας.
1062 2650 1223 2698 Coesur
1241 2653 1369 2700 sext.
1391 2651 1493 2699 dec.
1550 2651 1784 2701 Harlem.
1811 2653 1870 2700 C.
1890 2650 2054 2700 Julius
2077 2650 2244 2699 Coesur
2261 2662 2372 2723 una.
2390 2661 2474 2722 ag:-
2530 2645 2700 2694 Fouc.

495 2710 664 2760 Cesar
695 2725 806 2763 aaa.
840 2727 924 2775 ug.
951 2718 1008 2763 et
1044 2713 1134 2763 alii
1170 2713 1440 2764 alitem-8
1473 2715 1650 2766 Verba
1690 2715 1810 2777 tria,
1849 2715 1931 2767 Fe.
1955 2715 2027 2765 D.
2050 2717 2171 2765 dest.
2205 2726 2351 2776 quast
2390 2712 2575 2786 altena,
2607 2709 2701 2757 vel

485 2788 582 2824 suo
603 2776 719 2825 loco
740 2782 900 2838 mota,
922 2779 1068 2828 uncis
1090 2777 1296 2828 inclusit
1320 2775 1461 2828 Oud.
1481 2793 1637 2844 quem
1658 2782 1827 2831 secuti
1851 2787 1974 2830 sunt
1996 2781 2201 2830 Ernest.
2218 2774 2380 2828 Wolf.
2400 2783 2457 2825 et
2477 2775 2701 2837 Bipont.

489 2839 737 2904 Explicat
753 2841 969 2906 Baumg.
1003 2849 1018 2872 ‘
1037 2844 1235 2909 Caesar,
1248 2843 1361 2907 jam
1385 2844 1527 2908 prins
1552 2859 1701 2909 paene
1721 2861 1867 2910 puer,
1891 2846 1970 2895 Fl.
1986 2846 2059 2894 D.
2084 2844 2218 2894 dest.
2232 2856 2377 2906 seqq.
2402 2840 2548 2890 Coss.
2570 2839 2620 2887 b.
2645 2851 2701 2889 e.

491 2911 743 2970 sequente
769 2915 889 2971 post
911 2908 1077 2971 patris
1099 2915 1315 2959 mortem
1340 2924 1494 2973 anno,
1512 2907 1638 2961 dim.
1657 2909 1820 2963 Coss.’
1838 2914 1937 2961 «stc.
1961 2909 2069 2959 Pro
2089 2909 2288 2957 Flamen
2303 2906 2463 2956 babet
2480 2904 2699 2954 Memm.

1483 3021 1705 3075 NOTAE.

556 3120 581 3148 ⁸
635 3112 824 3177 [Julius
882 3117 1051 3170 Coesur
1101 3117 1287 3185 Divus]
1356 3117 1551 3169 Existi·
1630 3126 1716 3171 tor
1733 3119 1935 3172 Plinius
1956 3116 2047 3169 lib.
2067 3130 2171 3168 vu.
2196 3131 2243 3168 c.
2262 3119 2345 3166 ⁵⁸.

490 3202 701 3240 mavere
743 3191 949 3255 quidam
990 3194 1143 3258 bujus
1180 3194 1383 3245 initium
1424 3210 1551 3260 ope·
1696 3204 1720 3252 t·
1745 3195 1811 3246 A.
1837 3196 1903 3246 U.
1933 3195 2129 3245 C.67⁰.
2384 3228 2390 3235 ·

492 3265 565 3314 ris
602 3279 704 3315 non
741 3273 939 3333 extare,
971 3285 1085 3321 cnm
1121 3271 1173 3320 in
1207 3274 1427 3323 vetustis
1460 3274 1553 3323 ali·
1693 3281 1716 3307 θ
1738 3271 1960 3337 Sequent.
1983 3269 2177 3333 Cotum]
2201 3268 2317 3319 Hoc
2335 3273 2437 3330 est,
2450 3268 2697 3331 sequenti

491 3348 621 3405 quot
675 3345 1055 3408 exemplaribus
1096 3347 1320 3399 Caesaris
1365 3364 1551 3400 nomen
1630 3364 1780 3402 anno.
1848 3347 2158 3398 Consulatus
2181 3345 2319 3395 enim
2357 3343 2694 3407 magistratus

489 3416 794 3468 omittaturz
828 3418 1060 3471 futurum
1092 3438 1195 3474 non
1222 3424 1384 3476 fuisse
1418 3426 1552 3476 arbi·
1632 3432 1747 3477 erat
1778 3437 1997 3489 annuus,
2019 3419 2157 3472 unde
2188 3421 2362 3472 annia
2384 3418 2695 3471 Consulibus

490 3494 639 3555 trati,
660 3501 718 3545 ut
743 3497 924 3547 eadem
948 3500 1280 3568 accuratione
1307 3516 1409 3553 non
1430 3502 1552 3552 fuis·
1630 3503 1787 3568 vulgo
1808 3500 2080 3552 numerati.

490 3579 575 3621 aet
629 3587 751 3624 usus
804 3574 858 3623 in
902 3575 1270 3640 imperatorum
1314 3579 1551 3644 principe

488 3648 789 3715 Suetonius,
812 3665 915 3718 qua
948 3652 1000 3701 iu
1023 3652 1254 3716 ejusdem
1288 3669 1551 3705 successo·

491 3725 651 3778 ribus.
717 3728 915 3779 Verum
936 3736 1288 3796 preterquam
1306 3731 1440 3796 quod
1455 3732 1491 3784 J
1496 3747 1551 3781 u·

488 3801 563 3851 lia
579 3817 705 3867 gens
727 3806 809 3854 vel
832 3818 889 3862 se
901 3805 1035 3870 ipsa,
1050 3806 1137 3856 vel
1153 3807 1367 3857 aliorum
1389 3807 1553 3872 scrip·

490 3878 561 3928 tis
573 3879 688 3944 jam
710 3887 826 3932 erat
847 3883 971 3932 satis
1001 3882 1215 3947 cognita
1238 3899 1256 3945 ;
1290 3882 1553 3934 Casaubo·

489 3968 591 4005 nus
624 3956 802 4020 etiam,
823 3957 1170 4009 Viterblensis
1203 3958 1398 4010 codicis
1427 3959 1554 4010 alio-

488 4045 705 4096 rumque
742 4031 847 4083 fide
881 4032 1067 4099 fretus,
1099 4035 1200 4085 boc
1236 4035 1552 4099 principium

494 4107 664 4171 dedit,
693 4109 860 4159 Julius
900 4110 1087 4173 Coesur,
1118 4115 1199 4174 qe.
1233 4119 1391 4177 atque
1430 4113 1550 4164 ideo

491 4184 702 4247 negavit
724 4198 839 4234 esse
861 4186 1117 4236 mutilum.

558 4256 583 4292 δ
613 4259 840 4324 Patrem]
868 4261 926 4311 Ι..
946 4260 1208 4313 Caesarem
1227 4263 1392 4315 virum
1411 4265 1557 4316 Prae·

494 4335 705 4398 torinm,
726 4338 814 4401 qui
847 4344 1018 4388 morte
1052 4338 1242 4403 subita,
1263 4354 1380 4389 cum
1416 4341 1557 4393 Pisis

493 4426 643 4462 mane
658 4412 999 4476 calcearetur,
1017 4414 1282 4469 extinctus
1299 4424 1399 4469 est.
1419 4416 1557 4469 Auc-

1693 3578 1719 3614 ⁶
1740 3580 1948 3631 flamen
1971 3577 2156 3642 Dialis]
2186 3576 2272 3627 Ita
2293 3571 2695 3639 nuncupabatur

1629 3656 1876 3708 sacerdos
1906 3654 2056 3708 Jovis
2080 3670 2097 3704 z
2134 3650 2265 3703 Διός·
2296 3651 2352 3702 id
2392 3658 2493 3716 est,
2524 3652 2695 3704 Jovis.

1630 3731 1883 3783 Horatius
1924 3730 2042 3781 Ode
2081 3733 2127 3780 1.
2170 3728 2265 3777 lib.
2305 3740 2345 3776 1.
2384 3727 2518 3776 ‘sub
2556 3728 2694 3780 Jove

1628 3807 1859 3871 frigido,’
1892 3805 2031 3872 quod
2070 3806 2189 3856 Ode
2224 3808 2276 3854 2.
2312 3802 2403 3853 lib.
2444 3818 2531 3854 ιιι.
2560 3804 2693 3854 ‘sub

1608 3884 1773 3941 ,Divo
1787 3881 1802 3905 ’
1824 3882 1982 3945 dixit;
2005 3888 2060 3932 et
2079 3883 2264 3932 Festus
2284 3881 2301 3910 ‘
2320 3880 2475 3931 Dium
2491 3879 2695 3946 fulgur’

1629 3975 1725 4025 pro
1748 3959 1963 4010 fulmine
1981 3960 2188 4022 diurno,
2204 3957 2341 4024 quod
2355 3958 2475 4011 Jovi
2500 3958 2694 4009 tribue·

1631 4036 1804 4100 batur,
1830 4042 1892 4085 nt
1913 4043 2222 4085 nocturnum
2247 4037 2540 4086 Summano.
2571 4036 2697 4085 -Ela-

1634 4114 1797 4163 mines
1818 4119 1969 4161 erant
1989 4112 2182 4176 plures,
2199 4112 2385 4175 singuli
2402 4111 2467 4159 ab
2490 4126 2554 4161 eo
2576 4112 2695 4161 Deo

1634 4192 1718 4242 cui
1754 4203 1909 4239 sacra
1935 4187 2197 4238 faciebant
2228 4202 2411 4237 nomen
2436 4189 2626 4252 sortiti,
2649 4204 2700 4239 v.

1635 4281 1685 4330 g.
1711 4264 2016 4326 Quirinalis,
2033 4263 2312 4320 Martialis,
2335 4267 2435 4314 &c-

1699 4350 1723 4376 e
1756 4340 2071 4404 Destinatus]
2115 4340 2368 4401 'lantumg
2417 4353 2517 4390 nec
2558 4340 2696 4390 enim

1638 4417 1930 4469 sacerdotio
1946 4415 2157 4467 functus
2171 4414 2393 4481 videtur,
2412 4431 2445 4466 a
2459 4430 2558 4481 quo
2569 4431 2698 4481 pau-
