3019 4922
509 434 639 501 256

509 612 640 676 pus
660 607 941 676 sponsas
962 590 1250 656 habendi
1267 589 1675 670 coarctavit:
1702 588 2006 654 divortiis
2029 589 2305 654 modum
2325 588 2702 672 imposuit.'²

512 693 678 776 [aa]
723 696 1124 759 Senatorum
1153 693 1534 757 affluentem
1563 712 1899 757 nnmerum
1932 691 2211 758 deformi
2241 700 2311 757 et
2354 691 2702 756 incondita

512 797 709 860 turba
751 794 962 880 (erant
1009 794 1188 860 enim
1233 813 1431 877 super
1475 794 1709 873 mille‚*'
1759 801 1827 859 et
1869 794 2188 876 quidam⁹
2229 792 2700 876 indignissimi,

513 904 582 963 et
604 903 757 981 post
776 918 1005 963 necem
1028 896 1321 962 Caesaris
1347 918 1466 980 per
1490 898 1765 979 gratiam
1791 903 1858 963 et
1884 899 2232 980 praemium
2256 896 2505 973 allecti,
2529 912 2701 978 quos

516 998 805 1066 Orcinos
834 1009 886 1039 ¹0
910 1009 946 1036 W
1006 1002 1247 1084 vulgus
1303 997 1631 1084 vocabat)
1709 1001 1797 1064 ad
1854 998 2122 1066 modum
2175 999 2531 1083 pristinum
2555 1004 2583 1032 ¹
2638 1002 2704 1065 et

1376 450 1436 495 Ο.
1482 448 1569 497 SU
1585 447 1835 496 ETONu

1428 1197 1460 1216 O
1464 1195 1788 1217 OOOOOOOOOO

515 1329 643 1377 Mox
665 1329 761 1378 vim
781 1329 906 1379 ludis
926 1329 1040 1378 elidi
1062 1328 1219 1377 Vind.
1245 1332 1289 1377 1.
1311 1326 1391 1376 cui
1414 1327 1604 1378 desunt
1619 1329 1720 1378 div‘.
1729 1331 1859 1378 mod.
1877 1329 2098 1391 inposuit.
2103 1332 2200 1377 —9
2235 1328 2303 1377 Et
2324 1327 2511 1390 quidem
2531 1324 2706 1375 Periz.

516 1394 676 1443 Fouc.
700 1393 831 1442 Edd.
856 1395 986 1442 Bon.
1005 1394 1175 1446 Paris.
1212 1394 1339 1441 Tum
1360 1398 1465 1456 post
1488 1399 1686 1443 mortem
1708 1394 1827 1456 Cuj.
1852 1401 1906 1443 et
1925 1394 2061 1442 electi
2085 1393 2250 1443 Periz.
2273 1397 2358 1441 aut
2377 1391 2537 1442 allecti
2559 1389 2709 1439 Huls.

515 1455 645 1507 ἑ-10
678 1459 765 1507 Ita
791 1458 908 1506 Pin.
931 1458 1103 1508 Vatic.
1128 1458 1355 1507 nonnulli
1373 1458 1525 1507 codd
1548 1459 1694 1508 Torr.
1719 1465 1773 1507 et
1794 1457 1894 1508 Ed.
1917 1458 2138 1507 Mediol.-
2156 1472 2318 1520 marg.
2342 1457 2493 1519 idque
2520 1461 2708 1518 praetu·

515 1524 625 1571 lere
648 1524 829 1571 Burin.
862 1522 1002 1572 Oud.
1037 1524 1165 1572 Ern.
1199 1523 1416 1585 Baumg.
1486 1522 1611 1577 Alii,
1634 1531 1693 1572 ut
1714 1523 2002 1584 Victorius,
2033 1522 2293 1585 Sigonius,
2326 1529 2380 1569 et
2412 1518 2708 1577 Turnebus,

518 1587 731 1635 mallent
770 1588 985 1642 Ort-ivos,
1019 1599 1134 1636 cnm
1169 1587 1380 1635 Memm.
1420 1587 1540 1650 Cuj.
1574 1587 1770 1637 Medic.
1794 1591 1843 1638 2.
1871 1588 2007 1637 Dun.
2076 1587 2139 1635 Iu
2159 1589 2290 1636 Exc.
2312 1587 2467 1634 Voss.
2496 1583 2710 1643 Ortivos,

517 1652 656 1699 unde
691 1658 870 1713 patere
906 1660 1052 1713 putat
1087 1650 1227 1701 Oud.
1259 1653 1509 1711 originem
1546 1651 1782 1704 lectionis
1817 1652 2042 1715 vulgatae
2065 1650 2490 1714 abortivos,quae'
2478 1664 2528 1698 ru
2554 1649 2712 1697 Foue-

518 1716 634 1766 Pal.
659 1717 841 1779 tribus,
863 1724 918 1767 et
940 1716 1070 1767 Edd.
1099 1717 1168 1767 Ο.
1193 1723 1314 1766 ante
1338 1716 1558 1767 Casaub.
1582 1724 1750 1782 extat.
1815 1717 2044 1783 Toupius
2062 1715 2132 1784 ,ad
2160 1716 2308 1767 Suid.
2335 1721 2374 1766 t.
2400 1728 2485 1766 m.
2522 1729 2575 1779 p.
2595 1716 2710 1766 318.

1412 1937 1419 1941 .
1505 1879 1727 1932 NOTAE

516 1979 688 2055 tentia
725 2015 784 2056 tu
825 2022 1035 2058 uxorem
1076 2008 1231 2058 habes
1250 2008 1285 2058 θ’
1350 2011 1437 2059 De
1472 2024 1576 2074 qua

517 2082 703 2132 Cicero
726 2084 816 2132 lib.
841 2097 905 2133 11.
929 2085 993 2134 de
1018 2085 1262 2135 Oratore.
1286 2090 1399 2135 260.
1421 2101 1578 2150 quam

1720 2015 1743 2042 v
1777 2008 1936 2071 Super
1953 2006 2107 2070 miae]
2164 2005 2209 2056 A
2229 2003 2508 2069 Tarquinio
2531 2003 2714 2052 Prisco

1659 2084 1725 2135 ad
1756 2087 1949 2151 Syllam
1986 2084 2186 2134 nonnisi
2228 2082 2450 2133 trecenti
2488 2079 2718 2141 fuerant,

518 2157 562 2205 si
588 2172 686 2205 non
712 2157 985 2221 haberent,
1019 2162 1237 2223 pecunia
1259 2162 1576 2212 mulctaban-

519 2240 637 2282 tur:
665 2234 802 2297 apud
826 2236 1054 2299 Festum,
1073 2239 1088 2265 ‘
1109 2237 1359 2286 Uxorium
1386 2252 1579 2301 pepen-

520 2307 657 2357 disse
693 2309 902 2374 dicitur,
935 2313 1024 2375 qui
1061 2314 1195 2377 quod
1229 2328 1443 2364 uxorem
1477 2329 1579 2364 non

514 2384 780 2446 habuerit,
812 2401 880 2437 aes
906 2388 1098 2450 populo
1119 2387 1301 2438 dedit?

585 2457 920 2530 *Coarctaviq
949 2466 1078 2516 Cum
1103 2467 1236 2515 enim
1261 2467 1463 2530 quidam
1488 2484 1581 2533 pu-

522 2551 636 2587 eros
659 2539 1067 2602 desponderent,
1090 2549 1144 2591 et
1170 2544 1382 2605 praemia
1401 2543 1582 2594 nihilo·

520 2616 690 2664 minus
726 2614 927 2667 ferrent
966 2619 1287 2676 maritorum,
1325 2629 1583 2684 quietem·

521 2706 648 2755 pore
695 2706 794 2743 nec
831 2702 1003 2757 erant,
1047 2709 1143 2743 nec
1187 2702 1430 2758 poterant
1471 2710 1582 2746 esse

520 2770 716 2832 mariti,
769 2771 954 2820 statuit
1002 2784 1067 2820 ne
1111 2785 1212 2836 qua
1253 2771 1583 2835 desponsatio

448 2904 452 2907 Ἴ
516 2853 638 2909 ,πειτα
660 2845 819 2909 foret,
836 2863 990 2911 quam
1014 2848 1149 2898 intra
1173 2849 1435 2898 biennium
1455 2865 1583 2915 nup-

521 2921 611 2971 tiae
645 2937 747 2972 non
787 2932 1244 2989 consequerentur.
1311 2926 1443 2976 Quae
1469 2926 1584 2988 ipsa

515 2990 683 3047 ‘ferme
734 3007 855 3049 sunt
908 3001 1090 3049 Dionis
1135 3000 1292 3051 verba
1342 3002 1431 3051 lib.
1475 3015 1584 3053 mv.

524 3072 613 3120 De
649 3088 752 3136 quo
791 3076 950 3123 etiam
980 3074 1143 3124 multa
1163 3075 1460 3125 doctissime
1485 3078 1585 3126 Cu·

514 3145 686 3207 jacius
710 3148 801 3197 lib.
837 3149 1276 3199 Observationum
1314 3163 1428 3202 xvi.
1465 3166 1583 3215 cap.

524 3224 606 3270 35.

587 3297 875 3348 “Dium-tiis
894 3302 1078 3350 modum
1098 3300 1345 3365 imposuit]
1380 3302 1584 3366 Lipsius

525 3369 590 3420 ad
616 3371 705 3421 lib.
729 3387 817 3422 ιιι.
842 3373 1033 3426 Annal.
1054 3376 1220 3426 Taciti
1246 3378 1332 3432 ait,
1359 3393 1458 3428 uno
1482 3379 1585 3428 Pa·

520 3447 624 3521 piae
638 3449 773 3517 legis
796 3450 970 3513 capite
990 3460 1198 3502 cautum
1221 3453 1400 3517 fuisse,
1414 3463 1474 3504 nt
1495 3471 1584 3509 cu-

514 3523 606 3589 jus
640 3525 794 3589 culpa
816 3525 1093 3578 divortium
1119 3530 1463 3594 contingeret,
1496 3533 1585 3585 ille

525 3598 702 3649 dotem
743 3603 1045 3665 amitteret3
1086 3604 1308 3677 ideoque
1353 3607 1418 3656 de
1461 3606 1585 3657 dote

523 3676 686 3723 multa
727 3676 778 3725 in
813 3678 1220 3729 Junsconsultor
1226 3697 1306 3730 um
1347 3683 1493 3731 libris
1520 3682 1586 3732 ad

522 3734 690 3811 legem
732 3750 951 3813 Papiam
992 3757 1285 3818 Poppaeam.
1366 3756 1586 3806 Torren-

527 3825 649 3882 tius,
668 3826 913 3888 peculiari
934 3830 997 3876 ad
1017 3831 1183 3890 legem
1203 3831 1393 3878 Juliam
1413 3841 1466 3878 et
1484 3834 1587 3883 Pa-

524 3901 664 3962 piam
689 3903 1075 3964 commentario‚
1097 3901 1299 3953 nonnisi
1325 3904 1389 3953 de
1413 3905 1587 3957 divor-

526 3977 615 4024 tiis
639 3986 912 4039 patronum
937 3980 1079 4028 inter
1101 3986 1156 4028 et
1180 3979 1411 4029 libertam
1436 3982 1586 4031 intel-

518 4052 672 4121 ligit,
657 4069 670 4079 ·
696 4053 816 4103 huic
834 4056 968 4105 enirn
987 4056 1052 4104 ab
1070 4056 1231 4106 invito
1249 4064 1486 4121 patrono,
1503 4059 1587 4108 cui

526 4129 805 4191 nupsisset,
843 4129 1109 4179 discedere
1145 4146 1247 4183 non
1283 4133 1491 4195 licebat,
1527 4143 1586 4187 ut

526 4208 678 4323 patiet
713 4216 780 4251 ex
817 4204 853 4253 1.
877 4208 925 4254 2.
961 4204 1017 4256 ff
1058 4207 1123 4256 de
1152 4208 1403 4261 Divortiis
1428 4219 1483 4259 et
1505 4225 1586 4263 re·

522 4289 597 4343 pu
639 4289 719 4324 ns.

1657 2178 1688 2213 a
1712 2164 1857 2227 Sylla
1888 2162 1951 2211 ad
1976 2162 2172 2213 Julium
2196 2159 2464 2225 quingenti
2487 2166 2546 2208 ut
2569 2158 2716 2206 mini·

1660 2253 1796 2287 mum
1834 2236 2015 2298 additi,
2047 2235 2184 2285 unde
2216 2235 2432 2284 circiter
2463 2232 2717 2282 ducentos

1662 2302 1759 2380 per
1802 2315 1942 2367 bella
1980 2315 2151 2364 civilia
2191 2314 2376 2363 iterum
2416 2311 2719 2371 accessisse,

1661 2392 1907 2457 conjicias
1935 2406 2002 2444 ex
2034 2391 2131 2441 hoc
2165 2391 2281 2452 loco
2315 2396 2371 2440 et
2406 2388 2533 2440 Julii
2566 2402 2614 2438 c.
2636 2390 2720 2442 72.

1663 2472 1817 2517 et76.
2481 2492 2484 2495 2

1681 2569 1686 2577 ·
1728 2552 1758 2576 W
1797 2543 2021 2607 Orcinos]
2073 2542 2298 2593 Orcinus
2339 2541 2554 2591 libertus
2594 2539 2724 2587 dici·

1666 2627 1771 2683 tur,
1817 2621 1904 2685 qui
1948 2619 2126 2670 verbis·
2155 2618 2368 2669 directis
2407 2616 2600 2667 domini
2642 2615 2721 2664 sui

1666 2704 1980 2748 testamento
1998 2697 2296 2746 libertatem
2315 2694 2523 2758 accipit.
2592 2692 2724 2742 Cha·
2801 2730 2814 2733 -

1665 2773 1835 2822 ronita
1858 2773 1967 2821 sive
1992 2771 2342 2821 Charonianus
2372 2783 2573 2834 quoque
2596 2767 2726 2817 dici-

1663 2856 1770 2917 tur,
1800 2849 1940 2913 quasi
1983 2848 2112 2898 Orci
2151 2849 2235 2897 vel
2271 2847 2545 2897 Chai-ontis
2570 2845 2725 2893 liber·

1667 2934 1749 2975 tus
1771 2942 1785 2975 z
1809 2926 2002 2990 quippe
2025 2926 2112 2988 qui
2135 2929 2408 2987 patronum
2432 2922 2649 2971 haberet
2673 2922 2728 2975 in

1667 3002 1811 3050 Orco
1848 2991 2143 3064 degentem,
2185 3004 2483 3048 testatorem
2519 3010 2726 3056 nempe.

1664 3078 1750 3126 Sic
1766 3076 1932 3126 dictos
1951 3077 2128 3125 volunt
2149 3073 2402 3137 ejusmodi
2422 3073 2727 3128 Senatores,

1667 3152 1812 3216 quod
1830 3158 2004 3202 essent
2023 3151 2245 3206 obscuri,
2282 3148 2426 3213 quasi
2463 3146 2606 3196 Orco
2645 3146 2729 3192 vel

1668 3237 1809 3278 terra
1830 3228 1976 3289 nati;
2011 3227 2102 3276 sed
2140 3225 2310 3290 potius
2333 3223 2479 3288 quasi
2506 3222 2729 3271 Caesaris

1663 3304 1925 3367 mancipia
1968 3303 2210 3352 taxabant
2251 3301 2384 3355 illos,
2430 3297 2567 3363 quod
2614 3297 2732 3359 ejus

1667 3379 1833 3427 secuti
1857 3376 2116 3431 fortunam
2141 3383 2349 3438 essent;
2388 3375 2565 3439 plures
2590 3375 2733 3423 enim

1668 3455 1896 3516 Caesare,
1928 3456 2024 3503 hoc
2059 3459 2159 3516 est,
2196 3459 2417 3518 patrono
2439 3458 2647 3499 mortuo
2674 3450 2734 3497 li-

1670 3531 1949 3592 bertatem,
1978 3530 2075 3577 hoc
2101 3536 2200 3589 est,
2236 3527 2538 3589 dignitatem
2573 3524 2737 3587 illam,

1670 3612 1818 3656 erant
1835 3600 2102 3655 consecuti
2121 3619 2215 3668 per
2233 3604 2309 3653 Μ.
2325 3602 2629 3662 Antonium,
2646 3601 2740 3663 qui

1672 3684 1892 3734 Caesaris
1918 3682 2118 3734 tabulas
2140 3689 2344 3742 nactus,
2364 3688 2568 3739 turpem
2591 3676 2739 3729 illam
2787 3744 2794 3750 Ι

1669 3758 1918 3808 honorum
1952 3756 2379 3806 nundinationem
2417 3750 2740 3800 instituerat·

1667 3833 1957 3881 Beroaldus
1980 3839 2035 3879 et
2056 3828 2343 3879 Sabellicus
2368 3841 2483 3875 cum
2505 3826 2740 3888 vulgatis

1663 3907 1983 3963 editionibus
2006 3912 2062 3955 et
2095 3905 2353 3969 plerisque
2390 3903 2518 3953 Mss.
2551 3902 2742 3965 legunt

1666 3982 1924 4046 abortivos,
1964 3982 2109 4050 quasi
2148 3979 2406 4033 deformes
2446 3986 2503 4027 et
2541 3978 2738 4040 imper-

1667 4059 1809 4111 fecto
1834 4065 1984 4122 partu
2009 4059 2190 4107 editos.
2241 4056 2371 4109 Quae
2396 4055 2553 4103 lectio
2571 4067 2738 4118 quare

1663 4136 1966 4205 posthabita
1991 4135 2075 4197 sit,
2100 4148 2198 4183 non
2221 4133 2344 4182 satis
2367 4131 2553 4198 liquet.

1733 4212 1870 4261 '‘Ad
1910 4213 2096 4260 modum
2125 4207 2405 4272 pristinum]
2453 4208 2577 4258 Non
2614 4205 2729 4250 300.

1663 4287 1899 4353 pluribus
1922 4286 2056 4338 enim
2080 4283 2532 4343 murmurantibus,
2552 4292 2733 4327 nume·
