3019 4922
502 377 631 443 152

503 539 792 605 Curiam.
884 536 1221 601 Praeterea
1251 540 1541 597 monetae
1562 541 1590 567 ¹¹
1635 531 2056 616 publicisque
2086 532 2529 613 vectigalibus
2572 551 2694 614 pe-

503 639 833 707 culiares⁸
866 658 1090 704 servos
1112 645 1138 671 ⁰
1170 637 1565 721 praeposuit.
1637 636 1872 699 Trium
1893 635 2254 717 legionum,
2286 655 2454 720 quas
2476 634 2696 703 Alex-

503 744 752 808 andriae
780 741 1215 824 relinquebat,
1246 760 1477 805 curam
1508 747 1578 803 et
1608 740 1955 822 imperium
1974 747 2000 786 Ρ
2055 737 2426 816 Rufioni,⁹‘³¹
2472 741 2693 806 liberti

505 846 612 910 sni
643 846 805 922 filio,
837 844 1105 909 exoleto
1137 863 1284 921 suu,
1319 842 1772 907 demandavit.
1860 841 2028 925 [77.]
2076 841 2224 906 Nec
2257 844 2534 907 minoris
2564 845 2694 908 im-

503 950 818 1032 potentiae
847 966 1042 1013 voces
1070 947 1422 1031 propalam
1454 946 1723 1024 edebat,
1752 954 1828 1011 ut
1855 947 1938 1011 T.
1969 945 2260 1030 Ampius
2282 955 2332 984 ¹0
2350 954 2370 981 f
2416 948 2693 1014 scribit:

1362 390 1423 435 G.
1471 388 1827 436 SUETONlI

1421 1146 1792 1169 OOOOOOOOOOO

504 1281 737 1330 barbaros.
803 1280 932 1329 Mox
954 1279 1121 1343 recipit
1144 1279 1393 1330 Halm—8
1415 1280 1659 1330 Malebat
1675 1281 1840 1330 Grou-
1861 1279 2133 1343 peculiatas,
2155 1280 2236 1329 vel
2254 1280 2531 1344 peculiosus,
2557 1280 2696 1342 qnod

505 1355 559 1395 et
586 1347 708 1396 Ern.
733 1347 925 1409 placet.
992 1346 1117 1395 Mox
1142 1346 1393 1408 reliquerat
1416 1346 1573 1396 vind.
1596 1350 1645 1395 2.
1670 1347 1913 1397 Cort.--9
1949 1345 2033 1395 Ita
2056 1345 2331 1394 ediderunt
2358 1346 2538 1395 Burm.
2562 1347 2692 1395 Ern.

481 1411 630 1475 Rip.
666 1411 806 1460 Ond.
840 1411 1057 1473 Baumg.
1091 1425 1206 1460 cnm
1244 1410 1410 1460 tribus
1443 1411 1597 1460 Torr.
1635 1411 1747 1460 Pal.
1776 1417 1821 1461 1.
1847 1417 1897 1460 2.
1924 1412 2113 1474 Copes.
2140 1412 2238 1460 Ed.
2266 1411 2412 1460 Rom.
2448 1412 2698 1475 Raphioni

507 1476 659 1525 Huls.
694 1477 887 1540 Rufieni
909 1476 1088 1540 Cujac.
1112 1475 1317 1525 Rusioni
1341 1476 1452 1525 Pal.
1477 1482 1525 1526 3.
1552 1477 1780 1525 Harleni.
1801 1477 1971 1526 Periz.
1996 1477 2142 1526 Voss.
2165 1476 2297 1525 Edd.
2314 1477 2447 1525 Veu.
2471 1483 2537 1525 tr.
2562 1477 2696 1527 Bon.

504 1541 653 1592 Jnnt.
688 1542 803 1590 ΑΜ.
834 1540 1014 1605 steph.
1045 1542 1167 1590 Bas.
1200 1548 1255 1589 et
1288 1555 1462 1590 omnes
1498 1543 1825 1591 vetustiores.
1873 1542 2075 1591 Rusioni
2106 1542 2188 1591 lib.
2221 1541 2312 1598 eui,
2345 1557 2428 1590 suo
2450 1541 2534 1607 fil.
2568 1542 2697 1591 Bas.

505 1606 678 1654 Pulm.
713 1616 927 1656 auctore
957 1606 1182 1655 Turneb.
1219 1607 1447 1656 restituit
1484 1609 1563 1657 Ru
1600 1607 1668 1663 ni,
1702 1615 1757 1656 et
1788 1607 1864 1655 ita
1904 1608 2072 1656 Plaut.
2109 1607 2289 1656 Pitisc.
2321 1608 2447 1656 Var.
2480 1614 2535 1657 et
2558 1608 2694 1657 aliae.

506 1670 678 1720 Rhea.
703 1675 748 1720 Ι.
777 1671 965 1719 Cimoni
986 1672 1093 1720 dat.
1125 1673 1272 1720 Torr.
1295 1672 1421 1735 legit
1445 1673 1523 1721 Ru
1563 1688 1639 1728 no,
1662 1681 1717 1721 et
1738 1670 1929 1722 Sclreff.
1953 1672 2156 1722 Rusoni.
2180 1671 2276 1721 Ed.
2302 1672 2465 1721 Grou.
2503 1672 2696 1722 Rusini.

506 1735 612 1784 Alii
638 1736 789 1799 paulo
814 1737 984 1787 aliter.
1004 1752 1085 1785 ειιο
1108 1738 1229 1786 exol.
1253 1744 1334 1785 est
1368 1739 1676 1801 transposite
1712 1738 1761 1786 in
1797 1737 1990 1787 Medic.
2023 1741 2071 1786 2.
2109 1738 2342 1787 Harlem.
2376 1737 2545 1788 Periz.
2579 1753 2697 1787 eum

506 1801 640 1850 Edd.
662 1801 855 1862 multis,
879 1801 1013 1850 unde
1050 1801 1188 1852 Oud.
1225 1802 1496 1864 legendum
1528 1804 1687 1852 vellet
1721 1803 1935 1852 libertini
1952 1803 2217 1867 filim—10
2252 1802 2445 1852 Eadem
2471 1803 2694 1853 varietas

504 1867 586 1915 liic
611 1873 666 1915 ut
690 1881 859 1929 supra.
893 1868 1023 1917 Cod.
1044 1869 1193 1916 Torr.
1221 1869 1276 1917 Τ.
1295 1868 1559 1931 Ampirius.
1584 1868 1804 1918 Casanb.
1832 1869 2042 1917 Memm.
2069 1868 2183 1917 Pal.
2206 1873 2253 1917 2.
2279 1872 2326 1918 8.
2347 1868 2533 1933 Copes.
2560 1868 2696 1918 Har-

504 1929 624 1979 lem.
647 1931 816 1981 Periz.
841 1932 974 1981 Edd.
1008 1932 1157 1981 Rom.
1195 1933 1325 1982 Ven.
1364 1943 1430 1983 tr.
1466 1932 1614 1982 Cald.
1650 1934 1864 1983 Mediol.
1900 1933 2079 1997 Steph.
2119 1934 2174 1983 Τ.
2195 1935 2274 1982 vel
2297 1933 2434 1982 Titus
2455 1935 2695 1997 Amprius.

506 1996 651 2045 Cort.
687 1998 741 2046 T.
765 1998 1005 2060 Amprius.
1038 1997 1201 2047 Rhed.
1221 2003 1269 2048 1.
1295 1998 1432 2048 Titus
1448 1998 1718 2061 Lamprius.
1748 2001 1862 2048 Pin.
1880 1999 2080 2049 viterb.
2103 2000 2263 2050 Pone.
2293 2000 2350 2048 Τ.
2372 1999 2611 2063 Amplius,
2632 2014 2698 2048 ex

507 2075 608 2124 quo
643 2062 845 2110 nomine
878 2062 1018 2125 conj.
1053 2063 1231 2113 Burm.
1263 2071 1432 2113 natam
1475 2079 1653 2113 vocem
1686 2066 1905 2127 amplius,
1944 2078 2095 2128 qnam
2134 2072 2256 2114 aute
2279 2065 2360 2113 vel
2384 2074 2503 2128 post
2522 2063 2697 2120 ebes-ee

505 2123 790 2175 inferciunt
815 2128 928 2176 Pal.
950 2133 996 2176 1.
1022 2132 1069 2175 3.
1096 2128 1264 2177 Periz.
1292 2130 1526 2179 Harlem.
1548 2130 1708 2179 vind.
1735 2131 1875 2180 Cort.
1897 2139 1952 2180 et
1975 2130 2107 2179 Edd.
2133 2130 2274 2181 Vett.
2309 2145 2467 2194 usqne
2499 2130 2565 2179 ad
2600 2132 2697 2180 Ca-

510 2191 659 2241 saub.
679 2191 767 2255 qni
798 2192 1010 2252 delevit,
1033 2193 1329 2242 auctoribus
1354 2196 1482 2246 Mas.
1507 2196 1905 2259 antiquioribus,
1925 2202 1979 2245 et
2002 2197 2059 2244 T.
2082 2196 2286 2258 Ampius
2306 2196 2562 2244 scribeud.
2589 2196 2697 2259 jus·

507 2256 592 2315 sit,
614 2271 764 2319 quem
789 2258 954 2306 secuti
975 2265 1092 2306 snut
1115 2274 1305 2314 omnes,
1328 2259 1493 2309 invito
1522 2261 1696 2310 Ursin.
1721 2262 1932 2322 legente
1957 2276 2020 2309 ex
2046 2262 2160 2310 cod.
2186 2276 2277 2309 suo
2301 2262 2536 2324 Tampius.
2604 2265 2697 2310 Su-

506 2321 681 2384 perius
696 2323 921 2386 potentie
937 2323 1091 2372 vind.
1118 2328 1163 2373 1.
1199 2325 1284 2389 qui
1307 2326 1461 2375 etiam
1478 2326 1634 2377 habet
1651 2328 1954 2392 scapeia—1
1984 2327 2066 2376 Ita
2098 2341 2274 2376 onmes
2308 2327 2443 2375 libri.
2477 2327 2698 2378 Casaub.

1500 2507 1713 2558 No'rAE

573 2644 596 2668 ¹¹
631 2635 863 2698 Monetoe]
919 2636 1089 2702 Hujus
1144 2639 1397 2691 cudendae
1438 2656 1566 2704 cura

509 2716 660 2764 trium
686 2716 750 2764 ab
770 2715 917 2764 initio
943 2717 1162 2766 virorum
1182 2726 1312 2782 erat,
1337 2718 1423 2784 qni
1446 2719 1566 2768 inde

1647 2642 1982 2706 antiquiores,
1999 2641 2014 2671 ‘
2040 2641 2330 2708 peculiare'
2355 2656 2447 2706 pro
2467 2656 2547 2703 eo,
2562 2642 2700 2706 qnod

1648 2719 1837 2783 peculii
1860 2728 1959 2777 est,
1989 2718 2298 2782 accipiatur.
2365 2718 2539 2767 Plant.
2559 2719 2701 2767 Mer-

506 2792 779 2842 Trinmviri
804 2794 1089 2844 monetales
1128 2795 1254 2845 dicti
1296 2803 1436 2861 snut,
1469 2797 1566 2847 hac

507 2877 629 2918 nota
667 2871 958 2931 designati:
1003 2872 1276 2921 Triumviri
1321 2873 1385 2923 Α.
1413 2873 1475 2923 Α.
1502 2873 1568 2924 Α.

508 2946 568 2995 F.
599 2948 660 2996 F.
707 2946 801 2995 hoc
840 2954 944 3006 est,
980 2947 1099 2997 AEre
1137 2947 1376 3012 Argento
1423 2949 1567 3000 Auro

507 3021 706 3070 Flando
750 3022 1022 3072 Ferieudo.
1087 3025 1171 3073 AEs
1206 3026 1339 3075 euim
1379 3029 1565 3090 primo,

504 3096 693 3146 deinde
709 3105 1000 3163 argentum,
1015 3098 1236 3166 deniqne
1257 3118 1434 3153 aurum
1455 3106 1568 3168 sig-

510 3180 690 3223 natum
716 3182 811 3224 est.

572 3257 596 3282 ⁰
627 3250 900 3300 Pet-uliares
926 3253 1105 3318 servos]
1140 3255 1438 3308 Peculiares
1463 3274 1568 3308 ser·

501 3320 576 3383 vi,
620 3326 663 3377 si
705 3327 769 3376 ad
817 3330 1023 3379 strictos
1056 3331 1191 3395 juris
1240 3322 1417 3397 apices
1463 3337 1565 3387 vim

506 3405 648 3455 vocis
685 3405 880 3469 exigas,
918 3406 953 3455 ii
1012 3406 1177 3473 fuere,
1221 3411 1309 3474 qui
1362 3415 1565 3475 peculio

503 3497 764 3558 servorum
805 3491 894 3534 aut
927 3483 1370 3538 tiliorumfamilias
1404 3505 1563 3540 annu-

502 3564 853 3614 merabuntur.
928 3564 1087 3614 Pater
1142 3566 1279 3616 enim
1340 3566 1564 3618 familias

505 3641 765 3705 peculium
804 3639 995 3691 habere
1030 3656 1130 3691 nou
1166 3649 1359 3707 potest,
1391 3660 1566 3709 quem-

506 3718 781 3768 admodum
824 3733 923 3768 uec
963 3733 1147 3768 servus
1189 3718 1340 3769 bona.
1411 3722 1564 3770 Unde

503 3808 620 3844 eum
679 3809 778 3845 nec
829 3808 1023 3857 servus,
1062 3809 1161 3844 nec
1201 3790 1560 3846 filiusfamilias

503 3878 643 3919 esset
664 3870 858 3933 Coesar,
877 3871 1030 3921 aliter
1052 3871 1137 3920 hic
1163 3871 1560 3934 intelligendum

503 3954 672 4010 patet,
691 3961 784 4010 pro
809 3962 872 3996 eo
908 3962 1113 4014 nempe,
1138 3949 1274 4012 quod
1302 3950 1561 4012 proprium

474 4073 482 4081 ,
504 4029 607 4085 est,
623 4037 724 4071 nou
748 4023 1007 4086 publicum
1028 4032 1118 4073 aut
1140 4038 1409 4074 commune
1430 4043 1443 4072 :
1461 4042 1563 4091 quo

503 4098 688 4149 eodem
719 4112 872 4148 sensu
910 4099 1064 4148 Galb.
1097 4114 1213 4163 cap.
1234 4104 1312 4150 12.
1355 4102 1371 4130 ⁸
1399 4102 1558 4152 loculi

499 4174 830 4240 peculiares'
884 4176 1206 4238 accipiendi:
1260 4192 1355 4228 nee
1411 4181 1551 4230 enim

504 4252 662 4301 etiam
702 4258 826 4302 tnnc
864 4252 908 4301 is
941 4258 1054 4300 erat
1078 4252 1262 4308 Galba,
1286 4255 1372 4318 qni
1407 4271 1564 4320 pecu-

505 4328 631 4379 lium
668 4328 858 4380 habere
896 4336 1114 4394 posset:
1151 4332 1381 4394 quamvis
1421 4334 1563 4399 apud

1647 2804 1752 2846 cat.
1788 2796 2018 2846 Acran.
2058 2798 2141 2846 Sc.
2162 2802 2207 2846 1.
2243 2794 2410 2848 ‘Quin
2448 2795 2542 2844 tibi
2575 2810 2701 2844 ecce

1645 2872 1784 2922 illam
1818 2873 1973 2934 dabo,
2008 2880 2183 2922 natam
2219 2886 2375 2921 annos
2414 2873 2702 2934 sexaginta,

1650 2950 2006 3012 Peculiarem:
2041 2954 2138 3000 ὅτε.
2209 2951 2337 2999 Cum
2376 2956 2546 2999 autem
2573 2950 2700 3013 pub-

1646 3025 1802 3074 licani
1825 3027 2025 3090 equites
2044 3026 2261 3075 Romani
2288 3026 2563 3090 vectigalia
2584 3041 2699 3091 quae

1649 3117 1714 3152 ex
1753 3104 2014 3167 portoriis,
2057 3102 2295 3159 metallis,
2345 3103 2570 3166 pascuis,
2606 3107 2702 3152 dec.

1648 3178 2018 3242 conducerent,
2040 3179 2280 3242 propriis,
2310 3178 2499 3227 nedum
2537 3177 2704 3240 publi-

1647 3256 1742 3318 cis,
1788 3257 1970 3319 servis,
2015 3270 2187 3305 curam
2228 3256 2360 3305 hauc
2398 3256 2572 3306 Caesar
2614 3255 2703 3305 de*

1647 3333 1929 3382 mandavit.

1710 3417 1736 3451 Ρ
1753 3409 2031 3472 Imperium]
2050 3410 2177 3460 Cum
2195 3423 2258 3459 ue
2271 3410 2477 3460 admissi
2494 3410 2702 3476 quidem

1646 3485 1699 3534 iu
1725 3486 1958 3535 militiam
1982 3492 2156 3535 essent
2175 3487 2365 3548 liberti,
2387 3486 2575 3550 priscis
2601 3488 2704 3537 Ro·

1645 3578 1742 3613 mae
1767 3564 2102 3627 temporibus.

1711 3649 1734 3682 (Ι
1771 3641 1966 3707 Rufioni
1990 3640 2207 3707 [Rufini]
2233 3641 2456 3692 Casaub.
2478 3650 2534 3692 et
2555 3643 2702 3691 Torr.

1649 3718 1855 3767 variant
1886 3719 2016 3767 Mss.
2039 3717 2125 3767 alii
2151 3719 2370 3778 Burrieni,
2396 3719 2477 3767 alii
2503 3719 2705 3782 Rusoni,

1646 3795 1859 3860 Rufioni,
1888 3799 1972 3860 &a
2006 3796 2104 3845 hoc
2136 3794 2350 3859 praefert
2370 3796 2524 3846 Torr.
2568 3796 2704 3860 quod

1642 3871 1878 3936 Rufinus,
1919 3872 2175 3921 Cornelioe
2206 3872 2375 3935 gentis
2399 3887 2705 3936 cognomen,

1645 3949 1865 3998 Caesaris
1890 3949 2076 3998 liberto
2099 3949 2231 3997 male
2256 3950 2536 3999 convenire
2563 3949 2704 3999 vide·

1645 4030 1782 4089 atur,
1826 4040 2112 4091 quanquam
2150 4032 2202 4074 et
2241 4025 2392 4074 Rufio
2431 4025 2705 4076 Trebatiu-

1646 4117 1757 4152 rum
1782 4104 1866 4153 sit.

1710 4187 1730 4212 ¹'
1766 4182 1821 4230 Τ.
1844 4179 2065 4244 Ampius]
2112 4178 2220 4228 Alii
2256 4178 2505 4242 Amprius,
2533 4180 2705 4244 Ampi-

1644 4257 1763 4319 rius,
1783 4257 2018 4321 Amplius,
2035 4260 2120 4321 ᾅο.
2185 4257 2345 4305 Extat
2369 4257 2434 4306 ad
2459 4256 2704 4320 Ampium

1646 4335 1909 4385 Ciceronis
1949 4334 2185 4398 epistola,
2222 4340 2278 4384 et
2318 4333 2433 4397 ejus
2470 4333 2705 4385 meminit
