3019 4922
424 1367 433 1374 .
522 1319 878 1382 lamnia-res
923 1326 1126 1401 atque
1173 1317 1376 1381 etiam
1434 1321 1633 1380 notos
1691 1318 2207 1400 persequeretur.

514 439 646 506 506
1378 452 1439 501 c.
1487 449 1852 500 sunromt

521 622 654 685 que
684 599 960 664 lacerari
988 617 1066 661 os
1090 596 1465 678 imperavit.
1556 594 1851 659 Militem
1878 592 2396 676 praetorianum,⁰
2439 593 2529 657 ob
2567 611 2703 656 sure-

518 712 775 788 reptum
822 724 859 767 e
898 700 1237 767 viridiario
1258 706 1284 747 ⁷
1330 718 1685 781 pavonem,
1715 698 1944 780 capite
1973 696 2211 780 puniit.
2303 695 2384 759 In
2414 695 2703 779 quodam

518 808 773 883 itincre,
799 806 1064 882 lectica,
1098 823 1234 886 qua
1264 804 1648 878 vehebatur,
1677 801 1995 883 vepribus
2025 798 2366 882 impedita,
2395 798 2706 882 explora·

519 906 771 973 toremd
799 910 948 984 vise,
990 908 1340 991 primarum
1388 903 1845 970 cohortium⁸⁶
1890 901 2389 982 Centurionem,
2425 907 2705 966 stratum
2767 961 2770 964 .

521 1014 703 1077 humi
728 1010 748 1048 f
793 1031 984 1096 paene
1039 1010 1125 1074 ad
1175 1027 1398 1072 necem
1448 1006 1842 1072 verberavit.
1940 1004 2103 1089 [61.]
2167 1005 2335 1069 Mox
2389 1005 2458 1068 in
2515 1022 2706 1067 omne

521 1136 729 1197 genus
759 1113 1175 1179 crudelitatis
1198 1110 1464 1195 erupit,9
1486 1129 1817 1193 nunquam
1842 1108 2185 1173 deficiente
2206 1107 2522 1171 materia:
2553 1121 2704 1169 cum

521 1219 735 1299 primo
764 1215 1021 1293 matris,
1055 1212 1293 1278 deinde
1322 1217 1638 1295 nepotum
1669 1217 1735 1276 et
1761 1218 2022 1288 nurus}
2064 1216 2410 1293 postremo
2438 1204 2707 1292 Sejanib

2296 1312 2486 1377 Post‘
2524 1310 2707 1394 cujus

521 1422 857 1485 interitum
912 1421 1017 1486 vel
1061 1421 1480 1486 soevissimus
1526 1419 1794 1499 extitit3
1838 1437 1974 1502 quo
2018 1417 2310 1482 maxime
2368 1414 2705 1498 apparuit,

1448 1619 1812 1650 nmnnoaea

527 1782 672 1831 calo.
702 1783 943 1834 Beroald.
984 1786 1178 1834 ἄτα-7
1213 1782 1299 1832 ΑΙ.
1337 1781 1541 1831 υἰνίᾰαν.
1607 1780 1748 1830 Dein
1784 1779 1970 1845 punivit
2008 1778 2205 1828 Medic.
2232 1784 2277 1828 1.
2313 1786 2532 1842 uterque
2555 1777 2712 1826 vind.

524 1848 696 1896 Periz.
719 1848 820 1897 duo
845 1849 1013 1897 Pulm.
1040 1856 1093 1897 et
1128 1847 1263 1897 Edd.
1292 1845 1438 1896 Vett.
1463 1848 1525 1896 ad
1553 1847 1672 1895 Bas.
1694 1860 1876 1911 usque,
1907 1846 2031 1893 item
2052 1845 2201 1895 Junt.
2226 1843 2343 1892 Ald.
2364 1844 2544 1906 Stepb.
2576 1843 2714 1905 punit

524 1912 718 1961 Medic.
742 1917 790 1962 3.
825 1914 1205 1977 Suprajusserit
1226 1912 1556 1962 Harlem.—8
1576 1913 1751 1961 (ἔνων.
1772 1926 1801 1959 e
1823 1911 1964 1974 Lips.
1980 1910 2339 1959 emendatione
2359 1912 2409 1958 in
2435 1924 2595 1971 iitarg.
2616 1908 2716 1956 Ed.

526 1976 706 2026 Plant.
737 1988 912 2028 notata
949 1979 1094 2027 dedit
1121 1980 1435 2042 primarium.-
1469 1977 1605 2026 idem
1637 1977 1770 2038 Lips.
1795 1977 1963 2025 Elect.
1987 1990 2047 2024 n.
2074 1981 2151 2025 17.
2187 1976 2347 2023 suasit
2367 1977 2714 2038 praetoriorum,

523 2040 702 2091 Burm.
717 2045 974 2107 primorum
991 2046 1225 2103 ordinum,
1245 2045 1312 2093 al.
1331 2044 1499 2107 primae
1514 2043 1735 2091 cohortis.
1772 2042 1910 2091 Oud.
1931 2052 1984 2090 et
2008 2038 2169 2091 Wolf.
2191 2040 2288 2090 ‘sub
2308 2053 2434 2089 voce
2456 2039 2713 2102 primarum

527 2110 698 2168 gentis
723 2124 905 2157 nornen
932 2112 1011 2158 vel
1036 2111 1136 2159 tale
1172 2109 1290 2172 quid
1317 2110 1478 2156 latere
1516 2108 1829 2156 existimant.
1898 2107 2139 2155 Ceterum
2177 2106 2408 2154 chortium
2442 2103 2546 2153 Ms.
2565 2106 2712 2153 Torr-

524 2177 622 2221 -9
657 2173 860 2237 Irrepsit
881 2174 1039 2223 Vind.
1071 2180 1113 2223 1.
1135 2182 1187 2223 et
1206 2174 1332 2229 dein,
1356 2173 1608 2238 quomodo
1632 2174 1784 2223 etiam
1811 2172 1957 2223 Rom.
1978 2186 2082 2221 sec.
2110 2171 2399 2221 Med.‘Sab.
2423 2169 2569 2219 Cald.
2599 2170 2713 2218 Ber.

1514 2370 1730 2422 NOTAE

527 2495 582 2538 et
603 2503 717 2552 cap.
739 2494 819 2538 51.
857 2488 1030 2554 fragili
1068 2497 1121 2539 et
1153 2489 1389 2539 tenuiore
1410 2495 1586 2538 crusta
1657 2486 1875 2537 Militari
1898 2500 2017 2552 cap.
2036 2490 2085 2537 4.
2103 2485 2316 2549 primam
2338 2485 2390 2533 in
2407 2483 2612 2548 legione
2635 2494 2715 2530 co·

523 2568 767 2614 munitas*
785 2579 895 2614 esse
938 2568 1163 2617 locustas
1199 2569 1290 2618 ait.
1357 2568 1437 2617 De
1485 2581 1588 2632 quo

527 2643 740 2704 piscium
784 2658 972 2705 genere
1008 2645 1156 2707 plura
1195 2642 1344 2693 ambo
1367 2643 1444 2692 illi
1467 2657 1587 2692 auc·

527 2724 688 2780 tores,
731 2728 838 2768 turn
881 2721 1056 2769 citatis
1099 2720 1244 2785 locis,
1287 2730 1393 2769 tum
1433 2720 1586 2770 etiam

530 2795 640 2844 aliis
664 2797 855 2845 multis.
909 2797 1146 2847 Locustae
1166 2805 1343 2847 crusta
1361 2798 1485 2848 licet
1509 2805 1588 2847 te·

527 2873 697 2937 nuior,
713 2875 855 2922 miani
880 2882 1048 2923 tamen
1069 2874 1290 2938 squamis
1306 2875 1457 2938 lenge
1475 2882 1589 2924 erat

528 2951 780 3013 asperior,
814 2966 876 3000 ac
898 2952 1145 3015 majorem
1167 2952 1394 3000 dolorem
1419 2951 1589 3000 illatu-

531 3040 618 3074 ra:
659 3027 795 3075 unde
819 3027 954 3077 inter
977 3030 1261 3078 cruciatum
1285 3029 1397 3093 ipse
1418 3027 1589 3077 refici-

526 3102 717 3152 ebatur
736 3105 983 3170 piscator,
1015 3105 1149 3168 quod
1181 3105 1432 3154 locustam
1465 3120 1589 3171 quo-

524 3193 630 3244 que
655 3195 684 3228 a
703 3194 760 3228 se
781 3187 991 3243 captam
1013 3195 1114 3229 uon
1138 3181 1416 3232 attulisset.

592 3263 616 3289 ⁰
636 3256 1011 3320 Proitou-ianm]
1035 3259 1121 3308 De
1145 3257 1482 3308 Praetorisnis
1504 3273 1588 3308 su-

530 3346 627 3396 prs
648 3348 765 3397 cap.
788 3338 870 3383 37.

591 3407 617 3443 ⁴¹
650 3408 1031 3474 Emorotorem]
1066 3410 1189 3459 Non
1208 3409 1260 3458 in
1292 3410 1587 3474 peregrina·

527 3485 752 3536 tionibus
792 3483 959 3541 modo,
997 3485 1087 3534 sed
1129 3493 1185 3534 et
1223 3485 1273 3534 in
1312 3486 1422 3550 ipsa
1444 3488 1587 3550 urbe,

528 3579 648 3615 cum
672 3565 962 3628 presertim
984 3564 1120 3612 irent
1143 3564 1207 3613 ad
1234 3564 1438 3628 balnea,
1454 3565 1587 3629 ejus·

527 3641 670 3691 modi
692 3641 943 3690 ministris
961 3655 1097 3703 usos,
1117 3648 1268 3692 notat
1288 3657 1354 3691 ex
1373 3642 1588 3694 Juliauo

519 3719 885 3771 Casaubonus.

595 3791 622 3831 θ’
648 3797 924 3846 Primatum
945 3796 1227 3860 cohortium]
1270 3797 1478 3862 Lipsius
1501 3799 1591 3850 lib.

526 3884 590 3924 ιι.
615 3874 784 3924 Elect.
801 3889 919 3938 cap.
937 3877 1017 3923 17.
1040 3872 1311 3937 legendum
1337 3876 1449 3925 vult
1469 3890 1591 3940 ρω-

527 3953 839 4014 tor-innatum,
874 3951 995 4015 quia
1034 3964 1221 4012 nempe
1255 3951 1591 4002 Praetorianae

416 4030 423 4035 ”
527 4027 765 4078 cohortes
785 4027 1046 4078 Tiberium
1065 4026 1257 4091 ubique
1275 4028 1593 4078 comitaban-

527 4108 632 4153 tur.
665 4105 923 4156 Dissentit
941 4104 1262 4166 Torrentius,
1281 4119 1378 4156 nec
1401 4106 1591 4158 scribas

527 4190 755 4229 errorem
799 4182 996 4248 culpari
1039 4195 1191 4246 posse
1242 4188 1412 4246 putat,
1469 4198 1587 4234 cum

529 4253 685 4316 paulo
722 4269 878 4316 supra
910 4257 977 4306 de
1012 4256 1350 4307 Pratorianis
1385 4259 1589 4310 locutus

530 4328 709 4382 fuerit.
774 4332 933 4383 Certe
953 4333 1213 4398 vegetius>
1224 4334 1317 4388 lib.
1337 4349 1399 4387 ιι.
1416 4337 1588 4391 de‘Re

1658 2563 1856 2613 hortem
1882 2563 2037 2612 fuisse
2077 2564 2269 2613 diserte
2306 2559 2545 2619 affirmat,
2582 2574 2715 2609 eam·

1661 2656 1763 2705 que
1786 2642 1978 2690 ceteris
2002 2649 2056 2690 et
2077 2640 2378 2690 nobiliorem
2404 2647 2458 2688 et
2479 2653 2715 2689 numero·

1660 2718 1881 2779 siorem;
1914 2717 2052 2767 unde
2084 2725 2142 2767 et
2182 2716 2424 2765 Milliaria
2445 2715 2591 2764 dicta
2613 2721 2716 2764 est:

1661 2804 1818 2857 supra
1841 2795 1892 2842 in
1913 2793 2058 2845 Julio
2076 2808 2195 2858 cap.
2218 2797 2301 2844 31.
2354 2793 2436 2840 De
2459 2790 2715 2841 centurio·

1660 2871 1809 2921 uibus
1828 2872 1882 2920 in
1905 2871 2045 2923 Julio
2065 2885 2184 2933 cap.
2204 2873 2286 2919 68.
2339 2868 2643 2917 Torrentius
2665 2869 2717 2916 in

1662 2948 2013 2997 vetustissimo
2051 2948 2183 2997 libro
2220 2945 2349 3010 legit
2379 2945 2632 3003 choi-tium,
2664 2950 2718 2992 ut

1662 3032 1865 3075 veteres
1889 3038 2120 3088 semper.

1727 3100 1750 3132 f
1775 3101 1995 3152 Stratum
2014 3101 2167 3166 humi]
2199 3101 2416 3151 Tacitus
2441 3100 2531 3150 lib.
2555 3115 2594 3150 ι.
2616 3099 2719 3150 An·

1662 3179 1766 3229 nal.
1790 3179 1857 3228 de
1880 3179 1941 3229 iis
1961 3181 2052 3245 qui
2077 3182 2158 3231 vel
2179 3182 2348 3229 securi
2371 3178 2720 3243 percutiendi,

1664 3259 1747 3307 vel
1783 3257 1926 3308 fuste
1965 3258 2213 3321 puniendi
2243 3264 2413 3319 erant,
2443 3258 2582 3307 idem
2605 3270 2721 3305 nar-

1664 3341 1748 3384 rat
1764 3350 1781 3396 ;
1800 3335 1938 3384 humi
1955 3349 2142 3400 nempe
2168 3341 2470 3400 prostratos.
2516 3334 2719 3398 Lipsius

1661 3424 1785 3460 vero
1820 3411 1885 3460 ad
1908 3413 2195 3461 columnam
2226 3426 2427 3476 quoque
2463 3412 2722 3461 interdum

1662 3487 1903 3552 alligatos
1922 3496 2073 3539 notat
2094 3489 2225 3539 libro
2245 3504 2305 3539 ιι.
2328 3490 2393 3539 de
2420 3489 2587 3539 cmce
2610 3502 2722 3551 cap.

1660 3568 1709 3614 4.
1776 3566 1847 3615 Et
1875 3566 1942 3615 de
1978 3565 2057 3614 his
2092 3568 2241 3630 plura
2266 3565 2627 3630 jurisconsulti
2658 3563 2722 3614 sd

1662 3642 1699 3692 l.
1722 3655 1825 3693 vn.
1848 3651 1903 3692 et
1924 3658 2049 3705 viu.
2072 3642 2129 3694 ff.
2152 3644 2217 3693 de
2241 3644 2422 3706 poenis.

1727 3727 1754 3764 ⁸
1790 3721 1976 3786 Nurns]
1997 3721 2096 3770 Vel
2115 3721 2442 3786 Agrippinae,
2460 3734 2577 3785 quae
2595 3719 2722 3771 Ger·

1663 3798 1852 3847 manici
1871 3799 2083 3863 conjnx,
2115 3798 2181 3847 de
2204 3813 2304 3863 qua
2329 3808 2482 3862 supra
2505 3813 2623 3862 cap.
2645 3800 2723 3847 58.

1668 3876 1747 3925 vel
1771 3875 1993 3938 Livillae,
2014 3890 2127 3941 quae
2155 3876 2326 3937 Drusi,
2343 3875 2408 3924 de
2428 3889 2528 3939 qua
2552 3874 2721 3937 eapite

1665 3953 1897 4016 proxime
1919 3951 2176 4017 sequenti.
2223 3953 2305 4000 De
2330 3950 2618 4014 Agrippina
2635 3964 2723 4014 po·

1667 4029 1769 4078 tius
1797 4028 2185 4093 intelligendum
2215 4029 2439 4085 videtur,
2462 4029 2584 4093 quia
2604 4040 2721 4077 con·

1656 4105 1837 4170 jungit
1872 4105 2172 4168 nepotibus,
2211 4105 2509 4157 Germanici
2539 4115 2719 4165 nempe

1666 4183 1939 4250 filiis,quos
1962 4189 2064 4233 tam
2083 4182 2363 4232 crudeliter
2377 4182 2587 4233 occidit.
2625 4181 2715 4230 Su·

1669 4275 1764 4327 pra
1784 4275 1901 4325 cap.
1925 4264 2006 4311 ⁶4.

1732 4336 1755 4371 ¹¹
1789 4336 1976 4402 Seiani]
2008 4337 2176 4402 Supra
2197 4350 2311 4401 cap.
2333 4340 2414 4385 65.
