3019 4922
549 405 680 474 4⁷2
1390 428 1452 475 c.
1497 426 1854 476 sum-omi

552 572 735 637 b'uit:
781 571 1067 653 reliquos
1110 572 1318 653 gentis
1363 572 1686 658 ejusdem,
1724 573 1830 637 vel
1873 572 2118 639 similia
2160 581 2516 652 sectanteS,
2547 574 2721 640 Urbe

552 675 925 752 summovit,
963 674 1091 738 sub
1143 693 1345 755 poena
1393 680 1730 758 perpetuae
1784 675 2141 755 servitutis,
2197 676 2327 740 nisi
2383 678 2724 761 obtempe-

549 785 835 841 rassent.
923 776 1197 860 Expulit
1248 784 1313 842 et
1370 777 1895 843 mathematicos:
1921 785 1944 811 ²
2014 779 2133 842 sed
2190 779 2723 863 deprecantibus,

554 900 656 951 ac,
730 898 803 942 se
876 885 1083 943 artem
1142 879 1491 958 desituros,
1561 880 2124 965 promittentibuS,
2184 880 2444 945 veniam
2518 882 2726 947 dedit.

553 978 719 1064 [37.]
784 980 865 1044 In
932 980 1162 1064 primis
1206 982 1461 1046 tuendae
1518 981 1709 1065 pacis
1755 1000 1798 1045 a
1842 971 2279 1063 grassaturis‘
2322 1002 2401 1047 ac
2429 991 2480 1022 ¹0
2524 983 2729 1047 latro·

551 1083 744 1148 ciniis
802 1084 1330 1167 seditionumque
1388 1085 1655 1149 licentia
1733 1103 1961 1148 curam
2031 1084 2289 1152 habuit.
2395 1085 2730 1150 Stationes

550 1186 837 1250 militum
868 1207 989 1270 per
1018 1186 1288 1251 Italiam
1321 1187 1522 1251 solito
1554 1186 2027 1268 frequentiores
2057 1187 2408 1272 disposuit.
2486 1187 2728 1252 Romae

553 1295 775 1354 castra
802 1290 1174 1367 constituit,
1203 1290 1445 1374 quibus
1488 1289 1915 1354 Praetorianae
1956 1288 2323 1368 cohorteS,¹'
2350 1309 2543 1372 vagae
2575 1296 2730 1354 ante

549 1391 621 1456 id
649 1395 925 1476 tempuS,
957 1400 1027 1458 et
1055 1413 1173 1477 per
1199 1393 1518 1477 hospitia⁰
1549 1392 1888 1475 dispersae,
1920 1394 2423 1458 continerentur.
2503 1392 2732 1475 Popu-

550 1495 726 1560 lares
750 1496 1071 1562 tumultus
1100 1504 1164 1562 et
1194 1501 1375 1562 ortos
1392 1504 1409 1532 ¹
1437 1495 1829 1578 gravissime
1852 1494 2167 1572 coercuit,
2192 1500 2277 1577 et,
2294 1515 2377 1559 ne
2396 1495 2732 1562 orirentur,

554 1597 790 1663 sedulo
833 1601 1031 1665 cavit.
1138 1599 1341 1665 Caede
1397 1598 1466 1662 in
1509 1598 1767 1663 theatro
1813 1618 1928 1682 per
1973 1598 2374 1663 discordiam
2416 1596 2733 1660 admissa,

552 1703 779 1785 capita
795 1700 1190 1768 factionumd
1222 1711 1288 1767 et
1311 1703 1688 1780 histriones,
1710 1710 1981 1785 propter
2002 1708 2209 1784 quos²
2235 1699 2734 1777 dissidebatur,‘

552 1805 910 1886 relegavit3
957 1825 1099 1884 nec,
1131 1813 1204 1872 ut
1230 1809 1597 1882 revocaret,
1630 1822 1917 1886 unquam
1964 1803 2120 1867 ullis
2154 1803 2383 1886 populi
2416 1803 2734 1886 precibus

547 1907 781 1989 potuit
822 1908 1057 1973 evinci.
1166 1907 1337 1973 Cum
1382 1905 1795 1972 Pollentina³
1842 1901 2072 1990 plebsf
2127 1905 2325 1970 funus
2387 1904 2733 1989 cujusdam

1452 2074 1477 2093 O
1483 2076 1509 2093 e
1517 2071 1815 2093 ‘Mbmm

557 2194 738 2240 1.-1o
754 2191 822 2239 Ee
842 2193 952 2241 latr.
976 2191 1130 2241 Vind.
1152 2197 1203 2241 2.
1226 2191 1356 2241 Edd.
1384 2192 1529 2240 Rom.
1575 2190 1700 2240 Mox
1711 2188 2030 2253 frequentiore
2054 2188 2202 2239 Huls.
2220 2194 2265 2237 et
2287 2188 2409 2238 idem
2429 2193 2570 2250 temp.
2591 2188 2731 2239 Cort.

557 2254 674 2317 Cuj.
698 2257 845 2305 Voss.
866 2256 961 2305 Ed.
991 2258 1132 2307 Rom.
1153 2261 1350 2306 sec.-—-l
1391 2257 1519 2305 Haec
1544 2263 1623 2304 est
1648 2257 1801 2304 lectio
1838 2255 2048 2304 Memm.
2084 2255 2243 2303 Polit.
2276 2255 2412 2303 Dun.
2444 2253 2667 2317 Guelpb.
2687 2259 2734 2303 2.

550 2319 709 2369 Vind.
727 2324 773 2369 l.
797 2321 925 2384 Cop.
944 2321 1060 2384 Cuj.
1085 2322 1218 2370 unde
1242 2323 1380 2385 Lips.
1404 2336 1564 2382 marg.
1583 2321 1758 2369 allevit
1782 2325 1826 2368 et
1846 2326 2051 2369 exortos.
2098 2320 2267 2382 Vulgo
2284 2324 2469 2368 exortos
2485 2319 2596 2368 sine
2621 2333 2735 2382 par-

553 2384 733 2435 ticula.
796 2387 924 2434 Tum
946 2392 1148 2436 arerent.
1173 2388 1373 2449 recepit
1397 2387 1573 2434 Burm.
1597 2400 1626 2433 e
1651 2385 1861 2434 Memm.
1905 2383 2041 2446 quod
2079 2384 2347 2446 scripturae
2384 2383 2566 2432 vitium
2592 2384 2732 2433 duxit

552 2449 771 2512 Baumg.
793 2451 855 2503 V.
875 2453 995 2501 Ern.
1014 2452 1080 2501 ad
1103 2453 1153 2501 h.
1168 2453 1298 2503 l.—2
1325 2453 1460 2509 Quod
1485 2452 1695 2501 Memm.
1715 2448 2029 2516 defendique
2051 2464 2197 2511 posse
2220 2450 2399 2499 Burm.
2421 2449 2639 2499 censuit.
2675 2448 2732 2498 ln

554 2516 697 2565 Dun.
718 2517 875 2566 Vind.
904 2523 946 2566 1.
970 2519 1150 2579 Camp.
1174 2518 1323 2566 desid.
1378 2519 1503 2567 Mox
1543 2532 1741 2580 unquam
1765 2516 1939 2564 exulat
1965 2531 1994 2563 a
2017 2514 2209 2564 Medic.
2227 2519 2274 2564 3.
2297 2524 2369 2576 et,
2399 2515 2583 2577 judice
2603 2514 2733 2565 Oud.

556 2581 738 2631 abesse
761 2588 1045 2646 potem—3
1072 2584 1260 2634 Patent.
1282 2584 1410 2633 Mss.
1444 2590 1498 2633 et
1523 2582 1656 2633 Edd.
1679 2580 1926 2631 nonnulli.
1962 2579 2180 2630 Potentia
2211 2579 2355 2630 Cort.
2419 2581 2561 2629 Dein
2583 2581 2730 2629 solito

1538 2724 1757 2783 N‘OTAE

618 2836 639 2861 ²
690 2829 1076 2896 Mathematicos]
1135 2830 1332 2881 Horum
1376 2830 1604 2894 appella·

553 2905 712 2968 tione,
756 2916 807 2956 et
846 2908 929 2957 hic
972 2916 1026 2957 et
1069 2923 1242 2972 supra,
1286 2906 1605 2971 intelligendi

1747 2846 1769 2872 0
1792 2838 1894 2887 Per
1910 2835 2138 2901 hospitia]
2178 2836 2294 2886 Hoc
2318 2842 2416 2892 est,
2441 2851 2536 2900 per
2559 2835 2732 2886 domos

1687 2916 1955 2978 Romanas,
1988 2914 2040 2962 in
2075 2912 2314 2978 Angusto
2350 2928 2466 2977 cap.
2486 2918 2571 2964 49.
2605 2912 2735 2978 quod

553 2981 802 3033 duntaxat
825 2986 917 3049 qui·
934 2986 1257 3048 astrologiam
1282 2986 1504 3050 aliasque
1528 2985 1604 3047 di·

556 3059 834 3109 vinatorias
888 3067 1027 3110 artes
1083 3061 1472 3125 profitebantur,
1518 3062 1604 3126 qui

554 3134 676 3198 quia
730 3150 858 3184 vana
911 3134 1197 3187 futurorum
1264 3137 1605 3200 praedictione

554 3224 696 3273 saepe
741 3211 915 3259 multis
958 3211 1264 3270 illudebant,
1315 3215 1395 3263 vel
1448 3213 1603 3262 etiam

553 3284 729 3336 forsan
752 3287 845 3336 hac
882 3287 992 3350 ipsa
1024 3288 1090 3337 de
1124 3304 1292 3346 causa,
1315 3290 1450 3355 quod
1485 3307 1606 3341 vera

555 3364 862 3428 quandoque
889 3363 1252 3428 praedicerent,
1272 3368 1480 3416 Tiberio
1503 3383 1604 3418 non

554 3440 850 3502 placebant.
917 3444 1002 3492 De
1044 3443 1229 3508 quibus
1270 3445 1431 3494 multa
1467 3445 1606 3510 apud

552 3516 794 3567 Tacitum
816 3520 1021 3583 passim.

620 3602 643 3628 ⁸
678 3595 1002 3661 Grassaturis]
1055 3598 1221 3662 Supra
1275 3599 1328 3649 in
1369 3600 1606 3665 Augusto

554 3686 669 3733 cap.
694 3675 776 3728 32.

619 3748 643 3783 b
676 3750 992 3801 Proetorianoe
1024 3752 1256 3816 cohortes]
1302 3753 1439 3807 Quid
1480 3755 1608 3819 sint,

553 3825 605 3873 in
653 3822 888 3890 Augusto
931 3842 1047 3891 cap.
1096 3833 1208 3879 100.
1278 3829 1407 3880 Inde
1430 3839 1606 3883 castra

551 3900 641 3950 illa
665 3901 940 3969 Praetoria,
975 3903 1041 3952 de
1073 3904 1257 3968 quibus
1297 3905 1379 3955 hic
1417 3907 1605 3971 agitur,

555 3990 721 4040 prope
761 3978 916 4027 Urbis
951 3994 1122 4029 muros
1153 3981 1407 4032 collocata
1430 3996 1604 4033 versus

1684 2993 1905 3056 impulsu
1920 2991 2095 3056 Sejani
2116 2988 2309 3040 factum
2333 2998 2509 3041 narrat
2529 2991 2735 3040 Tacitus

1686 3069 1773 3119 lib.
1799 3083 1876 3120 ιν.
1898 3068 2090 3118 Annal.

1747 3144 1770 3177 ‘¹
1808 3142 2278 3209 Cupitasactionuni]
2319 3142 2433 3193 Hoc
2466 3151 2567 3204 est,
2592 3144 2736 3193 Prin·

1685 3222 1832 3285 cipes
1871 3222 2152 3286 cujuslibet
2195 3219 2440 3287 factionis,
2473 3221 2733 3270 histrioni-

1688 3314 1780 3349 cae.
1840 3300 1992 3350 Unde
2024 3300 2263 3364 colligere
2299 3306 2396 3361 est,
2435 3298 2734 3348 histrionum

1686 3376 2109 3441 quemadmodum
2180 3383 2235 3426 et
2300 3376 2733 3439 quadrigariorum

1687 3453 1941 3505 factiones
1964 3455 2251 3518 appellatas
2273 3451 2451 3515 fuisse,
2468 3453 2533 3502 de
2558 3454 2734 3517 quibus

1686 3529 1821 3580 infra
1856 3532 1909 3580 in
1947 3531 2183 3594 Caligula
2215 3545 2330 3594 cap.
2360 3534 2439 3581 18.
2478 3537 2533 3580 et
2572 3536 2649 3580 55.
2685 3538 2736 3579 et

1688 3606 1899 3656 Nerone
1921 3621 2039 3671 cap.
2061 3612 2143 3661 26.
2241 3658 2244 3663 ,

1750 3693 1772 3720 ²
1806 3685 2165 3750 Dissidebalur]
2219 3685 2412 3736 Eodem
2465 3685 2601 3736 forte
2653 3693 2739 3735 aut

1686 3760 1839 3810 simili
1883 3763 2034 3812 modo
2081 3776 2184 3827 qno
2226 3777 2385 3826 supra
2417 3763 2471 3811 in
2506 3762 2736 3824 Angusto

1686 3845 1901 3901 cap-46.
1968 3839 2248 3889 Dissidium
2290 3838 2545 3902 ejusmodi
2578 3838 2738 3892 Justi-

1684 3916 1821 3965 niani
1856 3930 1967 3966 aevo
1988 3916 2039 3965 in
2065 3922 2262 3965 tantuin
2297 3915 2549 3966 exarsisse
2581 3913 2737 3964 refert

1684 3993 1931 4056 Zonaras,
1950 4001 2090 4043 uteo
2113 3991 2457 4058 quadraginta
2483 3993 2734 4044 hominum

552 4052 806 4103 orientem
828 4055 1019 4113 Solem,
1047 4053 1211 4105 forma
1241 4058 1511 4121 quadrati!-
1534 4060 1608 4108 in·
1691 4070 1851 4119 millia
1879 4067 2198 4119 ceciderint:
2233 4083 2348 4133 quae
2386 4083 2544 4120 causa
2575 4068 2732 4121 susti-

554 4131 837 4190 terportas
859 4130 1163 4199 viminalem
1188 4140 1242 4182 et
1268 4134 1612 4200 Tiburtinam,
1690 4144 1843 4194 niano
1884 4144 2042 4195 fuerit
2083 4143 2336 4194 factiones
2377 4145 2584 4208 penitus
2620 4143 2734 4194 abo·

558 4209 618 4251 nt
641 4201 804 4253 refert
827 4205 1145 4273 onuphrius,
1163 4217 1218 4260 et
1237 4213 1411 4278 colligi
1434 4221 1610 4278 potest
1688 4222 1843 4272 lendi.

555 4292 622 4328 ex
648 4280 854 4331 Nerone
877 4296 991 4347 cap.
1013 4288 1093 4336 48.
1750 4296 1770 4332 f
1785 4297 2217 4371 Pollentinaplebs]
2248 4299 2520 4350 Pollentia
2537 4301 2729 4365 plures;
