3019 4922
1120 373 1121 376 ’
1191 392 1610 446 nauvias.
2384 392 2520 460 235

315 535 600 610 natum)
633 532 795 616 quia
817 533 1066 600 sactum
1089 536 1431 619 quoddam
1457 560 1655 608 suum
1679 542 1975 626 maligno
1999 564 2304 614 sermone
2327 569 2524 634 carp·

316 631 534 711 sisset,
561 636 769 699 tantis
799 638 1154 706 conterruit
1175 645 1207 687 4
1234 641 1457 719 minis,
1489 649 1568 708 ut·
1590 645 1650 709 is
1681 665 1754 711 se
1784 648 2336 730 praecipitaverit.
2424 653 2514 722 Et

315 731 397 811 Q.
429 733 785 815 Gallium,⁰
838 739 1232 821 Praetorem,
1280 744 1352 808 in
1395 745 1616 812 officio
1662 749 2136 818 salutationisd
2181 753 2469 824 tabellas
2494 763 2518 801 ⁵

313 834 614 920 duplices
633 847 659 875 ⁰
701 846 888 907 veste
917 848 1134 918 ‚tectas
1166 852 1521 928 tenentem,
1552 852 1936 936 suspicatus
1981 855 2282 936 gladium
2313 869 2518 923 occu-

312 937 470 1017 lere,
499 961 628 1005 nec
647 943 1021 1028 ‘quicquam
1041 941 1071 982 ⁶
1115 946 1361 1027 statim,
1392 967 1478 1016 ne
1512 953 1695 1017 aliud
1726 954 2150 1037 inveniretur,
2175 979 2389 1026 ausus
2415 961 2520 1027 in·-
2588 1010 2598 1022 ,

312 1042 599 1124 quirere,
630 1046 837 1128 paulo
884 1056 1041 1131 post
1082 1069 1206 1133 per
1236 1049 1676 1119 Centuriones
1728 1064 1795 1121 et
1845 1059 2134 1126 milites⁷
2177 1072 2446 1146 raptum
2476 1084 2515 1127 e

311 1146 655 1226 tribunali,
683 1151 995 1218 servilem
1024 1151 1094 1218 in
1122 1154 1400 1220 modum
1429 1155 1663 1237 torsit,f
1703 1180 1786 1225 ac
1813 1162 2134 1227 fatentem
2164 1166 2331 1232 nihil
2371 1165 2519 1249 jus-

313 1247 400 1311 sit
431 1249 679 1329 occidi,
726 1254 918 1335 prius
949 1255 1167 1320 oculis
1199 1256 1353 1340 ejus
1382 1279 1509 1325 sua
1538 1280 1737 1327 manu
1768 1263 2033 1328 effossis
2060 1265 2121 1329 :⁸
2178 1286 2376 1350 quem
2417 1271 2519 1331 ta-

310 1370 464 1415 men
492 1354 729 1420 scribit
760 1356 1110 1443 colloquio
1141 1361 1354 1443 petito
1384 1362 1773 1431 insidiatum
1802 1368 1960 1446 sibi,
1981 1368 2516 1453 conjectumque

312 1474 354 1517 a
383 1475 460 1518 se
490 1456 565 1520 in
595 1460 997 1540 custodiam,
1050 1463 1292 1529 deinde
1355 1465 1533 1532 Urbe
1565 1469 1918 1535 interdicta
1946 1470 2318 1549 dimissum,
2349 1491 2514 1537 nau-

309 1555 523 1640 fragio
558 1560 668 1624 vel
696 1562 1027 1627 latronum
1055 1566 1326 1631 insidiis
1355 1570 1639 1651 perisse.
1724 1572 2188 1639 Tribuniciam
2221 1582 2519 1659 potesta-

313 1662 490 1723 tem⁸
533 1668 968 1748 perpetuam⁹
998 1667 1281 1752 recepit:
1327 1670 1400 1733 in
1432 1691 1570 1754 qua
1601 1675 1811 1746 semel
1859 1682 2063 1761 atquc
2109 1677 2347 1744 iterum
2398 1697 2519 1762 per

1234 1871 1441 1892 ‘W‘
1444 1873 1592 1893 ’ΝΜ

313 2013 365 2054 et
381 2006 543 2057 Vind.
563 2011 612 2057 2.
640 2009 834 2062 habent
857 2015 1113 2069 Rhedium.
1147 2018 1286 2081 Lips.
1307 2028 1362 2071 et
1384 2022 1616 2085 Ryckius
1636 2023 1701 2073 ad
1723 2024 1853 2073 Tac.
1874 2038 1916 2075 1.
1939 2023 2078 2073 Ann.
2097 2028 2175 2075 10.
2193 2028 2382 2073 vocant
2404 2036 2518 2074 eum

314 2072 511 2121 Sextum
544 2074 757 2127 Tedium.
825 2080 888 2128 In
912 2081 1026 2132 Pal.
1061 2087 1109 2134 1.
1145 2086 1341 2135 Tedium
1361 2086 1558 2152 Μαίη,
1578 2102 1638 2138 ac
1660 2090 1798 2152 conj.
1828 2089 1982 2140 Grut.
2006 2088 2234 2142 Atedium
2257 2089 2521 2166 Asnam-3·-

312 2140 342 2185 4
369 2136 448 2210 {³¹-
467 2141 751 2208 Perlerruil,
773 2143 899 2198 illud
927 2154 1098 2197 tamen
1122 2148 1250 2201 dant
1274 2153 1586 2213 plureslibri
1613 2160 1715 2203 tam
1742 2156 1927 2218 scripti
1946 2169 2093 2219 quam
2116 2154 2265 2204 editi.
2300 2154 2523 2206 Alterutt

315 2200 483 2251 Periz.
516 2204 757 2258 Harlem.
773 2209 908 2259 Edd.
932 2213 1065 2264 Ven.
1091 2220 1138 2265 1.
1161 2216 1304 2265 Med.
1329 2217 1478 2269 Cald.
1547 2220 1688 2269 Dein
1714 2220 1909 2269 Gallum
1929 2220 2085 2269 Vind.
2110 2226 2158 2269 1.
2182 2220 2352 2269 Periz.
2375 2220 2521 2269 Cort.

311 2266 550 2317 Harlem.
574 2270 711 2319 Edd.
733 2287 763 2321 a
784 2275 929 2326 Rom.
954 2279 1023 2329 O.
1042 2281 1198 2348 etiang
1239 2283 1361 2332 Bas.
1395 2290 1532 2345 post.
1565 2284 1654 2334 sed
1693 2286 1907 2334 Gallium
1941 2285 2060 2333 Bas.
2086 2289 2129 2335 1.
2168 2284 2296 2335 Ant.
2320 2285 2525 2349 Gryph.

314 2332 483 2381 Colin.
508 2341 567 2382 et
588 2334 815 2387 alian—5
852 2340 915 2390 In
937 2343 1037 2392 Ed.
1061 2344 1282 2396 Casaub.
1306 2349 1507 2399 tabulas.
1574 2348 1681 2399 Alii
1705 2349 1882 2399 delent
1907 2363 2084 2399 vocem
2118 2358 2254 2400 teste
2280 2350 2443 2399 Gran.
2468 2356 2524 2399 et

314 2396 481 2448 Sci-iv.
503 2400 770 2463 duplicatas
793 2404 940 2456 Cort.
965 2409 1098 2459 Edd.
1123 2412 1268 2461 Rom.
1288 2412 1494 2475 publices
1513 2413 1672 2466 Vind.
1697 2419 1745 2464 1.
1766 2422 1891 2466 veste
1910 2417 2088 2466 exulat
2112 2430 2143 2466 a
2164 2416 2385 2466 Pim-o
2420 2415 2524 2464 Ne-

314 2464 565 2527 quicquam
597 2466 774 2521 Periz.
813 2472 1048 2525 Han-lem.
1087 2476 1222 2527 Edd.
1261 2479 1408 2530 Rom.
1444 2481 1582 2531 Ven.
1620 2487 1666 2532 1.
1697 2482 1846 2532 Junt.
1871 2481 1993 2531 Ald.
2015 2482 2184 2545 Lugd.
2209 2481 2379 2532 Colin.
2399 2479 2524 2556 Bas.

317 2528 621 2595 Cannegiet.
656 2533 720 2582 ad
760 2532 948 2588 Avien.
977 2541 1271 2604 suspicatur
1292 2544 1377 2593 hic
1401 2559 1516 2595 esse
1551 2561 1733 2596 vocum
1769 2547 2154 2610 trajectionem,
2178 2560 2272 2609 pro
2302 2560 2361 2593 ne
2392 2547 2526 2595 alma

344 2593 466 2658 uicq.
536 2597 664 2646 Mox
685 2603 733 2648 et
753 2614 812 2649 ne
831 2602 954 2652 alias
973 2605 1307 2658 Harlem.—7
1345 2610 1655 2661 Centuriones
1691 2611 1898 2661 militum
1930 2611 2064 2660 Edd.
2090 2611 2214 2660 Ant.
2239 2610 2445 2673 Gryph.
2467 2617 2524 2659 et

365 2660 492 2708 lant.
529 2661 656 2711 Mox
671 2663 860 2722 fantem
874 2670 999 2719 nihil
1021 2671 1176 2722 Vind.
1195 2677 1242 2722 1.
1266 2689 1382 2724 cum
1400 2675 1537 2724 Edd.
1558 2691 1645 2740 pp.
1657 2675 1848 2735 fantem
1870 2676 1971 2724 duo
1995 2676 2112 2725 libri
2129 2678 2377 2725 Tam—8
2399 2675 2526 2722 Ocu-

315 2725 383 2772 los
404 2740 443 2773 e.
463 2741 507 2775 s.
528 2741 594 2775 m.
618 2728 794 2793 effusos
814 2732 1028 2784 Memm.
1052 2744 1106 2786 et
1131 2737 1252 2787 inde
1290 2740 1504 2789 Heinsio
1528 2742 1825 2791 emendanti
1844 2740 2012 2805 effusis
2034 2755 2298 2790 assensum
2322 2738 2528 2815 praebet

317 2787 455 2840 Oud.
522 2792 661 2842 Dein
683 2796 942 2848 admissum
963 2801 1160 2853 Medic.
1184 2808 1232 2853 2.
1253 2804 1370 2869 Cuj.
1392 2806 1638 2855 Dunelm.
1663 2807 1785 2856 Pin.
1808 2808 1961 2855 Voss„
2003 2806 2154 2870 Conj.
2174 2807 2363 2880 But-m..
2381 2818 2527 2853 amas-

314 2860 431 2915 tum,
455 2870 577 2905 cum
603 2874 705 2921 quo
738 2860 870 2912 facit
891 2864 1086 2916 Scheff.
1108 2869 1434 2933 distinguens
1458 2871 1533 2921 ita
1554 2888 1567 2918 ε
1600 2872 1876 2934 interdicta,
1894 2870 2117 2921 antissam
2137 2871 2409 2931 naufragae,
2432 2870 2522 2918 vel.

316 2923 411 2966 -9
444 2921 685 2985 Perpetuo
709 2924 864 2978 Huls.
885 2930 1046 2981 Vind.
1069 2937 1120 2984 1.
1143 2949 1204 2984 ac
1219 2937 1460 2999 coaptavit
1481 2937 1680 2988 Medic.
1714 2937 1835 3001 duo,
1868 2936 2022 2986 Vind.
2048 2941 2098 2986 2.
2129 2937 2259 2999 Cop.
2291 2933 2528 3010 Harlem.

320 2981 451 3034 Edd.
473 2987 660 3053 Camp.
677 2990 812 3043 Ven.
835 3001 902 3044 tr.
925 2997 1070 3045 Med.
1089 2999 1123 3050 J
1129 3007 1237 3051 unt.
1256 3000 1379 3054 Ald.
1396 3003 1627 3053 coactavit
1648 3002 1798 3053 Huls.
1832 3003 2002 3069 Supra
2017 3002 2220 3069 perisse,
2236 3008 2296 3052 ut
2318 3014 2527 3065 saepiuS,
2618 3010 2624 3014 ·

1315 3194 1531 3244 NOTAE

314 3295 593 3346 mental-ios
630 3300 946 3364 appellabat,
983 3317 1079 3366 per
1112 3319 1242 3368 qnos
1273 3321 1380 3355 om·
1459 3280 1599 3369 quod
1627 3306 1779 3356 bisin
1803 3322 1861 3357 se
1886 3309 2213 3371 complicatae
2232 3300 2426 3369 forent.
2462 3312 2520 3360 ut

317 3372 397 3423 nia
421 3373 690 3423 domorum
715 3391 904 3428 arcana
923 3380 1250 3444 explorabat.
1460 3380 1735 3431 Turnebus
1774 3383 1866 3433 lib.
1905 3397 2116 3432 xxvm.
2153 3383 2377 3447 Advers.
2409 3397 2526 3446 cap.

379 3459 401 3505 τ
438 3448 504 3499 Α.
530 3451 597 3501 U.
616 3452 677 3501 C.
699 3457 814 3502 731.
1461 3460 1545 3505 32.
1611 3458 1775 3505 Erant
1803 3473 2005 3521 quoque
2033 3459 2289 3523 tripliceS,
2322 3466 2376 3507 et
2407 3474 2529 3523 qua-

379 3533 401 3558 0
437 3527 501 3581 Q.
526 3528 762 3591 Gallium]
801 3529 887 3580 Sic
916 3545 987 3580 ex
1023 3532 1156 3582 MsS.
1191 3533 1380 3583 Casau—
1462 3533 1749 3597 druplices,
1786 3533 2117 3599 &csvidesis
2160 3532 2212 3582 in
2254 3534 2365 3586 Jul.
2408 3548 2527 3597 cap.

318 3599 479 3651 bonus
503 3610 559 3654 et
580 3606 728 3656 Torr.
759 3607 971 3671 vulgati
993 3608 1238 3673 legebant
1259 3609 1379 3659 Gal·
1460 3613 1545 3659 42.
1811 3676 1814 3679 Ι
2099 3674 2104 3681 Δ

316 3677 431 3741 lum.
1528 3683 1549 3717 f
1564 3685 1793 3737 Servilem
1809 3687 1860 3734 in
1876 3687 2059 3735 modum
2075 3682 2241 3746 torsit]
2261 3684 2528 3747 Tanquam

382 3753 406 3787 ‘¹
443 3757 611 3821 Officio
659 3761 984 3827 salutationis]
1045 3763 1164 3813 Mos
1213 3770 1380 3823 vetus,
1459 3753 1679 3813 crimine
1718 3762 2010 3825 majestatis
2048 3774 2223 3810 reum:
2256 3759 2353 3808 hoc
2390 3760 2527 3810 enim

319 3834 604 3891 praesertim
628 3835 724 3885 snb
748 3828 1165 3902 imperatoribus,
1197 3847 1380 3891 utnon
1460 3847 1665 3903 tantum
1706 3854 1830 3890 casu
1869 3837 2087 3888 liberum
2125 3834 2384 3886 hominem
2424 3843 2530 3886 tor·

322 3904 386 3953 ad
422 3908 670 3973 principis
699 3913 869 3976 modo,
903 3914 993 3963 sed
1025 3915 1090 3964 ad
1123 3919 1381 3980 potentio·
1460 3916 1612 3980 queri
1637 3915 1714 3965 fas
1738 3919 1871 3977 erat,
1895 3920 1950 3962 et
1973 3911 2207 3961 omnibus
2231 3926 2382 3976 aequa
2406 3927 2528 3963 con-

326 3994 431 4032 rum
475 4001 681 4053 quoque
726 3988 866 4037 aedes
909 4005 1061 4040 mane
1105 3993 1380 4044 salutatum
1463 3993 1593 4042 ditio
1624 4000 1759 4056 erat,
1790 3997 1851 4041 ut
1886 3997 2033 4063 patet
2067 4002 2133 4038 ex
2171 3987 2262 4037 lib.
2291 4001 2372 4038 xv.
2398 3989 2528 4042 eod.

325 4055 469 4123 irent,
505 4063 640 4112 unde
666 4065 897 4114 Martial.
923 4068 938 4094 ‘
960 4068 1136 4119 Prima
1158 4072 1381 4122 salutan·
1457 4072 1526 4127 ad
1548 4073 1717 4135 legem
1739 4071 1932 4122 Juliam
1957 4068 2260 4132 majestati&

324 4138 400 4187 *tes
422 4144 573 4202 atque
601 4140 772 4191 altera
794 4144 1028 4193 continet
1053 4146 1212 4197 hora!
1521 4159 1545 4194 s
1590 4149 1912 4217 Tribuniciam
1947 4144 2252 4211 potestatem]
2296 4146 2528 4208 Impera-

386 4218 407 4243 θ
441 4215 651 4265 Tabellas
687 4218 920 4281 duplices]
948 4216 1062 4269 ‘Vel
1103 4238 1133 4270 a
1169 4238 1381 4274 numero
1462 4236 1603 4280 tores
1627 4226 2206 4279 Roliiani'sribuniciam
2231 4224 2329 4275 sibi
2355 4231 2526 4288 potes-

326 4281 573 4358 sonorum,
619 4300 682 4343 nt
724 4301 905 4346 censet
944 4297 1249 4365 Beroaldus,
1296 4303 1378 4351 vel
1462 4312 1628 4357 tatem
1669 4319 1871 4356 sumere
1916 4309 2320 4363 consueverant,
2366 4306 2424 4348 ut
2462 4313 2525 4348 ea
