3019 4922
456 365 501 425 4
1148 367 1295 414 ssu
1307 326 1972 432 McAR'rEN-cnusu

461 525 634 596 sent,
667 522 739 581 ut
764 511 1165 596 arrogantiae
1193 510 1333 573 fere
1355 506 1710 580 videretur,
1734 501 2018 567 subinde
2039 499 2109 564 in
2138 499 2469 563 diversam
2499 510 2651 558 sen-

462 624 731 687 tentiam
766 616 1101 703 judicare,
1147 607 1690 696 importunitatis,
1742 604 2031 688 vestigia
2067 621 2299 666 eorum
2330 597 2550 682 sequi,
2584 601 2655 659 et

460 727 700 793 melius
719 721 865 805 jam
897 716 1216 800 exposita
1247 720 1490 797 praeter
1516 709 1988 774 necessitatem
2014 712 2350 789 repetere;
2397 699 2655 785 perspi-

464 830 744 904 ciebam,
789 829 1106 906 quantam
1140 814 1512 899 argumenti
1545 813 1828 877 varietas
1855 830 1989 874 non
2028 806 2325 872 historiae
2371 809 2656 881 tantum,

453 930 584 1013 ‚sed
616 927 834 993 omnis
868 925 1027 988 vitae
1060 920 1284 1004 reique
1313 917 1796 989 Romanorum,
1826 932 1978 978 cum
2010 908 2303 992 publicae
2347 915 2490 971 tum
2527 906 2661 988 pri-

466 1038 667 1110 vatae,
708 1027 1072 1113 requireret
1116 1020 1608 1104 cognitionem3
1650 1016 1829 1081 haud
1869 1011 2227 1078 mediocris
2261 1009 2545 1092 denique
2588 1007 2661 1072 in

465 1140 731 1218 promtu
764 1136 906 1195 erat
936 1145 1249 1192 numerus
1276 1123 1609 1199 locorum,
1652 1119 1724 1184 in
1772 1117 2021 1202 q‘uibus
2066 1117 2174 1179 vel
2216 1111 2489 1178 residua
2512 1116 2665 1174 tex·

466 1245 575 1301 tus
601 1231 1004 1317 corruptela,
1050 1226 1155 1291 vel
1192 1245 1409 1290 rerum
1439 1225 1739 1305 ipsarum
1769 1218 2121 1283 difficultas
2153 1232 2392 1279 vanam
2433 1212 2664 1277 hacte-

466 1358 593 1402 nus
625 1337 911 1401 aliorum
943 1350 1214 1416 operam
1247 1327 1671 1393 reddidisset.
1735 1321 2150 1397 Accedebat,
2173 1317 2356 1403 quod
2379 1334 2482 1387 ea,
2512 1334 2664 1399 quae

469 1459 559 1503 ex
588 1439 784 1503 novis
814 1434 1162 1511 subsidiiS,
1211 1431 1558 1497 codicibus
1599 1427 1894 1492 nondum
1924 1420 2357 1506 comparatiS,
2402 1418 2669 1501 alioque

467 1560 646 1604 nunc
675 1540 957 1624 primum
991 1537 1058 1600 in
1087 1535 1309 1600 lucem
1357 1533 1540 1597 edito
1588 1532 1943 1612 apparatu,
1989 1521 2346 1606 singularis
2374 1538 2527 1582 esse
2557 1536 2670 1581 so-

469 1643 566 1707 let
593 1639 1074 1706 recentissimis
1109 1635 1539 1716 ,editionibus
1587 1629 2103 1705 commendatio,
2147 1629 2396 1688 nostrae
2426 1620 2670 1685 deesse

470 1745 613 1808 fere
643 1743 1010 1807 videbatur.
1067 1739 1223 1815 Sed,
1251 1744 1331 1802 ut
1358 1736 1500 1800 fieri
1532 1734 1735 1812 solet,
1767 1731 2027 1808 eadem,
2052 1747 2203 1811 quae
2236 1741 2521 1790 avocare
2554 1719 2675 1785 de·

469 1846 725 1911 bebant
746 1863 793 1908 a.
814 1843 1071 1918 labore,
1095 1838 1567 1922 impedimenta
1586 1833 2006 1919 praecipuum
2028 1829 2113 1894 ad
2143 1822 2679 1910 aggrediendum

473 1948 637 2013 mihi
669 1945 1107 2010 admoverunt
1133 1941 1502 2018 stimulum,
1554 1938 1664 2003 ita
1699 1941 1945 2011 tamen,
1977 1938 2073 2010 ut,
2101 1947 2273 2014 quos
2301 1926 2680 2008 scripserat

471 2049 721 2114 librarii
755 2046 1137 2122 consilium,
1165 2043 1353 2121 fines,
1392 2062 1478 2106 ne
1508 2057 1965 2123 supervacuus
1995 2041 2219 2100 noster
2247 2035 2429 2095 esset
2456 2029 2677 2104 labor,

475 2150 837 2217 admodum
868 2147 1290 2213 excedendos
1335 2143 1813 2208 existimarem.
2428 2162 2436 2168 ·

562 2253 830 2335 ltaque,
880 2270 1032 2315 cum
1065 2248 1492 2317 Fleischerus
1527 2243 1827 2308 maxima
1852 2239 2201 2314 facilitate,
2254 2232 2444 2299 nullo
2471 2226 2680 2296 modo

479 2376 553 2420 se
582 2352 1242 2436 circumscriptarum
1273 2350 1568 2413 rationes
1596 2352 1883 2420 nostras,
1918 2345 2399 2414 asseverasset,
2430 2342 2511 2399 et
2538 2352 2682 2417 gra-

476 2459 737 2524 vissimi
773 2457 923 2534 viri,
970 2474 1257 2538 quorum
1294 2451 1628 2535 judicium
1670 2447 2022 2531 explorare
2060 2443 2328 2518 licebat,
2373 2442 2686 2505 auctores

477 2561 879 2636 extitissent,
926 2557 1184 2623 accessi
1230 2555 1318 2620 ad
1348 2574 1507 2631 rem,
1538 2552 1644 2615 his
1676 2549 2102 2634 potissimum
2132 2544 2396 2627 legibus
2428 2542 2718 2608 consti?

476 2664 669 2740 tutis,
714 2670 788 2728 ut
833 2667 1090 2726 textum
1144 2658 1233 2723 ad
1280 2652 1991 2740 praestantissimarum
2040 2648 2403 2713 editionum
2451 2645 2695 2722 iidem,

470 2765 939 2846 criticumque,
988 2782 1185 2845 quem
1232 2759 1569 2835 exhibent,
1616 2760 2037 2839 apparatum,
2069 2770 2270 2835 quam
2299 2749 2689 2815 castissime

481 2864 1206 2951 possem,.reddendum
1231 2880 1556 2936 curarem,
1585 2855 2125 2922 commentarium
2151 2852 2455 2918 historiae
2477 2850 2687 2918 maxi-

479 2988 588 3032 me
617 2969 922 3052 ipsisque
946 2967 1146 3031 rebus
1174 2985 1264 3029 ex
1295 2964 1447 3028 aliis
1476 2958 1926 3026 monumentis
1957 2955 2365 3021 illustrandis
2392 2955 2691 3021 destina-

482 3090 644 3147 rem,
675 3070 937 3134 clavem
967 3068 1259 3152 denique
1284 3065 1714 3151 adjungerem
1734 3061 1844 3125 vel
1868 3062 2283 3144 glossarium,
2302 3058 2493 3141 quod
2515 3058 2691 3121 ultra

476 3172 778 3255 vulgaris
826 3171 1090 3235 indicis·
1117 3169 1407 3244 modum,
1457 3168 1529 3230 in
1577 3164 1850 3230 uberius
1888 3160 2291 3246 explicanda
2322 3160 2694 3236 Latinitate

482 3293 749 3356 usuque
781 3272 1050 3336 dicendi
1074 3291 1230 3336 cum
1252 3269 1617 3345 communi,
1642 3275 1784 3331 tum
1810 3266 2046 3331 Nostri
2068 3271 2464 3330 versaretur.
2508 3260 2691 3325 Emi-

484 3384 655 3439 nent
682 3380 904 3463 autem
945 3375 1120 3438 inter
1149 3373 1511 3456 superioris
1542 3368 1779 3434 soeculi
1808 3368 2133 3432 editiones
2166 3373 2325 3442 tres,
2361 3366 2690 3429 Burman-

486 3477 714 3554 niana,
763 3475 1353 3559 Oudendorpiana,
1401 3481 1469 3538 et
1518 3472 1946 3545 Ernestiana,
1995 3491 2037 3536 a
2077 3468 2334 3535 Wolfio
2379 3468 2689 3550 repetita,
2715 3535 2724 3540 ,

380 3631 385 3638 ,
488 3578 608 3643 sed
637 3579 743 3642 ita
765 3577 1037 3641 diverso
1061 3576 1342 3641 consilio
1372 3576 1733 3653 institutae,
1755 3578 1830 3637 ut
1855 3572 2186 3637 diversum
2209 3570 2411 3634 etiam
2436 3586 2691 3646 eorum,

492 3680 610 3764 qui
638 3686 927 3748 utuntur.
945 3679 1051 3755 iis,
1075 3677 1409 3762 judicium
1436 3677 1795 3759 requirant.
1872 3672 2040 3738 Cum
2064 3672 2240 3735 enim
2263 3670 2690 3735 Burmannus

492 3782 1036 3864 copiosissimam
1083 3781 1613 3855 annotationum,
1662 3796 1838 3860 quas
1880 3774 2182 3859 superior
2211 3778 2691 3857 aetas-pepere-

489 3890 619 3959 rat,
640 3884 903 3965 sylvam
934 3902 1060 3946 suo
1093 3882 1336 3967 suique
1360 3880 1688 3964 temporis
1716 3898 1899 3943 more
1928 3879 2118 3959 larga
2145 3895 2345 3940 manu
2367 3875 2691 3953 dedisset,

490 3984 825 4048 successit
854 3982 1391 4067 Oudendorpius,
1436 3983 1746 4066 princeps
1779 3979 1911 4043 sere
1940 3979 2114 4044 inter
2149 3979 2446 4042 Batavos
2475 3978 2542 4041 in
2572 3971 2693 4041 eli*-

495 4084 759 4149 mandis
793 4085 1175 4149 Latinorum
1204 4085 1674 4162 monumentiS,
1706 4088 2112 4165 secutusque
2138 4081 2413 4165 quidem
2433 4073 2694 4145 Graevii

498 4192 566 4251 et
594 4186 1083 4254 Gronoviorum
1115 4187 1422 4270 vestigia,
1455 4194 1643 4254 tanta
1674 4184 1991 4252 excelluit
2030 4184 2103 4249 in
2142 4181 2491 4259 subsidiis,
2538 4198 2692 4264 quse
