3019 4922
1183 371 1579 476 ocrsvi-us.
2343 418 2474 486 2207

297 569 691 654 factumque
750 567 894 652 ejus
954 566 1401 647 criminantur,
1447 571 1642 653 'quasi
1699 571 2028 640 classibus
2084 563 2482 660 tempestate

296 673 581 756 perditis
612 670 1114 747 exclamaverit,
1159 673 1179 704 ‘
1205 671 1410 742 etiam
1437 671 1648 740 invito
1683 673 2001 759 Neptuno
2031 677 2371 750 victoriam
2399 699 2475 746 se

294 772 730 860 adepturum:
778 794 859 844 ac
903 774 1012 842 die
1042 774 1498 842 Circensium?
1541 777 1849 858 proximo
1902 761 2157 844 solenni
2207 800 2476 865 pompae

294 878 766 945 simulacmm²
795 879 963 944 Dei⁷
991 878 1376 944 detraxerit.
1442 878 1509 946 N
1518 898 1597 942 ec
1625 884 1862 948 temere
1881 881 2082 965 'plura
2113 902 2192 949 ac
2222 884 2475 968 maiora

290 981 592 1064 pericula
612 981 750 1048 ullo
776 981 908 1048 alio
937 979 1115 1050 bello
1141 980 1327 1066 adiit.
1371 979 1686 1064 Trajecto
1717 982 1787 1047 in
1819 982 2122 1052 Siciliam
2148 988 2469 1066 exercitu,

194 1137 198 1143 Α
292 1103 441 1148 cum
474 1089 730 1168 partem
757 1082 1081 1168 reliquam
1110 1081 1457 1163 copiarum
1501 1081 1865 1152 continenti
1888 1084 1913 1122 ⁸
1956 1090 2299 1170 repeteret,
2353 1110 2473 1174 op-

290 1205 569 1269 pressus
600 1205 691 1250 ex
715 1183 1079 1268 improviso
1111 1202 1155 1247 a
1197 1182 1620 1248 Demochare
1664 1191 1731 1249 et
1757 1183 2260 1271 Apollophane,
2304 1212 2477 1275 prae-

291 1288 486 1354 fectis
521 1288 850 1372 Pompeii,
879 1307 1011 1353 uno
1042 1285 1306 1351 demum
1331 1286 1595 1368 navigio
1623 1290 1961 1370 aegerrime
1994 1290 2245 1375 effugit.
2335 1295 2475 1360 Ite-

289 1398 490 1470 rum‚⁹
534 1409 688 1455 cum
716 1397 957 1474 praeter
985 1389 1239 1454 Locros
1269 1387 1602 1471 Rhegium
1622 1398 1648 1425 ²
1691 1390 1974 1474 pedibus
2012 1393 2164 1472 iret,
2208 1401 2276 1461 et
2320 1417 2473 1481 pro·

292 1493 548 1576 spectis
603 1490 998 1558 biremibusb
1056 1489 1486 1574 Pompeianis
1538 1496 1776 1557 terram
1827 1493 2250 1577 legentibus,c
2306 1485 2465 1563 suas

292 1602 506 1674 ratus,
527 1594 974 1662 descendisset
994 1594 1080 1662 ad
1099 1594 1311 1672 littus,
1333 1613 1522 1677 paene
1545 1606 1869 1679 exceptus
1891 1604 2021 1662 est.
2063 1598 2251 1663 Tunc
2273 1600 2473 1665 etiam

291 1719 423 1783 per
473 1697 708 1764 devios
752 1698 1051 1764 tramites
1105 1696 1540 1778 refugientem
1562 1705 1614 1735 ¹0
1658 1716 1888 1763 servus
1934 1698 2191 1764 AEmilii
2248 1699 2472 1780 Pauli,

1202 1885 1565 1910 eonomine

291 2041 622 2093 desideratur
644 2044 695 2093 in
721 2044 945 2107 Cop.—⁷
981 2044 1170 2094 Deinde
1206 2049 1334 2093 trax.
1375 2043 1588 2093 Memm.
1622 2044 1835 2092 detraxit
1867 2042 2034 2092 Periz.
2068 2042 2301 2094 Harlem.
2336 2045 2471 2099 Edd.

282 2109 422 2157 ⁸Ven.
440 2109 576 2157 Bon.
599 2108 748 2158 eald.
771 2109 914 2161 Med.
938 2108 1137 2173 Gryph.
1156 2115 1210 2157 et
1234 2109 1523 2173 plures.-8
1558 2108 1665 2157 Pro
1688 2109 1785 2158 hac
1807 2107 2027 2157 lectione
2047 2117 2186 2159 stant
2209 2125 2342 2160 omn.
2365 2111 2476 2163 fere

198 2176 205 2181 ‘
290 2173 445 2222 codd.
466 2169 867 2237 suffragantibus
889 2174 1055 2224 Gron.
1074 2173 1228 2224 Wolf.
1255 2173 1469 2235 Baumg.
1489 2172 1579 2221 sed
1606 2173 1656 2221 in
1678 2174 1781 2222 Ms.
1808 2172 1985 2223 Ursini
2008 2183 2062 2223 et
2087 2173 2183 2223 Ed.
2206 2175 2271 2225 R.
2292 2176 2472 2241 Steph.

295 2244 540 2287 exaratur
555 2254 662 2287 cum
679 2240 743 2287 ad
761 2254 812 2302 p.
833 2255 877 2288 r.
897 2254 942 2288 c.
961 2239 1272 2288 continentem
1293 2253 1336 2285 r.
1360 2236 1612 2301 probante
1638 2237 1859 2287 Casaub.
1890 2246 1945 2288 et
1967 2238 2017 2286 in
2043 2245 2236 2287 textum
2262 2254 2473 2305 recepe-

296 2310 412 2352 runt
432 2303 609 2352 Graev.
631 2304 811 2353 Bnrm.
828 2318 890 2354 ae
909 2304 1097 2353 Pitisc.
1135 2303 1307 2352 Etiam
1330 2303 1517 2365 Copes.
1539 2305 1851 2364 continentem
1873 2303 2050 2367 habet,
2071 2303 2160 2352 sed
2185 2305 2377 2355 omittit
2396 2310 2477 2356 ad.

297 2366 476 2417 Heius.
497 2368 725 2418 malebat
746 2383 772 2418 e
792 2368 1050 2419 continenti
1071 2368 1154 2417 vel
1174 2368 1227 2415 in
1247 2367 1581 2428 continentem,
1606 2368 1746 2417 Ond.
1766 2384 1807 2417 c.
1826 2383 1877 2431 p.
1900 2383 1947 2418 r.
1970 2383 2014 2417 c.
2035 2366 2095 2417 ab
2115 2370 2397 2429 continente,
2419 2382 2475 2421 et

296 2432 416 2482 Ern.
450 2432 508 2481 ob
537 2439 724 2498 partem
750 2448 797 2484 r.
831 2450 874 2484 c.
941 2433 1182 2483 Ceterum
1207 2432 1354 2482 deest
1375 2446 1480 2481 cum
1504 2432 1839 2484 Harlem.—9
1872 2433 1996 2482 Item
2032 2432 2262 2483 Harlem.
2293 2436 2471 2486 Periz.

297 2497 424 2548 Edd.
446 2500 585 2548 Ven.
605 2500 737 2549 Bon.
759 2499 924 2563 Lngd.
942 2499 1064 2549 Bas.
1087 2505 1144 2547 et
1163 2513 1299 2547 omn.
1322 2505 1517 2562 proeter
1537 2498 1715 2561 Stepb.
1732 2506 1787 2547 et
1812 2498 2142 2561 recentiores,
2170 2515 2283 2562 quae
2301 2501 2475 2551 iterum

294 2576 478 2625 magno
501 2564 906 2614 membranarum
930 2577 1176 2613 consensu
1199 2562 1460 2613 exhibent.
1494 2563 1623 2612 Mox
1639 2562 1821 2613 suadet
1842 2564 2006 2613 Boxh.
2031 2563 2299 2626 legendum
2323 2565 2475 2614 inter-

294 2633 450 2690 ceptus
473 2643 570 2692 pro
591 2633 956 2692 exceptum—10
990 2628 1279 2689 Retitgiente
1302 2628 1460 2678 Fouc.
1526 2627 1653 2676 Tum
1680 2628 1835 2676 vellet
1858 2628 2098 2677 Schottus
2128 2626 2257 2678 Obs.
2281 2641 2367 2678 ιιι.
2391 2635 2472 2681 15.

282 2692 641 2757 reponendum
669 2699 919 2757 patronum
954 2695 1068 2744 loco
1103 2693 1190 2741 τοῦ
1220 2697 1426 2757 patrem,
1458 2691 1864 2757 repugnantibus
1884 2692 2137 2744 Berneec.
2161 2699 2216 2742 et
2239 2693 2475 2745 Perizon.

1271 2886 1486 2939 NO'l-'AE

295 3029 435 3073 ortus
478 3024 615 3080 loco,
647 3029 706 3073 nt
740 3022 815 3074 ait
850 3023 1079 3081 Tacitus,
1115 3029 1173 3074 et
1208 3020 1343 3073 infra
1420 2998 1516 3072 rai.
1582 3017 1833 3082 Rhegium
1858 3029 1980 3067 vero
2002 3014 2158 3066 etiam
2182 3016 2387 3079 Reggio,
2420 3018 2471 3068 in

297 3100 458 3164 Calig-
488 3115 536 3150 c.
572 3103 655 3151 23.
688 3100 706 3130 ‘
726 3100 929 3153 virtutis
953 3099 1159 3163 tamen,'
1191 3106 1249 3148 nt
1268 3096 1343 3148 ait
1421 3111 1515 3146 ora
1532 3094 1802 3147 veterior-is
1822 3092 2095 3148 Calabria,
2128 3098 2312 3145 contra
2330 3093 2471 3145 Mes-

295 3177 542 3234 Velleius,
564 3180 580 3207 ‘
592 3176 932 3242 nobilissimae,
948 3178 1144 3240 labore,
1155 3176 1344 3241 vigilia,

294 3255 523 3318 periculo
571 3254 812 3320 invictus,
858 3254 1198 3320 parendique‚
1248 3251 1339 3307 sed

297 3331 400 3395 nni,
443 3330 829 3394 scientissimus,
872 3332 985 3382 aliis
1024 3345 1148 3382 sane
1183 3329 1342 3395 impe·

298 3407 440 3456 randi
458 3407 697 3473 cupidus,
719 3414 776 3459 et
795 3421 890 3473 per
906 3406 1074 3458 omnia
1096 3412 1246 3457 extra
1267 3406 1342 3458 di-

296 3483 512 3534 lationes
553 3485 770 3548 positus,
816 3483 1162 3548 consultisque
1201 3481 1343 3534 faeta

296 3560 648 3625 conjungens,’
667 3564 766 3612 διο.

357 3642 380 3677 1
416 3636 731 3702 Circensium]
776 3636 1049 3700 Ludorum,
1071 3636 1135 3686 de
1157 3635 1340 3700 quibus

295 3711 347 3760 in
363 3712 471 3763 Jnl.
487 3727 535 3762 c.
551 3716 633 3762 39.
1021 3744 1025 3750 —

367 3794 388 3818 ²
419 3786 759 3852 Simulacrum]
809 3789 1033 3839 Deorum
1071 3787 1341 3840 simulacra

296 3860 457 3926 bajuli
493 3862 737 3914 ferebant
775 3863 831 3917 in
868 3864 1097 3916 circensi
1135 3875 1339 3928 pompa.

298 3936 357 3985 In
378 3938 485 3990 Jul.
509 3937 640 3988 ibid.

357 4021 382 4048 ⁸
408 4015 585 4064 locros
602 4015 855 4079 Rhegiurn,
877 4016 985 4080 qa]
1013 4014 1114 4069 Illa
1132 4013 1340 4076 Msgnae

297 4090 547 4152 qnondam
570 4090 795 4141 Graeciae
827 4091 1029 4148 civitas,
1058 4105 1090 4140 a
1119 4091 1342 4140 Locren·

297 4164 430 4217 sibus
455 4165 666 4216 Achaiae
688 4167 893 4230 populis
922 4166 974 4217 in
996 4181 1087 4218 ora
1108 4165 1336 4217 condita.

296 4240 473 4307 Virgil.
495 4255 583 4292 ιιι.
624 4241 826 4292 AEneid.
859 4244 876 4272 ‘
902 4242 1006 4293 Hie
1039 4247 1095 4292 et
1127 4240 1342 4304 Narycii

295 4324 577 4380 posuerunt
597 4319 786 4369 moenia
805 4318 992 4370 Locri-⁹
1037 4317 1208 4369 Hodie
1227 4316 1344 4366 Gie-

1416 3186 1613 3224 sanam.

1481 3249 1506 3284 b
1540 3245 1838 3309 Birentibus]
1874 3245 2031 3299 Binos
2063 3245 2371 3299 habentibus
2393 3262 2471 3297 re-

1419 3340 1614 3377 morum
1641 3324 1848 3389 gradus,
1881 3324 1957 3374 ita
1974 3329 2035 3373 ut
2059 3324 2308 3387 remigum
2336 3325 2473 3375 ordi·-

1417 3416 1514 3455 ues
1536 3402 1752 3464 intelligi
1780 3415 1882 3450 non
1918 3400 2141 3451 debeant
2176 3401 2229 3449 in
2263 3402 2471 3465 longum

1418 3478 1665 3543 porreeti,
1695 3476 1785 3526 sed
1819 3477 1872 3526 iu
1910 3477 2069 3526 altum
2106 3476 2363 3539 dispositi,
2396 3477 2472 3526 sic

1420 3561 1479 3606 nt
1496 3556 1630 3605 alter
1653 3553 2065 3617 alterosuperior
2085 3552 2313 3610 sederet,
2337 3553 2470 3603 bire-

1419 3646 1529 3682 mes
1568 3637 1740 3681 autem
1775 3636 1829 3679 et
1860 3642 2177 3681 monor-emes
2200 3630 2472 3693 exploran-

1418 3705 1500 3756 dis
1543 3705 1798 3755 duntaxat
1835 3703 2088 3759 hostibus,
2126 3708 2218 3751 ant
2259 3703 2471 3767 agendis

1417 3783 1648 3834 excubiis
1682 3780 1953 3846 adhibitas,
1981 3779 2259 3829 Salmasius
2295 3779 2475 3830 existi-

1418 3867 1545 3911 mat.

1483 3941 1506 3968 ‘²
1543 3932 1854 3996 Legentibus]
1911 3930 2195 3981 Nauticum
2238 3931 2469 3983 verbum.

1419 4010 1605 4075 virgil.
1629 4009 1831 4060 AEneid.
1864 4009 1880 4036 ⁸
1899 4006 2207 4072 Litteraque
2231 4007 2376 4072 Epiri
2398 4009 2474 4058 le-

1423 4085 1624 4150 gimus.'
1651 4087 1850 4149 Legere
1866 4083 2061 4149 qnippe
2076 4084 2246 4134 nautis
2257 4091 2473 4149 preter-

1421 4165 1500 4215 ire
1537 4169 1635 4225 est,
1665 4162 1801 4229 qnod
1841 4162 1962 4212 dum
1994 4175 2179 4226 aspera
2200 4154 2316 4213 locs
2339 4176 2472 4226 prae-

1421 4236 1648 4303 termut,
1665 4242 1856 4304 legere,
1879 4239 1976 4292 hoc
1992 4245 2092 4304 est,
2106 4239 2367 4303 colligere,
2383 4252 2472 4288 ve-

1421 4319 1475 4369 la
1497 4323 1893 4368 consueverunt.
