3019 4922
458 379 546 442 92
1321 395 1380 439 o.
1428 392 1783 440 suuromi

462 539 792 604 sestertiis
821 546 890 604 et
919 539 1164 603 annulo
1198 543 1448 616 aure0‚³
1478 557 1733 602 sessum
1768 539 1834 603 in
1867 539 2398 624 quatuordecimz
2441 559 2476 602 e
2509 559 2653 603 sce-

410 635 417 642 ’
462 650 596 706 na·
643 659 762 727 per
791 642 1201 707 orchestram
1225 639 1251 678 ¹³
1290 642 1605 706 transiit.⁴
1689 641 2142 721 CircensibuS‚
2176 643 2402 728 spatio
2435 641 2654 707 Circi‘·

462 745 554 811 ab
594 750 872 829 utraque
915 751 1102 829 parte
1143 744 1517 829 product0,⁵
1567 751 1634 809 et
1682 746 1748 809 in
1794 767 2024 830 gyrum
2070 746 2325 829 Euripo
2373 740 2653 822 addito,‘¹

1381 927 1707 950 ‘natm
1713 932 1741 951 0

464 1049 585 1098 Bas.
650 1047 745 1095 Est
803 1044 1110 1094 deleverunt
1152 1044 1305 1095 Torr.
1352 1061 1414 1095 ac
1460 1045 1703 1109 Lips.--4
1761 1048 1894 1097 Haec
1944 1046 2100 1097 lectio
2131 1047 2352 1096 debetur
2393 1043 2657 1105 Turnebo‚

458 1115 627 1163 Pulm.
648 1113 797 1161 Torr.
820 1118 873 1160 et
898 1125 1041 1176 seqq.
1110 1110 1286 1161 Antea
1310 1112 1461 1174 vulgo
1485 1113 1738 1162 edebatur
1768 1128 1906 1162 scena
1922 1129 2008 1176 per
2026 1115 2194 1162 solium
2212 1112 2494 1161 orchestram
2515 1116 2578 1160 tr.
2604 1121 2659 1159 et

459 1180 537 1229 ita
558 1178 762 1226 viterb.
785 1177 897 1225 Pal.
923 1181 970 1227 1.
996 1192 1056 1226 ac
1080 1177 1183 1224 alii.
1249 1176 1380 1226 Inde
1404 1178 1610 1241 legebat
1634 1179 1851 1227 Ursinus
1875 1179 1926 1227 in
1950 1179 2106 1228 XIV.
2127 1179 2318 1241 podium
2338 1192 2364 1226 e
2382 1192 2539 1237 scena,
2562 1175 2651 1224 sed

458 1244 627 1293 solium
650 1257 750 1292 non
774 1249 1061 1306 agnoscunt
1084 1242 1259 1305 prima».
1286 1243 1418 1293 Edd.
1443 1258 1542 1291 nec
1576 1244 1719 1293 Med.
1747 1249 1791 1293 1.
1849 1244 2041 1293 Carent
2065 1244 2219 1292 etiam
2247 1242 2611 1307 praepositione
2631 1256 2658 1289 e

461 1309 659 1359 Medic.
685 1322 881 1367 omues,
905 1309 1046 1357 Cort.
1071 1308 1303 1357 Harlem.
1329 1310 1477 1357 Voss.
1498 1310 1615 1358 Pal.
1638 1318 1761 1370 tres,
1779 1310 1964 1373 Copes.
2001 1310 2171 1358 Pei-iz.
2196 1308 2330 1357 Edd.
2353 1309 2500 1358 Rom.
2521 1307 2655 1356 Veu.

461 1373 611 1426 Junt.
653 1374 774 1424 Ald.
843 1373 1019 1422 Habet
1057 1374 1192 1422 Bon.
1229 1373 1281 1422 in
1317 1379 1448 1437 quat.
1484 1389 1675 1425 scamna
1708 1390 1796 1439 per
1825 1376 1952 1424 orch.
1987 1374 2123 1440 quod
2159 1374 2484 1423 commendat
2520 1373 2655 1434 Bap.

465 1440 593 1489 Pius
613 1447 665 1488 et
688 1440 807 1491 Jae.
831 1440 1074 1488 Cruceus.
1113 1439 1282 1487 Boxh.
1306 1440 1559 1489 divinavit
1609 1446 1789 1504 pra-ter
1808 1443 2016 1499 solitum,
2039 1448 2092 1489 et
2120 1440 2259 1491 Oud.
2277 1454 2428 1488 seenae
2443 1454 2532 1502 per
2550 1440 2658 1501 pal-

458 1506 632 1569 picum,
653 1505 782 1554 oreli-
802 1509 896 1556 ἐπ’
937 1505 1179 1568 Denique
1210 1505 1410 1567 praebet
1451 1506 1612 1556 Fouc.
1642 1521 1727 1570 per
1745 1512 1873 1569 quat.
1902 1511 2094 1555 senatus
2107 1522 2193 1569 per
2213 1506 2439 1554 arche-5
2480 1504 2663 1554 Heius.

1459 1656 1507 1705 N
1517 1655 1673 1706 01*AE

464 1767 601 1816 enim
625 1782 808 1817 nomen
846 1767 1022 1826 habet,
1042 1772 1296 1834 μιμεῖσθαι,
1317 1770 1518 1820 imitari.

464 1844 715 1894 Laberius
759 1846 845 1895 ille
888 1846 984 1896 hoc
1029 1862 1221 1911 genere
1268 1848 1555 1912 poematis·

464 1917 733 1987 excelluit,
765 1925 980 1990 ejusque
1007 1942 1203 1991 versus,
1224 1928 1405 1993 quibus
1428 1943 1519 1978 ex-

462 2008 610 2050 cusat
642 1999 838 2051 factum
872 2002 1039 2065 ipsum
1064 2003 1128 2052 de
1160 2019 1263 2068 quo
1290 2003 1376 2053 hic
1414 2005 1518 2069 agi·

1602 1771 1679 1821 vit
1712 1786 1802 1834 per
1833 1772 2169 1829 orchestram,
2191 1768 2274 1833 qui
2299 1769 2441 1817 locus
2477 1768 2656 1818 Scenae

1601 1848 1884 1912 proximuS,
1905 1857 1962 1896 ut
2001 1845 2122 1896 inde
2152 1844 2204 1893 in
2231 1848 2308 1894 14.
2343 1845 2658 1909 equestrium

1600 1927 1828 1976 locorum
1847 1923 2036 1987 gradus
2061 1921 2385 1980 ascenderet,
2404 1921 2474 1969 ibi
2495 1936 2659 1992 sessuf

1600 2018 1708 2067 rus,
1730 1989 1780 2052 in
1816 2003 2014 2066 siguum
2048 1999 2339 2064 recuperati
2372 1998 2578 2048 lionoris
2610 1991 2663 2047 et

461 2083 565 2138 tur,
591 2084 776 2128 extant
814 2079 952 2143 apud
991 2081 1310 2131 Macrobium
1341 2080 1520 2130 Satur-

463 2153 568 2201 nal.
589 2154 680 2204 lib.
704 2168 769 2204 tt.
794 2171 837 2203 c.
861 2161 911 2206 7.
940 2157 1293 2220 planipedium
1316 2172 1520 2223 quoque

461 2229 643 2279 dixere
687 2232 942 2283 mimicum
965 2233 1159 2297 ‘poema
1193 2236 1327 2299 quod
1371 2235 1519 2283 nudis

462 2307 684 2370 pedibus
716 2317 930 2372 agerent
956 2311 1112 2372 mimi,
1134 2325 1251 2359 cum
1276 2311 1521 2375 'l'ragoedi

462 2384 734 2439 cothurno,
775 2385 1009 2435 Comoedi
1042 2401 1192 2437 socco
1226 2388 1522 2436 calcearen·

463 2464 567 2510 ‘uf'-

473 2560 480 2567 -*
528 2546 560 2570 w
598 2538 742 2603 Egit]
782 2539 1011 2589 Verbum
1050 2547 1129 2590 est
1164 2541 1368 2591 theatro
1401 2556 1520 2606 pro-

464 2615 653 2677 prium,
689 2614 784 2665 hoc
829 2623 927 2677 est,
965 2618 1384 2679 repraesentavit‚
1416 2631 1522 2681 quo

462 2689 606 2739 sacto
644 2693 872 2756 equestri
914 2691 1166 2755 dignitate
1218 2693 1483 2743 ceciderat
1504 2709 1520 2754 ;

462 2767 711 2817 ludicram
744 2770 879 2818 enim
903 2767 1081 2818 facere
1105 2769 1265 2833 equiti
1290 2770 1521 2818 Romano

461 2846 655 2894 nemini
697 2846 909 2895 licebat.
964 2847 981 2874 ⁴
1003 2845 1108 2894 Sed
1142 2853 1391 2911 potestas,
1420 2860 1520 2895 non

460 2923 624 2972 solum
659 2923 703 2971 si
736 2924 944 2985 invitet,
966 2923 1055 2970 sed
1081 2923 1235 2971 etiam
1260 2925 1302 2971 si
1324 2925 1521 2988 suppli-

459 3007 563 3059 cet,
585 2999 760 3062 cogit!
808 3000 879 3048 Ut
904 3000 976 3046 ait
1002 2999 1116 3047 loeo
1136 2998 1298 3047 citato
1317 3000 1522 3049 Macro·

460 3074 596 3137 bins,
621 3082 675 3124 et
696 3075 762 3124 de
780 3076 969 3139 seipse
986 3075 1234 3124 Laberius
1253 3076 1443 3126 ibidem
1470 3077 1519 3127 in

462 3164 526 3201 eo
562 3153 810 3214 prooemio
831 3168 933 3218 quo
955 3153 1150 3202 factum
1174 3153 1271 3203 hoe
1306 3170 1521 3205 excusa-

462 3228 584 3278 bat:
622 3231 638 3256 ‘
659 3230 862 3279 Etenim
886 3230 983 3293 ipsi
1011 3231 1102 3278 Dii
1124 3245 1314 3295 negare
1338 3233 1423 3282 cui
1447 3233 1522 3282 nil

458 3312 766 3370 potuerunt,
816 3305 1090 3356 Hominem
1128 3322 1212 3357 me
1262 3307 1525 3374 denegare

458 3384 573 3447 quis
599 3392 775 3447 posset
800 3384 942 3448 pati?
960 3383 974 3405 '

526 3468 552 3493 ¹
577 3463 804 3512 Donatus
839 3463 1143 3527 quingentis]
1168 3465 1370 3514 218751.
1403 3481 1519 3530 quae

458 3553 656 3589 summa
679 3549 762 3590 est
784 3541 1014 3605 equestri
1048 3542 1203 3592 etiam
1234 3556 1394 3592 censu
1418 3558 1522 3593 ma-

449 3618 559 3681 j0r,
584 3626 639 3668 ut
663 3632 820 3682 supra
842 3631 959 3682 cap.
984 3623 1065 3668 33.
1090 3626 1344 3670 notatum.
1367 3642 1368 3645 ¹

478 3713 481 3717 ’
520 3704 543 3738 1
563 3695 755 3745 Annulo
772 3696 940 3760 aureo]
961 3695 1081 3747 Quo
1105 3711 1134 3745 a
1159 3695 1311 3758 plebe
1334 3696 1521 3746 distin-

460 3775 737 3840 guebatur,
759 3782 813 3824 et
837 3781 1030 3824 statum
1056 3783 1347 3839 equestrem
1372 3789 1523 3825 recu-

460 3853 698 3917 perabat,
723 3853 785 3902 de
811 3867 873 3901 eo
895 3853 1006 3917 jam
1032 3868 1147 3917 cap.
1171 3857 1254 3903 3³.
1274 3861 1328 3902 et
1349 3850 1529 3904 adhuc*

460 3930 596 3981 iufra
610 3932 792 3981 Galbae
812 3948 929 3996 cap.
951 3937 1027 3982 14.
1043 3941 1097 3983 et
1107 3935 1306 3985 Vitellii
1320 3937 1515 3984 12.&c.

520 4016 541 4040 ²
562 4009 624 4056 In
638 4010 1013 4074 quatuordecim]
1031 4012 1402 4062 subselliorum
1421 4013 1518 4063 sci-

454 4087 584 4136 licet
609 4086 889 4150 ordinibus,
912 4089 999 4153 qui
1025 4090 1180 4139 etiam
1204 4089 1518 4140 dicebantur

457 4168 476 4193 ¹
497 4163 794 4228 equestria,’
836 4165 1021 4227 quibus
1075 4175 1248 4214 autem
1303 4166 1522 4217 sedebat

457 4241 702 4307 populus,
726 4248 742 4270 ⁸
761 4242 1071 4306 popularia!
1114 4243 1218 4292 Hic
1237 4243 1397 4307 igitur
1420 4245 1521 4294 La·

457 4319 633 4371 berius
658 4334 687 4368 e
709 4318 899 4384 Sceua,
921 4319 975 4369 in
992 4335 1093 4384 qua
1113 4330 1313 4385 egerat,
1334 4324 1521 4372 trausi⁴

1602 2080 1961 2146 praerogativae
2011 2077 2286 2143 equestria,
2343 2090 2460 2139 quae
2509 2075 2658 2138 jussu

1601 2159 1822 2207 Coesaris
1848 2157 2053 2206 mimum
2079 2169 2236 2218 agens
2260 2153 2518 2202 amiserat.

1668 2245 1693 2272 ⁸
1728 2237 1770 2285 Ε
1804 2234 1981 2297 Scene]
2025 2233 2269 2284 Anterior
2308 2231 2502 2281 theatri
2546 2245 2661 2295 pars

1602 2319 1734 2373 erat,
1772 2310 2086 2361 umbraculis
2131 2310 2249 2358 olim
2295 2317 2348 2358 et
2390 2307 2661 2358 frondibus

1603 2389 1843 2439 arborum
1872 2396 2035 2450 tecta,
2079 2386 2214 2436 unde
2258 2400 2445 2435 nomen
2493 2384 2661 2444 σκὴνὴ,

1602 2468 1795 2531 quippe
1817 2466 2016 2517 Graecis
2045 2466 2225 2515 umbra
2250 2471 2351 2524 est,
2375 2472 2497 2526 post
2519 2463 2662 2512 tabu·

1599 2545 1718 2593 latis
1750 2544 1938 2594 deiude
1972 2541 2445 2606 contignationibus
2466 2541 2664 2589 duabus

1604 2622 1686 2671 vel
1711 2622 1896 2686 tribus,
1917 2621 2081 2670 donec
2111 2622 2222 2684 ipsa
2257 2635 2372 2670 cum
2406 2621 2610 2670 theatro
2632 2633 2661 2667 e

1603 2699 1777 2762 lapide
1799 2698 2125 2749 exoediticata
2147 2706 2246 2748 est.

1666 2772 1690 2810 b
1729 2775 2057 2838 Orchestram]
2101 2776 2231 2824 Haec
2271 2775 2407 2839 apud
2455 2774 2661 2824 Latinos

1605 2854 1816 2918 proprie
1839 2852 2095 2918 significat
2122 2850 2424 2902 Senatorum
2453 2854 2504 2901 in
2531 2851 2661 2900 ludis

1602 2933 1833 2982 scenicis
1852 2933 2036 2993 locum,
2050 2931 2183 2979 unde
2203 2929 2460 2980 translata
2479 2937 2557 2978 est
2578 2943 2665 2990 ap·

1604 3010 1817 3073 pellatio
1853 3009 1904 3058 in
1942 3009 2065 3058 alios
2094 3023 2295 3072 quoqne
2328 3006 2512 3057 ludos:
2551 3014 2662 3054 erat

1605 3094 1775 3137 autem
1794 3087 1934 3135 inter
1953 3087 2138 3148 gradus
2166 3085 2310 3146 imos,
2333 3094 2520 3148 utpote
2541 3086 2661 3134 Sce-

1602 3178 1681 3212 nae.
1707 3162 1757 3212 in
1777 3163 2000 3224 theatro,
2017 3171 2069 3211 et
2093 3177 2260 3211 arenae
2281 3163 2328 3210 iu
2350 3160 2665 3225 amphithea-

1601 3247 1685 3291 tro
1725 3240 1987 3303 proximus
2019 3240 2182 3302 locus,
2221 3238 2576 3301 auditionique
2609 3244 2662 3284 et

1603 3317 1918 3381 spectationi
1942 3315 2162 3365 maxime
2177 3315 2402 3364 omnium
2423 3315 2658 3363 idoneus:

1600 3395 1740 3444 unde
1756 3394 1946 3444 Horat.
1963 3394 2061 3457 Ep.
2084 3398 2130 3442 1.
2156 3392 2248 3441 lib.
2266 3406 2302 3443 1.
2321 3398 2336 3419 ⁴
2355 3393 2425 3443 Ut
2449 3390 2659 3455 propius

1603 3477 1812 3537 spectes
1838 3488 1841 3491 “
1863 3471 2151 3534 lacrymosa
2202 3468 2444 3532 poemata
2494 3464 2663 3530 Pupi!

1603 3552 1672 3600 Et
1710 3549 2010 3604 Petronius,
2042 3549 2058 3575 ⁸
2085 3548 2163 3596 Ex
2185 3546 2282 3594 bac
2305 3553 2432 3594 nota
2454 3543 2660 3593 domina

1601 3635 1683 3678 est
1701 3642 1845 3676 mea:
1872 3638 2035 3688 usque
2053 3623 2119 3672 ab
2134 3624 2398 3673 orchestra
2421 3627 2661 3687 quatuor·

1601 3704 1768 3753 decim
1806 3702 2046 3760 transilit,
2071 3706 2124 3749 et
2162 3701 2213 3747 iu
2252 3707 2487 3749 extrema
2513 3697 2659 3761 plebe

1600 3782 1820 3850 quaerit‚'
1843 3785 1941 3831 διο.
1982 3781 2118 3830 Vide
2143 3781 2195 3827 in
2219 3778 2352 3841 Aug.
2376 3793 2425 3827 c.
2447 3779 2529 3827 44.

1662 3866 1684 3894 ‘-
1724 3858 1881 3923 circi]
1910 3858 2198 3922 Notusest
2233 3855 2374 3905 urbis
2409 3855 2574 3916 locus,
2610 3853 2657 3899 in

1598 3944 1705 4003 quo
1743 3951 1923 3986 cursus
1967 3942 2023 3984 et
2059 3934 2370 3997 agitationes
2406 3942 2653 3995 equorum

1599 4013 1989 4078 spectabantur.

1661 4089 1686 4124 ⁴¹
1724 4091 1905 4154 Euripo
1925 4087 2111 4151 addito]
2142 4086 2323 4150 Euripi
2348 4092 2467 4136 suut
2491 4098 2656 4148 aquae·

1599 4168 1788 4221 ductus
1823 4168 2042 4234 grandes
2072 4173 2128 4216 et
2159 4166 2349 4230 aperti,
2370 4178 2497 4228 quos
2518 4163 2656 4211 dixe-

1602 4254 1723 4297 runt
1753 4247 1906 4296 etiam
1935 4244 2104 4294 Nilos.
2173 4242 2269 4292 His
2294 4248 2468 4290 autem
2494 4246 2654 4288 totum

1602 4324 1741 4375 Circi
1782 4321 2008 4387 spatium
2052 4319 2310 4381 cinxerat,
2354 4332 2418 4368 ne
2465 4316 2580 4381 quis
2626 4328 2655 4361 e
