3019 4922
2339 386 2470 455 438

277 556 494 614 autem
525 547 905 615 tribuniciae
937 549 1304 632 potestatis
1338 555 1691 632 tempore„
1717 556 1742 583 ⁰
1786 548 2142 615 confessus
2177 548 2468 632 tandem,

278 654 440 719 nihil
471 654 653 718 aliud
701 668 975 717 secessu
1024 652 1360 717 devitasse
1412 651 1544 730 se,⁶
1595 668 1796 735 quam
1839 652 2284 743 aemulationis
2315 673 2472 720 cum

278 757 447 821 Caio
495 758 842 840 Lucioque
892 756 1373 839 suspicionem,
1402 756 1622 840 petiit,
1651 761 1726 821 ut
1756 755 1890 821 sibi
1930 772 2171 825 securo
2211 756 2353 844 jam
2384 758 2471 825 ab

278 859 403 924 bac
460 867 666 942 parte,
729 859 1180 924 corroboratis
1254 859 1381 936 his,
1442 868 1509 924 et
1568 860 1930 925 secuudum
1988 860 2215 926 locum
2271 861 2470 926 facile

277 962 701 1040 tutantibuS,⁷
726 970 753 1011 Ρ
806 961 1314 1045 permitteretur.
1344 963 1629 1027 revisere
1694 963 2247 1042 necessitudines,
2308 983 2475 1048 qua·

278 1084 421 1127 rum
451 1064 786 1130 desiderio
815 1062 1181 1130 teneretur-⁸
1271 1063 1407 1128 Sed
1438 1082 1662 1149 neque
1693 1066 2114 1150 impetravitz
2162 1067 2472 1151 ultroque

279 1169 484 1232 etiam
544 1166 925 1233 admonitus
967 1172 1091 1244 est,
1145 1167 1500 1233 dimitteret
1521 1176 1549 1220 ⁹
1595 1189 1855 1234 omnem
1903 1188 2130 1235 curam
2181 1186 2473 1248 suorum,

280 1288 453 1352 quos
483 1280 617 1336 tam
638 1270 885 1354 cupide
910 1270 1307 1355 reliquisset.
1391 1270 1560 1354 [12]
1608 1272 1961 1338 Remansit
1988 1292 2143 1355 ergo
2166 1279 2216 1310 ¹⁰
2244 1271 2475 1337 Rhodi

279 1381 516 1437 contra
566 1374 1034 1455 voluntatem3
1081 1375 1202 1440 vix
1258 1395 1379 1459 per
1435 1385 1718 1441 matrem
1769 1381 2195 1454 consecutu8‚
2252 1381 2329 1439 ut
2387 1373 2475 1438 ad

280 1476 637 1543 velandam
665 1477 1117 1559 ignominiam,
1150 1480 1346 1562 qnasi
1378 1480 1645 1563 legatus
1670 1479 1755 1544 ab
1777 1487 1796 1517 ¹
1835 1476 2159 1561 Augusto,
2190 1477 2476 1541 abesset.

282 1578 641 1643 Enimvero
671 1585 831 1645 tunc
858 1596 991 1644 non
1022 1580 1364 1663 privatum
1393 1580 1622 1660 modo,
1655 1581 1775 1647 sed
1799 1582 2001 1648 etiam
2027 1580 2478 1645 obnoxium’·q

1156 402 1538 453 minumus,
1602 376 1611 382 ’

1199 1764 1556 1785 ΟΜΝΟΜΟ

283 1898 381 1943 -6
415 1893 716 1944 Devitaeirse
734 1894 892 1944 vind.
917 1898 964 1944 1.
1017 1909 1066 1944 se
1088 1894 1239 1944 deest
1271 1895 1383 1960 Cuj.
1403 1909 1464 1946 ae
1498 1909 1756 1960 suprascr.
1780 1896 1831 1946 in
1854 1894 2046 1945 Medic.
2067 1897 2118 1944 2.
2185 1892 2322 1943 Dein
2344 1892 2484 1955 petit,

283 1969 339 2008 ut
365 1959 572 2022 passim,
593 1960 805 2008 Memm.
832 1960 982 2009 Hnls.
1001 1960 1195 2009 Medic.
1220 1964 1267 2009 1.
1292 1965 1342 2010 3.
1364 1967 1420 2010 et
1438 1976 1532 2011 sec.
1555 1962 1633 2021 ab,
1657 1963 1843 2010 omisso
1861 1960 1989 2021 jam,
2009 1960 2264 2008 Fouc.—7
2296 1959 2480 2007 Curun-

284 2026 370 2074 tib.
398 2039 427 2071 e
447 2024 650 2073 Viterb.
685 2032 742 2074 et
767 2024 861 2073 Ed.
884 2024 1038 2074 Rom.
1070 2039 1177 2074 sec.
1201 2024 1419 2075 dederat
1442 2026 1666 2076 Casaub.
1692 2033 1746 2075 et
1769 2042 1798 2074 e
1822 2026 1938 2075 Pal.
1962 2030 2007 2073 1.
2039 2023 2194 2073 Grut.
2259 2021 2485 2072 Accedit

285 2088 445 2137 vind.
480 2093 530 2138 2.
567 2104 598 2138 a
636 2102 702 2137 m.
741 2102 820 2152 pr.
857 2089 949 2138 sed
990 2091 1044 2139 in
1068 2103 1226 2153 marg.
1247 2096 1425 2141 tutem.
1450 2092 1587 2155 quod
1612 2090 1898 2140 defendunt
1918 2088 2086 2139 SeriV.
2110 2089 2275 2138 Gron.
2306 2088 2485 2136 Burm.

284 2155 500 2216 aliique,
521 2153 685 2203 codd.
698 2154 1002 2218 juvantibus
1026 2155 1377 2217 plurimu—8
1415 2155 1665 2205 Ter-eretur
1688 2156 1837 2206 Huls.
1899 2156 2027 2204 Tum
2050 2155 2224 2217 ulta-oq.
2249 2166 2350 2201 non
2376 2152 2484 2201 ido-

283 2233 436 2267 neum
460 2231 665 2268 sensnm
691 2219 966 2269 admittere
1005 2221 1309 2283 pronuntiat
1330 2221 1497 2270 Boxh.
1521 2221 1798 2283 conjiciens
1818 2223 1947 2270 ultra
1971 2224 2190 2284 quau—9
2229 2218 2485 2267 Dimittere

284 2285 478 2345 legitur
500 2283 549 2332 in
571 2285 700 2333 Mss-
722 2284 892 2335 Palm.
911 2286 1088 2336 Burm.
1114 2294 1334 2349 utroque
1347 2286 1502 2335 vind.
1525 2295 1582 2336 et
1604 2288 1738 2336 Edd.
1762 2288 1908 2337 Vett.
1935 2285 2261 2348 preterBas.
2280 2282 2483 2346 Gryph.

285 2349 464 2398 Plant.
484 2350 632 2399 Torr.
652 2349 873 2399 Casaub.
892 2362 1039 2414 seqq.
1063 2351 1354 2415 habentque
1376 2352 1593 2402 Memm.
1612 2351 1807 2401 Medic.
1829 2352 1950 2412 duo,
1972 2351 2116 2399 Cort.
2136 2350 2283 2398 Voss.
2302 2348 2484 2410 Camp.

284 2414 350 2463 ln
389 2413 584 2465 Medic.
612 2419 658 2464 1.
694 2414 854 2466 Polit.
887 2420 940 2463 ut
972 2416 1381 2466 dimitterem—10
1414 2417 1581 2479 Igitur
1617 2431 1794 2466 omnes
1836 2416 2032 2465 Medic.
2053 2427 2167 2465 cum
2193 2412 2305 2475 Cuj.
2329 2412 2486 2461 Fouc.

286 2481 523 2528 Dum—1
564 2481 748 2529 Exulat
772 2481 830 2530 ab
854 2495 884 2529 a
906 2481 1118 2529 Memm.
1142 2481 1258 2530 Pal.
1282 2487 1329 2530 l.
1354 2482 1500 2531 Voss.
1536 2489 1593 2532 et
1623 2480 1966 2545 abjiciendum
1998 2480 2146 2528 duxit
2170 2475 2324 2526 Wolf.
2350 2491 2484 2538 prae·

287 2553 444 2593 eunte
470 2544 613 2607 Lips.
654 2546 802 2594 Torr.
825 2560 892 2594 ex
916 2559 1015 2593 uno
1032 2546 1160 2594 Cod.
1183 2543 1399 2608 praefert
1421 2547 1609 2607 legatus
1623 2547 1858 2607 Augusti,
1876 2544 2162 2607 probatque
2179 2542 2332 2591 Grut.
2356 2542 2485 2589 Mox

286 2614 335 2658 ee
353 2610 527 2657 enimv.
551 2609 746 2660 Medic.
765 2614 817 2659 3.
880 2611 1014 2659 Tum
1050 2611 1279 2673 privatim
1316 2612 1413 2661 Ed.
1450 2612 1632 2675 camp.
1699 2612 1761 2660 ln
1792 2618 1904 2672 opt.
1937 2611 2088 2659 Torr.
2118 2607 2243 2670 priv.
2265 2606 2398 2653 modo
2419 2620 2486 2660 se,

286 2676 488 2727 sede—2
528 2673 716 2726 Obnox.
739 2690 790 2725 se
809 2675 859 2724 in
895 2690 1055 2740 marg.
1083 2674 1219 2728 Edd.
1240 2677 1361 2726 Bas.
1386 2676 1588 2740 Gryph.
1609 2674 1946 2741 aliarumque,
1977 2673 2067 2724 sed
2092 2671 2285 2721 rectius
2309 2669 2489 2718 abesse

1276 2819 1493 2873 NOTAE

351 2926 391 2952 Β
424 2918 806 2983 Repudiumque]
845 2919 1033 2969 Fiebat.
1055 2919 1189 2976 enini
1214 2920 1351 2969 inter
1432 2925 1746 2984 potestatem
1769 2934 1882 2970 eam
1906 2933 2006 2969 non
2031 2915 2209 2972 fuisse,
2235 2929 2335 2979 qua
2371 2915 2488 2965 Tri-

289 2994 553 3051 amentes,
575 2995 729 3046 misso
761 2997 955 3058 libello,
977 3012 1129 3061 quern
1152 2996 1268 3047 ideo
1292 2996 1349 3045 li·
1431 2997 1555 3047 huni
1580 2998 1765 3062 plebis,
1803 3004 1974 3048 stante
2013 2993 2317 3058 Republica,
2353 2989 2491 3041 frue-

292 3070 487 3121 benum
509 3071 713 3134 repudii
735 3072 998 3123 dicebant.
1430 3073 1647 3124 bantur:
1697 3074 1748 3122 hi
1782 3072 2058 3138 siquidem,
2088 3079 2148 3120 ut
2182 3073 2390 3120 constat
2424 3083 2493 3118 ex

297 3185 302 3188 .
352 3155 379 3180 ¹¹
412 3145 581 3209 Dono]
614 3143 1353 3214 Deiisintelligitquae'Tibe·
1434 3153 1685 3217 Dionysio
1752 3152 2147 3201 Halicarnasseo
2205 3153 2275 3212 et*
2326 3144 2492 3208 Livio,

290 3222 398 3272 rius
434 3222 712 3286 antiquando
752 3224 910 3275 Juliae
951 3225 1191 3287 dederat,
1232 3229 1353 3290 quia
1431 3242 1576 3278 auam
1613 3235 1929 3291 potestatem
1967 3236 2117 3275 extra
2153 3224 2348 3273 Urbem
2387 3235 2491 3270 non

292 3299 576 3350 delicatum
599 3314 801 3350 omnem
825 3301 1021 3350 cultum
1044 3302 1160 3351 huic
1178 3302 1353 3351 adem-

292 3380 405 3424 tum
429 3373 584 3436 dixit,
607 3388 766 3438 supra
786 3376 839 3425 in
862 3377 1099 3438 Augusto
1135 3391 1252 3438 cap.
1270 3381 1354 3426 65.

292 3450 405 3502 Aut
422 3451 583 3501 etiam
600 3451 666 3501 de
680 3452 763 3517 iis,
778 3467 893 3516 qum
909 3453 1180 3516 repudiata
1196 3467 1354 3516 prop-

293 3533 380 3577 ter
419 3526 732 3579 adulterium
775 3543 908 3578 uxor
958 3530 1123 3578 invito
1168 3530 1353 3579 marito

293 3616 509 3654 servare
529 3616 630 3652 aon
654 3611 893 3666 poterat:
933 3604 1070 3669 quod
1093 3620 1125 3654 a
1147 3606 1355 3655 Tiberio

294 3679 539 3729 lubenter
554 3677 750 3732 factum
766 3681 971 3732 videtur
987 3682 1040 3731 in
1059 3683 1359 3732 memoriam

293 3756 489 3820 prioris
512 3757 647 3807 illius
670 3759 979 3823 concordie,
996 3760 1063 3810 de
1082 3774 1181 3824 qua
1202 3773 1359 3823 supra

295 3847 345 3888 c.
370 3838 423 3883 7.
447 3833 647 3883 loeutus
663 3843 778 3885 est:
813 3847 912 3885 nee
927 3835 1257 3885 referendum
1281 3836 1357 3885 ul·

292 3910 501 3960 letenna
537 3912 745 3961 videtur
778 3912 844 3961 ad
878 3912 1180 3962 donationes
1221 3911 1360 3963 inter

297 3985 463 4035 virum
487 3991 544 4036 et
567 4001 798 4036 uxorem.

360 4070 387 4117 t*
421 4061 489 4111 A.
507 4062 575 4111 U.
600 4063 660 4112 C.
684 4066 799 4113 758.

361 4145 386 4171 ⁰
408 4137 949 4202 Tribunicioepotestatis
957 4139 1186 4205 tempore]
1196 4140 1356 4192 Quin·

298 4215 526 4281 quennio
547 4216 770 4281 seilicet,
782 4225 841 4267 ut
863 4218 917 4267 in
936 4218 1039 4268 flue
1056 4218 1355 4281 proeceden-

300 4293 387 4356 tis.
454 4289 595 4341 Hine
630 4299 796 4355 patet,
834 4293 1180 4354 Tribunieiam
1217 4293 1356 4343 illam

432 4372 613 4436 Delph.
629 4379 679 4422 et
705 4375 822 4425 Var.
842 4375 974 4424 Clas.

1304 4373 1501 4423 Sueten.

1432 3303 1766 3353 exercebant.

1495 3384 1523 3417 Ρ
1566 3377 1849 3427 meantibus
1891 3371 2225 3438 [eus-antibus]
2280 3370 2492 3420 Beroal-

1432 3454 1529 3503 dus
1565 3468 1629 3503 ac
1662 3453 1889 3502 nonnulli
1930 3450 2156 3509 codices,
2187 3460 2315 3510 quos
2353 3446 2494 3495 inter

1433 3529 1794 3585 Memmianus,
1849 3529 2026 3589 legunt
2069 3521 2353 3579 tutantibus,
2406 3519 2493 3568 alii

1433 3605 1728 3655 curantibus.
1797 3604 1914 3654 Hoc
1955 3600 2184 3652 servavit
2235 3596 2493 3648 Casaubo·

1437 3696 1553 3744 nus,
1573 3681 1708 3745 quod
1735 3696 1834 3729 vox
1857 3694 1918 3728 ea
1940 3676 2185 3728 Sallustio
2226 3681 2281 3722 et
2312 3671 2495 3721 Tacito

1439 3755 1703 3806 familiaris
1726 3763 1821 3811 est,
1844 3767 2133 3819 quanquam
2167 3756 2312 3800 certe
2334 3753 2494 3797 tutan·

1435 3833 1563 3883 tibus
1605 3840 1818 3882 tueatur
1855 3829 2088 3881 Terentii
2132 3833 2188 3877 et
2228 3823 2494 3875 Ciceronis

1433 3910 1735 3970 auctoritas,
1756 3924 1857 3958 non
1876 3922 1977 3957 uno
2000 3907 2056 3955 in
2079 3906 2210 3956 loco.

1498 3994 1525 4028 ¹1
1552 3983 1844 4047 Obnoxiam]
1870 3984 1986 4033 Hoc
2008 3989 2110 4039 est,
2143 3980 2363 4044 alicujus
2385 3978 2494 4029 eul-

1433 4077 1518 4127 με
1543 4063 1626 4112 vel
1645 4061 1952 4125 suspicionis
1974 4074 2130 4110 causa
2153 4059 2373 4108 invisum
2404 4060 2496 4126 aut:

1433 4140 1600 4189 minus
1623 4145 1858 4203 gratum:
1890 4152 1992 4201 quo
2016 4150 2164 4185 sensu
2188 4134 2385 4185 dictum
2411 4138 2496 4181 est

1436 4229 1595 4279 supra
1616 4216 1668 4265 in
1686 4215 1831 4266 Julio
1859 4227 1907 4262 c.
1943 4217 2024 4263 14.
2060 4213 2258 4262 cavisse
2279 4211 2494 4259 Senato-

1437 4307 1541 4356 res,
1581 4306 1647 4345 ne
1682 4289 1874 4341 homini
1915 4288 2138 4341 obnoxio
2188 4286 2490 4338 assiderent.

2256 4371 2287 4415 2
2322 4367 2366 4413 E
