3019 4922
1157 410 1574 466 peramus,
2341 405 2471 473 261

289 559 668 627 Decemviri
711 557 1071 642 cogerent?
1155 561 1314 643 [372]
1360 559 1653 646 Quoque
1694 561 1922 646 plnres
1955 569 2214 646 partem
2255 564 2468 631 admi-

283 664 646 731 nistrandae
693 662 1115 747 Reipublicae
1160 671 1493 748 caperent,
1537 683 1713 731 nova
1754 664 1972 729 officia
2014 669 2470 750 excogitavit:

289 775 557 833 curam²
604 785 873 851 operum
904 767 1379 851 publicorum,⁰
1423 764 1735 846 viarum,<²
1780 787 2121 851 aquarum,
2152 771 2326 836 alvei
2354 773 2480 844 Ti-,

285 871 493 949 beriS,
546 869 900 935 frumenti⁸
940 870 1200 955 populo
1255 870 1650 949 dividundi,³
1707 870 2169 955 praefecturam
2222 869 2475 953 Urbis,¹

1205 1085 1264 1104 Ν
1267 1085 1440 1104 ΙΙΙΙΙ
1441 1086 1563 1104 Μ

285 1232 467 1298 Cujac.
487 1239 612 1285 ante
632 1236 1002 1299 quaestoribi-ii
1034 1235 1228 1286 Scilicet
1249 1251 1408 1285 curam
1425 1236 1542 1299 Cuj.
1563 1242 1616 1286 et
1641 1235 1791 1299 paulo
1814 1241 1934 1286 ante
1957 1251 2044 1299 quo
2059 1237 2127 1299 pl.
2150 1235 2307 1285 Fouc.
2344 1235 2475 1285 Mox

283 1305 330 1348 et
350 1316 520 1363 equor.
535 1306 583 1350 et
604 1303 697 1351 aiv.
723 1302 886 1352 Periz.
913 1301 1144 1352 Heriem.
1168 1302 1297 1352 Edd.
1319 1302 1452 1350 Veu.
1474 1302 1598 1350 Bas.
1624 1302 1826 1366 Gryph.
1844 1303 2082 1366 aliaeque.
2149 1302 2405 1351 Retinent
2424 1306 2474 1350 et

286 1366 443 1414 etiam
468 1366 637 1429 primo
659 1368 772 1416 loco
795 1367 988 1418 Medic.
1006 1373 1052 1417 l.
1077 1368 1175 1417 Ed.
1192 1368 1407 1417 Mediol.
1433 1382 1493 1415 ac
1512 1367 1737 1416 secundo
1755 1368 1886 1417 Mss,
1905 1368 2058 1415 Torr.
2081 1381 2308 1429 aquarum
2324 1366 2477 1415 deest

285 1428 436 1481 Huls.
462 1439 518 1480 et
542 1433 595 1480 in
619 1432 831 1481 Memm.
867 1433 1065 1496 reperit
1099 1433 1315 1482 Salmas.
1349 1433 1595 1494 scriptum
1630 1433 1752 1482 viar.
1792 1432 2047 1481 uariarum.
2104 1432 2245 1494 Lips.
2274 1431 2475 1480 censuit

286 1496 592 1547 mutandum
611 1512 777 1559 aquar.
798 1498 850 1547 in
873 1499 1102 1561 riparum,
1123 1498 1211 1548 sed
1233 1497 1470 1548 secundis
1494 1498 1629 1547 curis
1647 1497 1828 1561 reiecit
1848 1498 2309 1561 conjecturam—3
2330 1496 2477 1545 Divi-

1277 1676 1492 1727 NOTAE

347 1786 372 1821 ¹*
403 1788 682 1838 Decemviri
701 1791 944 1855 cogerent]
972 1789 1097 1839 Hoc·
1112 1795 1211 1851 est,
1227 1801 1347 1837 con·
1429 1803 1530 1852 que
1564 1789 1673 1852 jam
1715 1794 1836 1839 ante
1882 1789 2191 1853 Augustum,
2238 1786 2331 1836 sed
2372 1802 2477 1838 non

288 1872 590 1927 gregarent‚
627 1865 796 1915 adbuc
835 1864 988 1915 infra.
1049 1865 1165 1914 Tib.
1196 1880 1240 1915 c.
1264 1869 1348 1914 58.
1427 1867 1687 1929 perpetui,
1713 1867 1878 1929 primo
1902 1872 2120 1930 quatuor
2142 1864 2239 1913 viri
2262 1863 2478 1929 viarum,

289 1947 343 1990 et
365 1941 510 2005 Virg.
529 1942 733 2005 Ecloga
753 1957 839 1992 ιιι.
873 1944 888 1970 ‘
905 1943 1085 2007 Tityre
1110 1956 1236 2006 coge
1257 1956 1348 2006 pe·
1428 1957 1489 1991 ac
1512 1942 1700 1991 deinde
1734 1943 1931 1992 duobus
1967 1941 2158 1991 additis
2192 1940 2361 2003 seviri‚
2393 1956 2477 1990 res

289 2018 410 2068 cus.’
445 2018 529 2067 An
549 2032 672 2067 vero
695 2019 972 2068 decemviri
994 2020 1113 2069 illie
1135 2034 1347 2068 numero
1427 2027 1636 2069 constat
1669 2033 1746 2067 ext
1777 2018 2062 2082 Pomponio
2089 2014 2148 2068 ff.
2180 2017 2244 2066 de
2280 2016 2479 2082 origiue

288 2096 724 2146 centumvirorum
763 2104 933 2145 esseut
971 2096 1148 2153 eiecti,
1185 2110 1248 2143 an
1286 2095 1346 2143 ii·
1418 2096 1660 2159 juris5et
1683 2103 1799 2159 post
1813 2096 2097 2159 Augustum
2115 2109 2239 2144 cura
2263 2094 2354 2143 ina
2375 2088 2482 2148 ma-

289 2172 403 2221 dem
445 2172 537 2236 qui
577 2171 878 2237 decemviri,
922 2174 1155 2223 stlitibus
1203 2173 1345 2236 judi-

288 2250 486 2312 candis,
503 2249 556 2297 id
576 2255 674 2307 est,
688 2249 885 2312 litibus,
902 2251 1050 2313 louge
1074 2256 1228 2299 antea
1246 2250 1344 2298 cir-

290 2341 351 2375 ca
374 2341 566 2375 anuum
591 2327 659 2377 U.
681 2327 739 2375 C.
762 2331 874 2375 512.
915 2328 1161 2389 instituti,
1183 2336 1241 2377 ut
1269 2328 1346 2376 in·

288 2404 402 2452 nuit
442 2402 764 2467 Pomponius
806 2404 843 2453 1.
879 2408 928 2452 2.
983 2405 1011 2468 ς
1051 2407 1133 2452 29.
1176 2401 1232 2453 ff.
1279 2402 1346 2452 de

287 2482 487 2546 origine
513 2483 672 2547 juris,
714 2496 816 2532 non
856 2483 1039 2547 liquet.
1146 2484 1345 2532 Horum

288 2558 520 2609 meminit
542 2559 801 2621 Moenus,
824 2560 1139 2624 panegyrico
1163 2560 1230 2610 ad
1258 2561 1345 2608 Pi·

289 2638 504 2684 sonem:
551 2636 688 2686 ‘Seu
727 2636 959 2699 trepidos
995 2637 1059 2685 ad
1098 2636 1217 2700 jura
1258 2636 1346 2686 de·

290 2722 402 2761 cem
430 2712 567 2762 citat
601 2713 752 2762 basta
772 2714 1014 2773 virorum,
1049 2714 1117 2761 Et
1141 2713 1344 2761 firmare

281 2788 437 2850 jubet
488 2796 714 2839 centeno
763 2790 948 2854 judice
1000 2804 1200 2853 causas,
1241 2793 1342 2841 Seu

289 2863 517 2929 capitale
540 2864 690 2915 nefas
704 2871 924 2936 operosa
945 2866 1099 2915 diluis
1117 2866 1264 2917 arte.'

349 2948 372 2975 ⁰
410 2943 590 2992 Curam
629 2957 816 3006 operum
855 2943 1169 3009 publicorum]
1213 2944 1345 2995 Haec

289 3033 558 3068 censorum
575 3029 690 3069 erat
712 3025 767 3070 et
789 3020 1034 3070 aediiium.

348 3095 372 3130 «1
401 3090 624 3159 Vim-um]
647 3096 800 3146 Torr.
825 3111 857 3146 e
877 3097 1035 3146 duob.
1047 3098 1181 3146 Mss.
1203 3097 1348 3148 addit

289 3178 356 3232 et,
378 3174 478 3224 boc
501 3173 674 3230 modo,
695 3175 880 3223 viarum
910 3189 1140 3237 aquarum
1160 3181 1208 3224 et
1223 3175 1347 3227 alvei

294 3249 692 3312 fiber-indubio
728 3253 906 3315 procul
947 3253 1147 3301 melius.
1213 3254 1347 3302 Con-

290 3334 392 3376 stat
414 3328 553 3376 enim
587 3328 875 3392 peculiares
909 3341 1152 3392 aquarum
1186 3327 1347 3376 fuisse

291 3411 579 3453 curatores.
678 3405 958 3454 Frontinus
1013 3405 1106 3453 lib.
1160 3418 1223 3454 n.
1281 3405 1347 3453 de

292 3480 711 3542 aquaeductibus:
771 3481 1134 3546 ‘quantopere
1177 3488 1346 3529 autem

292 3568 431 3604 enrae
469 3554 648 3617 fuerit,
681 3572 748 3605 ne
780 3559 892 3622 quis
923 3558 1115 3607 violare
1142 3557 1348 3620 ductus,

291 3642 538 3696 equumve
561 3646 661 3680 nou
680 3646 974 3683 concessam
999 3634 1236 3682 derivare
1259 3648 1347 3681 au-

293 3705 458 3769 deret,
475 3713 587 3756 tum
601 3722 666 3756 ex
686 3710 857 3758 multis
881 3723 1135 3772 apparere
1160 3716 1349 3772 potest,

294 3791 403 3833 tum
447 3797 515 3832 ex
559 3784 675 3849 boc,
709 3786 847 3849 quod
882 3788 1064 3836 Circus
1097 3789 1348 3836 maximus

292 3869 391 3909 nee
429 3859 613 3908 diebus
645 3861 849 3924 quidem
879 3863 1112 3913 ludorum
1139 3865 1351 3914 Circen-

296 3937 446 4000 sium,
463 3937 562 3986 nisi
584 3936 808 3985 aedilium
828 3947 918 3988 aut
940 3954 1207 3990 censorum
1232 3957 1348 4005 per-

295 4016 471 4075 missu,
495 4015 823 4078 irrigabatur,
849 4017 985 4081 quod
1017 4018 1229 4068 durasse
1256 4021 1350 4069 eti-

299 4105 376 4141 am
395 4083 665 4156 postquam
685 4105 765 4140 res
782 4092 849 4141 ad
863 4100 1127 4144 curatores
1145 4096 1352 4146 transiit

299 4169 391 4218 sub
428 4170 683 4232 Augusto,
719 4171 859 4237 apud
903 4169 1110 4221 Ateium
1137 4173 1350 4235 Capito-

300 4256 414 4292 nem
454 4244 704 4308 legimus!
772 4248 851 4296 De
876 4248 1069 4297 viarum
1099 4251 1350 4298 curatori-

303 4316 410 4382 bus,
428 4318 519 4384 qui
542 4327 599 4370 et
619 4321 812 4371 viocuri
832 4321 1158 4388 dicebantur,
1181 4332 1352 4375 erant·

1428 2173 1674 2235 gistratus
1707 2173 1871 2223 instar
1903 2173 2095 2233 habita,
2119 2180 2176 2223 et
2208 2186 2393 2236 magno
2426 2172 2480 2221 in

1426 2251 1618 2300 honore
1662 2252 1849 2315 posita,
1893 2258 1954 2301 ut
1998 2258 2145 2315 patet
2189 2263 2255 2298 ex
2304 2249 2478 2299 Plinio

1425 2328 1581 2390 epist.
1604 2332 1683 2376 15.
1706 2328 1795 2377 lib.
1816 2343 1870 2378 v.
1890 2335 1945 2378 et
1975 2326 2146 2377 Statio
2168 2340 2244 2376 ιν.
2263 2325 2404 2390 sylv·
2423 2332 2481 2374 et

1426 2404 1684 2469 lapidibus
1708 2406 1895 2469 passim
1940 2406 1957 2433 ‘
1983 2403 2208 2454 curatori
2246 2400 2486 2452 viarum!

1426 2483 1498 2531 Et
1537 2483 1552 2509 ‘
1575 2483 1799 2532 curatori
1823 2481 2048 2546 Appiae,'
2080 2478 2362 2542 ‘Salariae‚²
2382 2481 2483 2528 &c-

1423 2561 1639 2623 singulae
1656 2562 1792 2610 enim
1814 2561 2025 2624 singulis
2050 2557 2322 2624 aliquando
2342 2565 2481 2607 com-

1425 2640 1781 2690 mittebantur.

1490 2723 1514 2749 e
1544 2716 1818 2778 Frumenti]
1852 2716 1953 2768 Qui
1971 2729 2146 2765 curam
2169 2715 2303 2764 hanc
2331 2716 2510 2766 susti-'
2535 2770 2539 2775 ‚

1425 2792 1603 2854 nebat,
1638 2792 1778 2841 ilium
1818 2792 2152 2842 casaubonus
2198 2787 2484 2842 arbitratur=

1426 2869 1650 2919 enindem
1686 2867 1846 2918 fuisse
1868 2883 1984 2918 cum
2009 2882 2088 2923 eo,
2112 2867 2200 2931 qni
2236 2867 2254 2897 ‘
2274 2874 2485 2918 curator

1429 2946 1669 2995 Miuutiae
1695 2945 1712 2969 '
1743 2945 1936 2995 dicitur
1980 2945 2031 2992 in
2068 2943 2243 3006 lapide
2276 2943 2365 2993 illo
2397 2958 2485 2993 ve·

1429 3023 1529 3072 teri
1552 3023 1704 3072 modo
1727 3022 1907 3073 citato.
1949 3020 2217 3071 *Officium
2244 3021 2371 3071 iliud
2395 3035 2486 3071 ex-

1428 3101 1682 3164 cogitavit
1721 3100 2008 3165 Augustus,
2066 3099 2130 3148 ad
2171 3097 2485 3164 frumentum

1428 3179 1639 3241 populo,
1674 3191 1777 3227 non
1819 3177 2070 3234 tributim,
2109 3180 2170 3226 ut
2205 3184 2345 3233 ante,
2392 3174 2485 3226 sed

1427 3255 1620 3304 viritim
1638 3254 1995 3315 dividendum,
2016 3253 2161 3316 cujus
2174 3247 2331 3303 officii
2348 3253 2485 3312 loco,
2571 3254 2572 3257 ’

1427 3330 1734 3390 praefectum
1782 3343 1999 3379 annonae
2042 3329 2359 3392 antiquiores
2383 3327 2490 3378 'ha-

1431 3405 1671 3467 buerant‚
1694 3418 1873 3467 magna
1905 3404 2099 3467 quippe
2135 3416 2262 3451 cura
2286 3398 2495 3467 semper*

1429 3482 1546 3542 fuit,
1575 3490 1684 3531 tum
1710 3488 1885 3530 stante
1912 3481 2045 3542 Rep.
2070 3488 2177 3529 tum
2202 3482 2297 3530 snb
2328 3481 2491 3544 impe·

1433 3558 1707 3618 ratoribus‚
1753 3564 1809 3605 ut
1856 3559 2004 3619 larga
2046 3555 2292 3605 frumenti
2336 3557 2488 3618 copia

1428 3637 1622 3702 populo
1647 3641 1976 3698 suppeteret,
1994 3634 2146 3697 eique
2169 3633 2390 3682 Severus
2414 3633 2489 3682 ita

1429 3713 1741 3763 consuluisse
1765 3711 1971 3775 legitur,
1996 3717 2052 3759 ut
2075 3710 2297 3758 moriens
2323 3724 2485 3773 popu-

1427 3793 1479 3841 lo
1517 3790 1788 3855 reliquerit
1822 3802 2070 3838 canonem
2093 3785 2485 3836 frumentarium

1429 3877 1628 3932 septem
1655 3881 1921 3917 annornm.

1448 3964 1451 3965 ⁷
1493 3943 1517 3975 f
1546 3943 1895 4003 Praefecturam
1942 3939 2109 4003 Urbis]
2140 3940 2214 3989 Hi
2248 3936 2486 4004 praefecti

1432 4020 1498 4069 ab
1524 4021 1584 4069 iis
1604 4022 1755 4082 longe
1779 4019 1968 4068 diversi
1991 4017 2155 4080 fuere,
2182 4032 2309 4082 quos
2341 4033 2372 4066 a
2392 4012 2487 4068 Ju-

1429 4098 1502 4146 lio
1527 4097 1793 4144 institutos
1816 4108 1971 4156 supra
2009 4094 2141 4143 dixit
2174 4109 2221 4142 c.
2247 4097 2327 4144 76.
2394 4095 2490 4146 Ju-

1430 4172 1556 4221 liani
1577 4172 1771 4234 quippe
1805 4169 1953 4218 fuere
1986 4172 2180 4235 plures,
2206 4169 2488 4236 praefectus

1433 4248 1548 4298 urbi
1574 4248 1779 4296 nonnisi
1803 4247 1987 4296 unicus
2014 4264 2027 4295 ι
2064 4248 2283 4300 Juliauis
2308 4249 2442 4297 alter
2459 4264 2490 4296 a

1434 4327 1639 4376 Caesare
1662 4331 1888 4388 praeerat
1914 4341 1926 4372 ;
1966 4322 2241 4388 praefectus
2264 4323 2379 4373 urbi
2405 4338 2488 4373 su-
