3019 4922
1190 439 1590 491 oc'rAvius.
2358 425 2494 492 333

297 588 770 673 Quinquatrus
793 596 817 636 5
841 595 861 625 ⁸
893 589 1059 653 satis
1082 587 1382 673 jucunde
1413 568 1694 671 egimus,
1783 586 2102 652 Lusimus
2126 583 2153 626 ⁶
2175 586 2342 652 enim
2369 607 2491 672 per

296 710 530 756 omnes
572 693 762 771 ¹dieS‚
822 693 1174 775 forumque
1229 690 1663 758 aleatorium‘
1720 691 2134 756 calfecimuS.
2256 690 2490 756 Frater

1217 871 1576 892 &OWMOOOO

294 973 528 1024 Har-lem.
548 974 683 1024 Ven.
710 978 754 1025 1.
777 980 832 1024 ut
848 974 1050 1038 quiaque
1071 974 1283 1040 reliquae
1305 974 1421 1023 duae
1443 988 1563 1023 cnm
1598 974 1733 1024 Edd.
1764 973 1980 1024 Mediol.
2005 990 2065 1024 ac
2086 974 2312 1026 aliis.—5
2350 976 2434 1025 Ita
2460 993 2489 1028 e

290 1038 507 1089 Merum.
531 1050 586 1088 et
617 1040 731 1088 Lisl.
763 1054 1011 1104 recepere
1045 1040 1206 1090 Gron.
1245 1039 1463 1089 Casaub.
1485 1054 1603 1089 cum
1629 1039 1745 1103 Cuj.
1767 1040 1901 1088 Edd.
1926 1040 2107 1104 Camp.
2146 1042 2323 1090 Burm.
2347 1041 2489 1094 Oud.

289 1105 558 1166 ErmBip.
585 1105 652 1152 al.
693 1105 1004 1166 Quinquatris
1022 1105 1174 1154 vind.
1196 1109 1245 1154 2.
1264 1105 1493 1154 Harlem.
1520 1104 1654 1154 Edd.
1682 1106 1807 1154 Ven.
1830 1113 1896 1155 tr.
1923 1106 2134 1154 Mediol.
2153 1106 2319 1169 Lugd.
2351 1108 2489 1170 quiu-

287 1170 474 1233 quatris
491 1170 557 1218 mi
582 1170 683 1218 Tib.
705 1170 856 1232 sahj.
878 1185 917 1220 e.
933 1171 1017 1220 lib.
1041 1178 1153 1234 opt.
1173 1170 1324 1220 Torr.
1358 1169 1673 1233 quinquatriis
1695 1171 1809 1220 Pal.
1832 1178 1938 1220 tres
1952 1186 2066 1219 cum
2088 1171 2317 1233 plurimis
2335 1173 2488 1222 codd.

288 1242 342 1283 et
368 1235 501 1282 Edd.
541 1236 794 1283 nonnullis
819 1237 1021 1297 priscis,
1046 1236 1297 1298 probante
1334 1235 1584 1289 Lambino
1606 1236 1669 1284 ad
1699 1235 1831 1285 Hor.
1864 1236 2032 1299 Epist.
2058 1250 2119 1285 11.
2146 1240 2257 1286 197.
2308 1238 2489 1287 Voluit

288 1299 407 1348 Urs.
430 1300 807 1364 quinquatribus,
829 1308 885 1349 ut
921 1303 972 1350 in
1004 1301 1179 1351 Graev.
1207 1316 1281 1364 pr.
1305 1310 1358 1348 et
1384 1300 1664 1351 Pinum—6
1697 1302 2009 1364 Lusimusque
2026 1316 2113 1363 per
2137 1302 2281 1350 Cort.
2304 1304 2487 1364 Camp-

283 1379 372 1426 per
390 1379 514 1413 omn.
535 1365 660 1414 enim
677 1367 778 1413 dies
806 1366 955 1414 Vind.
986 1371 1025 1414 l.
1077 1367 1226 1415 omnis
1252 1363 1441 1415 Medic.
1466 1370 1512 1414 1.
1557 1367 1685 1415 Tum
1700 1369 1958 1415 aleatorum
1983 1368 2193 1416 Memm.
2217 1368 2410 1415 Medic.
2433 1372 2483 1418 3.

288 1428 461 1480 Periz.
501 1430 618 1494 Cuj.
641 1430 876 1481 Harlem.
900 1430 1036 1481 Edd.
1061 1431 1214 1481 Rom.
1238 1432 1372 1481 Ven.
1397 1434 1443 1481 1.
1495 1431 1683 1491 calefac.
1702 1432 1861 1482 Fouc.
1895 1432 2051 1482 vind.
2077 1442 2316 1497 uterque,
2340 1433 2483 1481 Cort.

1283 1611 1502 1663 NOTAE

285 1746 346 1789 ut
391 1745 543 1790 notat
585 1741 886 1793 Eustathius
917 1745 966 1793 in
1000 1746 1197 1808 penult.
1227 1745 1351 1794 Ilia·
1423 1745 1636 1795 videtur
1676 1745 1772 1794 boc
1805 1745 2062 1809 analogia,
2101 1759 2395 1811 quanquam
2429 1752 2484 1796 et

286 1816 399 1876 dos,
420 1826 476 1865 et
506 1818 939 1870 animadvertenti
965 1822 1203 1884 patebit;
1235 1822 1349 1871 aliis

288 1893 376 1941 alii
400 1893 713 1956 nominibus,
731 1896 788 1943 ut
807 1897 1013 1961 qnidam
1033 1900 1351 1962 existimant,

281 1970 557 2033 appellati,
578 1976 637 2020 ut
660 1973 904 2034 Deorum,
920 1973 1149 2031 heroum,
1174 1974 1347 2038 poeta·

281 2061 417 2102 rum,
446 2048 799 2110 meretricum,
833 2053 931 2099 ὅτε.
999 2050 1173 2101 Venus
1209 2052 1347 2101 dice·

280 2123 443 2173 batur
469 2124 696 2173 omnium
721 2124 1173 2191 fortunatissimus,
1200 2137 1345 2178 tunc-

279 2214 384 2265 que
410 2201 707 2262 eveniebat,
731 2217 847 2251 cum
873 2204 1009 2253 missi
1034 2219 1063 2253 e
1094 2206 1345 2255 turricula

279 2278 375 2327 tali
400 2276 608 2327 diversa
645 2293 822 2329 omnes
845 2279 980 2331 facie
1004 2283 1342 2345 apparebant,

276 2355 375 2403 hoc
399 2362 558 2418 pacto
583 2359 628 2404 1.
654 2360 702 2404 3.
732 2360 781 2405 4.
805 2358 854 2406 6.
880 2356 1107 2407 binarius
1130 2359 1262 2409 enim
1287 2365 1343 2409 et

277 2430 547 2496 quinarius
582 2430 634 2481 in
672 2433 786 2482 talis
816 2434 982 2484 nullus
1006 2442 1137 2487 erat.
1200 2436 1343 2487 Mar-

277 2509 417 2558 tialis
439 2508 762 2572 Apophoret.
793 2513 874 2559 14.
898 2511 984 2560 cui
1009 2512 1188 2560 titulus
1213 2519 1228 2541 ‘
1252 2513 1342 2561 tali

275 2585 493 2648 eborei,’
538 2589 553 2614 ‘
575 2586 705 2636 Cum
741 2587 950 2637 steterit
985 2588 1130 2636 vultu
1169 2589 1339 2637 nullus

276 2663 376 2713 tibi
414 2663 552 2712 talus
589 2663 794 2724 eodem,
826 2665 1049 2715 Munera
1083 2678 1165 2714 me
1198 2665 1340 2715 dices

273 2754 468 2802 magna
491 2739 694 2790 dedisse
719 2739 851 2790 tibi!
916 2741 988 2790 Et
1019 2754 1149 2789 unus
1178 2741 1343 2790 instar

274 2817 505 2866 omnium
524 2817 641 2865 huic
666 2817 742 2866 rei
767 2816 1047 2881 probandas
1083 2817 1338 2866 Lucienus

274 2892 330 2941 in
372 2893 656 2954 amoribus,
687 2893 774 2943 ubi
808 2893 875 2942 de
909 2908 973 2943 eo
1011 2892 1339 2942 adolescente

275 2968 524 3032 loquitur,
549 2970 635 3032 qui
659 2970 790 3018 talos
813 2969 952 3033 apud
988 2975 1209 3017 statuam
1234 2969 1341 3018 Ve-

275 3045 417 3093 neris
435 3045 643 3094 Gnidiae
655 3046 829 3109 jactat
851 3044 929 3095 καὶ
947 3046 1114 3102 βαλὼν
1129 3045 1206 3095 ἐπὶ
1227 3063 1339 3095 σκο-

273 3120 386 3177 ποῦ,
399 3120 615 3180 μάλιστα
627 3120 678 3170 δὲ
696 3120 853 3171 εἴποτε
870 3122 962 3181 τὴν
976 3121 1088 3172 θεὸν
1103 3123 1252 3183 αὐτὴν
1264 3124 1339 3172 εὖ·

272 3197 518 3257 βολήσειε,
552 3198 750 3259 μηδενὸς
775 3199 1085 3263 ἀστραγάλου
1110 3201 1341 3253 πεσόντος

272 3278 362 3338 ἴσῳ
383 3277 619 3338 σχήματι,
652 3275 946 3342 προσεκύνει,
979 3279 1067 3336 τῆς
1105 3279 1342 3342 ἐπιθυμίας

274 3351 521 3414 τεύξεσθαι
543 3346 772 3416 unulfum
821 3355 921 3405 hoc
950 3363 1049 3417 est,
1077 3361 1127 3405 et
1146 3357 1341 3415 jactans

272 3433 335 3480 ad
351 3445 558 3494 scopum,
580 3432 786 3481 maxime
805 3433 850 3480 οι·
869 3432 1020 3495 ipsam
1036 3432 1194 3482 Deam
1213 3432 1341 3497 (Ve-

275 3507 708 3572 nerem)seliciter
724 3508 974 3568 jactasset,
1005 3511 1132 3558 nullo
1154 3511 1251 3560 talo
1272 3527 1337 3558 ιε-

273 3586 407 3649 quali
426 3585 600 3650 figura
641 3588 852 3650 cadente,
890 3586 1135 3647 adorabat,
1169 3588 1339 3637 existi·-

273 3677 410 3712 mans
431 3678 484 3711 se
502 3666 666 3725 optata
687 3669 1056 3713 consecuturum.
1113 3662 1229 3713 Hoc
1252 3677 1338 3712 eo-

274 3738 394 3788 dem
414 3752 567 3788 sensu
586 3739 898 3801 Propertius
920 3739 1045 3789 ibid.
1077 3741 1093 3769 ‘
1114 3740 1203 3789 Me
1216 3755 1335 3805 quo·

276 3829 377 3880 que
400 3829 495 3879 per
520 3818 647 3865 talos
666 3817 926 3866 Venerem
960 3824 1226 3881 quaerente
1255 3830 1334 3866 se·

276 3891 515 3951 cundos,'
537 3895 638 3943 διο.

340 3976 359 4001 ⁸
395 3968 748 4032 Quinquatrus]
780 3971 926 4018 Torr.
947 3969 998 4018 in
1022 3968 1217 4031 optimo
1238 3969 1330 4019 lib.

275 4044 405 4109 legit
427 4047 742 4109 quinquatris,
761 4047 926 4096 Casan
934 4046 1093 4095 bonus
1108 4047 1334 4109 quiuqua-

278 4121 404 4179 triis,
423 4122 497 4171 ita
523 4131 695 4172 tamen
719 4129 779 4172 ut
809 4124 998 4186 probet
1029 4124 1336 4187 quinquatrus

250 4190 259 4195 ’
280 4212 344 4247 ex
367 4198 600 4248 Memmii
626 4207 681 4248 et
703 4200 873 4250 Lislaei
897 4201 1177 4250 codicibus·
1233 4200 1333 4249 Sed

279 4275 329 4324 in
376 4276 650 4326 accusandi
697 4290 838 4339 casn,
882 4277 1015 4341 quod
1062 4277 1333 4325 lectionem

278 4361 509 4404 nostram
555 4352 850 4417 confirmat,
894 4354 1106 4417 exigere
1143 4355 1333 4419 quippe

1423 1832 1438 1854 ‘
1458 1820 1818 1888 quinquatria'
1854 1822 2138 1872 Domitiani
2162 1823 2219 1871 c.'
2236 1827 2286 1872 4.
2315 1825 2481 1886 legas,

1423 1906 1480 1947 et
1541 1898 1790 1948 Horatius
1846 1899 1998 1961 epist.
2035 1902 2086 1947 2.
2131 1897 2196 1946 ad
2253 1899 2484 1954 Florum,

1420 1978 1435 2003 ‘
1456 1974 1600 2024 Puer
1628 1982 1688 2024 ut
1719 1972 1868 2023 festis
1898 1973 2291 2038 quinquatribus
2329 1973 2484 2021 olim!

1421 2052 1781 2116 Quinquatrus
1795 2049 1932 2099 festa
1946 2057 2066 2098 sunt
2079 2049 2355 2108 Minervae,
2372 2051 2479 2100 sive

1420 2128 1556 2193 qnod
1577 2121 1701 2191 “post
1725 2128 1958 2192 quintum
1984 2124 2121 2174 diem
2147 2125 2274 2174 Idus
2300 2126 2480 2175 Martii

1419 2205 1809 2268 contingerent,
1843 2203 1952 2252 sive
1975 2201 2132 2268 quod,
2169 2211 2228 2251 ut
2255 2203 2326 2253 ait
2352 2202 2481 2253 Ovi-

1419 2281 1530 2331 dius
1557 2296 1643 2331 ιιι.
1670 2282 1811 2331 Fast.
1835 2280 1931 2331 sub
1953 2280 2124 2341 finem,
2143 2294 2236 2343 per
2252 2280 2479 2345 quinque

1418 2358 1533 2408 dies
1574 2359 1999 2416 celebrarentur,
2045 2355 2389 2420 ‘nominaque
2448 2372 2480 2405 a

1407 2427 1616 2502 junctis*
1635 2436 1863 2502 quinque
1886 2435 2076 2485 diebus
2090 2432 2321 2483 liabent!
2374 2432 2479 2482 Ubi

1417 2522 1598 2563 notare
1637 2519 1717 2562 est
1754 2527 1820 2561 ex
1853 2511 2025 2561 Gellio
2056 2509 2145 2558 lib.
2170 2523 2230 2560 ιι.
2254 2523 2367 2572 cap.
2392 2512 2479 2558 21.

1417 2589 1795 2640 terminationis
1850 2601 2008 2637 causa
2058 2585 2178 2634 addi
2224 2591 2378 2647 airus,
2417 2592 2477 2635 ut

1416 2667 1576 2716 etiam
1613 2667 1664 2714 in
1695 2671 1951 2719 sexatrus,
1986 2663 2339 2725 septimatrus,
2374 2666 2473 2711 διο.

1416 2743 1606 2808 aliquid
1634 2741 1853 2793 addunt.
1918 2741 2088 2789 Varro
2121 2738 2211 2789 lib.
2238 2753 2292 2787 v.
2325 2739 2391 2787 de
2419 2740 2476 2788 L.

1415 2820 1477 2869 L.
1499 2827 1554 2868 et
1576 2818 1814 2868 Macrob.

1478 2898 1496 2930 t
1532 2892 1795 2960 For-umque
1830 2892 2128 2956 aleatorium]
2173 2892 2476 2942 Torrentius

1416 2981 1470 3024 et
1506 2975 1842 3036 casaubonus
1877 2972 2289 3034 interpretantur
2309 2969 2377 3018 de
2399 2971 2475 3019 lu-

1413 3065 1585 3099 sorum
1620 3050 1706 3113 qui
1731 3047 2028 3113 frequentes
2065 3044 2331 3095 affuissent
2354 3061 2475 3096 cou-

1415 3133 1595 3189 ventu,
1625 3126 1926 3188 metaphora
1960 3123 2119 3173 ducta
2151 3137 2182 3171 a
2212 3120 2343 3183 foro,
2371 3138 2473 3186 quo

1414 3203 1741 3254 confluebant
1765 3203 1988 3257 aleones,
2013 3201 2202 3263 aliique
2225 3199 2474 3262 ejusmodi

1413 3281 1645 3331 homines
1685 3278 1896 3341 sordidi,
1932 3277 2018 3342 qui
2058 3290 2258 3326 omnem
2300 3277 2475 3326 existi·
2545 3298 2549 3304 ·

1413 3357 1654 3406 matianis
1670 3372 1775 3405 suae
1789 3368 1967 3404 curam
1985 3354 2330 3417 deposuerant
2350 3369 2363 3401 z
2381 3368 2471 3401 un·

1416 3435 1480 3483 de
1516 3435 1704 3485 Cicero
1744 3432 2036 3494 Philippica
2066 3443 2130 3478 ιι.
2180 3429 2471 3477 ‘homiuem

1413 3512 1640 3560 omnium
1667 3508 2055 3572 nequissimum,
2077 3505 2165 3568 qui
2197 3519 2296 3552 non
2322 3505 2472 3552 dubi·

1413 3592 1552 3636 taret
1577 3586 1631 3634 in
1654 3582 1777 3634 foro·
1800 3585 1917 3633 alea
1950 3581 2162 3631 ludere.’
2227 3580 2366 3630 Hinc
2404 3581 2470 3629 ab

1414 3661 1655 3711 aedilibus
1678 3658 2089 3722 expellebantur,
2101 3658 2218 3719 lege
2233 3671 2346 3719 quae
2360 3664 2472 3705 erat

1414 3739 1480 3788 de
1537 3740 1666 3795 alea,
1719 3735 1985 3801 puniendi.
2051 3735 2235 3784 Cicero
2277 3732 2471 3782 ibidem

1414 3817 1564 3878 ‘lege
1588 3831 1703 3879 quae
1729 3822 1810 3863 est
1841 3814 1906 3862 de
1929 3814 2044 3862 alea
2067 3812 2469 3860 condemnatum

1416 3891 1501 3957 qui
1522 3893 1574 3940 in
1597 3893 1855 3953 integrum
1880 3886 2127 3947 restituit,
2144 3887 2186 3934 is
2205 3900 2305 3935 non
2323 3901 2473 3949 aper·

1418 3969 1611 4018 tissime
1629 3968 1851 4017 studium
1870 3979 2012 4015 suum
2029 3965 2139 4027 ipse
2160 3963 2482 4028 profitetur.’'

1413 4045 1690 4094 Salmasius
1724 4050 1895 4093 tamen
1929 4041 1991 4090 ad
2025 4042 2257 4091 Flavium
2284 4041 2474 4104 Vopis-

1415 4136 1530 4170 cum
1569 4129 1845 4184 utrumque
1886 4119 2073 4168 misere
2121 4116 2230 4166 falli
2276 4118 2367 4170 ait,
2413 4124 2470 4165 et

1413 4198 1582 4248 forum
1607 4198 1910 4248 aleatorium
1945 4211 2038 4260 pro
2078 4197 2225 4245 alveo
2259 4196 2472 4251 lusorio,

1413 4291 1505 4325 seu
1531 4276 1707 4324 tabula
1740 4276 1870 4338 ipsa,
1892 4274 1942 4322 in
1984 4287 2132 4338 quam
2173 4272 2260 4320 tali
2298 4271 2468 4318 mitte·

1414 4352 1625 4409 bantur,
1650 4350 1919 4414 intelligit:
1945 4348 2129 4413 ‘natm’
2151 4348 2335 4412 inquit,
2357 4348 2373 4373 ‘
2395 4343 2470 4393 fo-
