3019 4922
2369 438 2498 502 175

314 607 487 660 runt.
577 592 744 679 [85]
798 593 1002 661 Plebs
1054 587 1277 661 statim
1330 615 1370 659 a
1415 592 1642 660 sunere
1665 605 1692 631 ¹
1736 597 1820 661 ad
1875 568 2143 663 do'rnur‘n
2191 598 2376 663 Bruti
2430 606 2509 663 etl

314 695 538 763 Cassii
570 720 723 764 cum
756 699 1013 764 facibus
1042 698 1352 766 tetendit:
1397 705 1599 782 atque
1624 706 1644 746 ³
1688 701 1862 781 ae'gre
1891 701 2182 782 repulsa,
2222 701 2493 765 obvium

315 801 439 865 sibi
473 800 854 866 Helvium*
899 801 1229 877 Cinnam,y
1272 820 1387 884 per
1426 819 1709 864 errorem
1749 801 2056 879 nominiS‚
2102 801 2297 885 quasi
2331 802 2496 869 Cor-

312 903 573 968 nelius²
636 904 697 967 is
748 903 979 983 esset,
1015 921 1214 987 quem
1268 902 1545 984 graviter
1611 903 1824 985 pridie
1882 906 2350 969 concionatum
2413 905 2496 969 de

313 1004 586 1071 Caesare
642 1008 1068 1091 requirebam.
1096 1014 1122 1042 ⁸
1181 1005 1479 1071 occidit:
1549 1009 1886 1090 caputque
1944 1006 2088 1090 ejus
2140 1008 2494 1090 praefixum

309 1108 525 1173 hastae
554 1110 991 1175 circumtulit:
1033 1117 1274 1193 postea
1304 1109 1587 1173 solidam
1619 1109 1989 1174 columnam
2020 1130 2231 1193 prope
2263 1110 2494 1191 viginti

309 1212 554 1294 pedum
606 1212 857 1298 lapidis
909 1210 1305 1278 Numidici·b
1355 1210 1420 1274 in
1471 1211 1693 1275 Foroe
1745 1214 1999 1289 statuit,
2046 1213 2489 1296 scripsitque:

312 1329 646 1377 PAREN'N
684 1311 1032 1379 PA'PRJAE.⁶
1080 1312 1281 1398 Apud
1301 1311 1575 1377 eandem
1594 1311 1624 1354 ⁶
1649 1314 1848 1397 longo
1875 1322 2165 1398 tempore
2184 1323 2206 1351 ⁶
2237 1315 2491 1379 sacrifi-

309 1433 485 1491 care,
521 1423 681 1482 vota
700 1418 1066 1502 suscipere,
1090 1416 1579 1481 controversias
1601 1409 1926 1499 quasdam
1949 1418 2345 1501 interposito
2371 1437 2491 1501 per

1260 451 1555 501 JUIAUS.

1202 1612 1259 1634 Ο(
1265 1611 1439 1633 00010)
1446 1613 1562 1633 ‘Oe’

308 1743 446 1793 Edd.
474 1743 603 1793 Rom
611 1749 721 1795 .—8
756 1743 940 1794 Mallet
963 1745 1141 1794 Burm.
1163 1760 1193 1793 a
1214 1758 1322 1807 qua.
1393 1743 1599 1793 Deinde
1626 1758 1797 1793 rursus
1819 1744 1971 1793 ovium
1993 1746 2185 1794 Memm
2192 1750 2302 1795 .-4
2339 1748 2493 1796 Hevi-

305 1810 421 1858 lium
443 1810 615 1859 Periz.
650 1811 877 1860 Hevilum
897 1811 1043 1858 Voss.
1080 1808 1259 1857 Eilium
1282 1808 1458 1872 Cujac.
1497 1809 1685 1869 Eyulum
1708 1811 1897 1872 Copes.
1939 1810 2157 1870 Heiulum
2183 1811 2314 1860 Edd.
2343 1814 2490 1862 Rom.

307 1873 440 1923 ven.
467 1878 510 1924 1.
525 1873 667 1940 (quae
688 1884 743 1923 et
768 1873 961 1939 Cinam)
981 1876 1126 1926 Junt.
1149 1873 1277 1936 Arg.
1302 1875 1468 1937 Lugd.
1500 1874 1700 1923 Helium
1723 1875 1855 1924 Bou.
1874 1876 2008 1923 Ven.
2024 1879 2072 1923 2.
2093 1879 2141 1925 3.
2166 1875 2365 1938 Gryplr.
2392 1878 2490 1925 Co-

304 1939 394 1987 lin.
418 1941 539 1988 Bas.
571 1939 773 1989 Elicium
795 1940 947 1989 Huls.
1012 1940 1144 1988 Item
1180 1944 1302 1988 esset
1331 1939 1375 1987 is
1406 1940 1577 1988 Periz.
1611 1938 1745 1987 Edd.
1769 1941 1904 1987 Ven.
1929 1941 1993 1988 t'.r
2017 1940 2145 1988 Bon.
2172 1940 2314 1990 Med.
2343 1941 2490 1989 Cald.

302 2011 360 2053 et
399 2018 547 2069 seqq.
581 2004 643 2053 ad
680 2006 1215 2068 Casaub.11sque.—5
1251 2004 1526 2065 Inquit-ebat
1560 2004 1785 2067 reposuit
1819 2004 2036 2054 casaub.
2059 2018 2124 2052 ex
2147 2005 2348 2055 Viterb.
2374 2020 2489 2055 cum

305 2069 422 2117 Pal.
451 2073 497 2117 1.
520 2073 569 2118 2.
593 2070 704 2132 Cop
707 2085 779 2119 es.
806 2070 955 2118 Huls.
984 2068 1176 2118 Medic.
1200 2073 1248 2118 1.
1285 2069 1440 2119 vind.
1473 2073 1522 2117 2.
1556 2069 1699 2119 Cort.
1764 2071 1892 2117 Tum
1918 2068 2066 2117 deest
2087 2070 2185 2128 ejus
2205 2071 2338 2119 Ven.
2365 2074 2411 2119 1.
2436 2078 2492 2120 et

305 2134 461 2193 paulo
487 2143 608 2183 ante
643 2134 905 2184 concionari
925 2135 1016 2182 dat
1044 2135 1153 2183 Pal.
1182 2137 1322 2182 1.--6
1359 2134 1508 2193 Long.
1538 2139 1674 2197 temp.
1712 2149 1789 2196 ap.
1826 2148 1927 2182 eam
1958 2149 2079 2182 sacr.
2115 2134 2276 2183 ered.
2308 2140 2355 2184 2
2389 2150 2493 2184 enm

303 2198 461 2245 etiam
489 2199 642 2247 Fouc.
660 2200 763 2248 Ms.
789 2200 1145 2249 Corcendonc.
1166 2198 1364 2247 Medic.
1387 2202 1434 2247 2
1456 2198 1612 2248 Vind.
1641 2204 1687 2248 l.
1710 2200 1863 2247 Voss.
1886 2198 2089 2248 etEdd.
2110 2199 2240 2247 Ven.
2263 2204 2307 2247 l.
2326 2201 2491 2262 Lugd.

302 2262 436 2313 Bon.
459 2263 661 2328 Grypb.
686 2265 860 2314 Plant.
932 2264 1035 2314 Pro
1056 2263 1317 2327 quasdam
1302 2278 1356 2313 in
1391 2264 1548 2315 Fouc.
1568 2279 1879 2328 quascunque,
1906 2270 1961 2313 et
1985 2264 2114 2313 Exc.
2135 2264 2289 2314 Voss.
2306 2280 2489 2328 persev.

1306 2458 1518 2510 NOTAE

366 2595 395 2620 ¹
426 2588 604 2638 Statim
631 2605 662 2639 a
687 2589 888 2652 sunere]
937 2591 1247 2641 Plutarchus
1283 2592 1358 2641 ait

300 2679 405 2714 non
471 2665 706 2729 perfecto
747 2666 949 2730 funere,
1006 2667 1096 2729 sed
1146 2669 1357 2718 incenso

302 2758 449 2804 rogo,
469 2744 733 2791 sustulisse
750 2742 870 2791 inde
888 2750 1071 2805 torres,
1096 2747 1195 2793 &c-

365 2826 389 2860 5
426 2819 652 2868 Helvium
677 2819 902 2882 Cinnam]
922 2820 1198 2869 Tribunum
1215 2820 1355 2869 illum

232 2911 238 2915 ·
303 2896 491 2960 plebis,
515 2896 735 2946 Caesaris
756 2897 992 2958 amicum,
1033 2896 1099 2946 de
1137 2911 1239 2961 quo
1274 2912 1357 2945 su-

303 2988 395 3035 pra
424 2989 474 3023 c.
500 2978 582 3022 52.
647 2973 794 3023 Idem
835 2974 991 3023 habet
1013 2975 1189 3024 Valer.
1215 2976 1357 3023 Max.

303 3050 389 3098 lib.
414 3063 497 3099 rx.
538 3065 585 3098 c.
607 3053 659 3098 9.
695 3048 941 3113 additque
970 3050 1281 3099 Plutarchus
1304 3051 1356 3099 in

300 3126 532 3190 Caesare,
555 3126 769 3175 Cinnam
793 3125 947 3186 hunc,
971 3134 1123 3176 nocte
1147 3127 1253 3189 illa,
1271 3128 1353 3176 cui

302 3200 496 3252 funeris
520 3204 630 3251 dies
660 3203 849 3264 illuxit,
881 3203 1179 3265 somniasse,
1211 3219 1266 3254 se
1291 3205 1355 3254 ad

302 3292 501 3328 coenam
542 3295 571 3327 a
592 3279 800 3328 Caesare
834 3279 1059 3341 invitari,
1095 3294 1157 3329 ac
1194 3281 1356 3330 reluc-

303 3362 501 3406 tantem
528 3370 684 3405 manu
708 3355 1003 3406 abductum.

366 3441 386 3464 ²
421 3432 575 3487 Quasi
622 3431 883 3491 Cornelius,
921 3430 1028 3494 ξω]
1082 3430 1355 3497 Praecjpue

303 3508 456 3571 quod,
476 3522 593 3556 crim
609 3514 744 3556 esset
760 3508 979 3556 Caesaris
998 3505 1250 3567 affinis,ut
1269 3506 1354 3554 ha-

302 3584 393 3632 bet
414 3584 605 3632 ibidem
630 3583 884 3647 Valerius,
913 3597 1116 3648 unaque
1141 3590 1355 3647 proetor‚

302 3661 399 3709 bac
436 3675 531 3709 sua
585 3658 826 3709 'oratione
866 3674 1195 3723 percussores
1245 3660 1355 3722 ejus

298 3736 579 3786 honoribus
615 3733 929 3795 afficiendos,
951 3737 1151 3800 Reique
1190 3737 1355 3800 publi-

301 3827 381 3862 cae
401 3819 799 3863 conservatores>
818 3812 1166 3874 praedicasset.

369 3896 393 3923 ²
430 3889 746 3953 Reque-ebat]
797 3889 1016 3938 Casaub.
1058 3889 1109 3937 in
1132 3889 1354 3940 Viterbi-

305 3967 412 4015 ensi
431 3966 616 4015 codice
639 3966 763 4029 legit
779 3965 1067 4028 inquirebat.

368 4039 391 4072 '³
413 4043 746 4091 Calamam...
759 4041 932 4105 lapidis
951 4041 1220 4104 Numidici]
1239 4041 1353 4092 Hoc

302 4123 389 4165 est
404 4128 782 4180 marmoream3
813 4118 1002 4182 quippe
1037 4131 1257 4167 marmor
1288 4131 1355 4167 ex

305 4192 552 4242 Numidia
618 4193 670 4241 in
725 4192 932 4243 Italiam
997 4193 1353 4250 invehebatur,

303 4272 614 4321 maculosum
635 4272 781 4334 nigro
804 4272 995 4332 colore,
1018 4284 1133 4321 cum
1157 4271 1271 4321 albo
1300 4277 1354 4319 et

297 4346 470 4396 ¹rubeo
513 4348 749 4412 mixtum,
785 4347 852 4397 de
893 4362 993 4413 quo
1016 4348 1216 4398 Plinius
1262 4347 1352 4397 lib.

1439 2607 1646 2644 xxxvl.
1683 2610 1800 2659 cap.
1823 2599 1871 2644 6.
1938 2594 2109 2644 Graeci
2151 2607 2287 2641 aram
2328 2606 2358 2640 a
2400 2606 2487 2654 po·

1438 2671 1581 2733 pulo,
1615 2671 1898 2720 columnam
1938 2670 2004 2719 ab
2039 2669 2260 2718 Antonio
2289 2676 2490 2716 erectas

1439 2746 1601 2795 aiunt.
1689 2747 1841 2797 Hanc
1886 2745 2265 2795 verosimillime
2304 2744 2488 2793 Cicero

1438 2823 1741 2871 sceleratam
1766 2822 2016 2884 appellat,
2039 2822 2089 2869 in
2113 2818 2441 2882 Philippicis.

1500 2905 1524 2932 ⁰
1556 2900 1618 2947 In
1645 2897 1781 2961 foro]
1822 2892 2053 2961 Eo'ipso
2099 2897 2186 2945 ubi
2229 2903 2486 2944 crematus

1436 2982 1550 3024 erat
1590 2976 1719 3025 loco.
1790 2975 1955 3024 Notat
1993 2975 2072 3024 bic
2107 2972 2331 3023 Casaub.
2369 2972 2485 3020 reli·

1436 3051 1665 3114 quiarum
1676 3052 1964 3101 meminisse
1977 3050 2252 3108 neminem,
2264 3055 2487 3111 excepto

1437 3128 1624 3193 Dione,
1655 3128 1741 3193 qui
1779 3130 1831 3177 in
1869 3133 2143 3191 paternum
2182 3140 2268 3174 eas
2311 3139 2487 3174 monu-

1435 3201 1664 3254 mentum
1704 3205 1904 3255 delatas
1944 3218 1975 3252 a
2015 3201 2210 3251 libertis
2248 3200 2358 3265 ejus
2407 3214 2488 3249 re-

1432 3277 1553 3332 fert.

1497 3356 1523 3391 ⁴¹
1555 3371 1802 3407 mass-m
1828 3355 2074 3418 mmmm]
2110 3353 2293 3404 Cicero
2319 3352 2487 3415 Epist.

1434 3437 1481 3483 3.
1525 3433 1615 3483 lib.
1657 3447 1761 3482 xn.
1815 3432 1879 3480 ad
1931 3431 2246 3491 Familiares,
2303 3443 2401 3475 non
2457 3443 2488 3476 a

1436 3509 1608 3572 plebe,
1626 3508 1716 3556 sed
1741 3508 1806 3556 ab
1826 3507 2069 3562 Antonio,
2090 3520 2190 3554 uon
2215 3505 2487 3561 columnae,

1434 3583 1525 3632 sed
1568 3589 1753 3633 statuae
1801 3582 2043 3639 Caesaris,
2095 3594 2196 3629 non
2238 3591 2484 3627 PARENT!

1435 3673 1673 3721 mimus,
1693 3659 1786 3709 sed
1812 3671 2055 3708 munna-r
2080 3668 2290 3705 omnm
2312 3667 2484 3703 mem-

1436 3749 1528 3797 ⁹1⁸0,
1549 3736 1828 3800 ascriptum
1853 3733 1997 3782 dicit.
2064 3732 2194 3784 Quae
2222 3738 2367 3778 tanta
2384 3728 2484 3776 dis-

1435 3814 1607 3862 sensio
1630 3812 1798 3861 omnia
1821 3810 1933 3859 baec
1965 3807 2106 3858 facta
2139 3805 2302 3856 fuisse
2342 3804 2482 3856 forte

1437 3889 1770 3952 persuaserit.

1496 3972 1521 3998 e
1551 3965 1715 4027 Longo
1736 3962 1963 4031 tempore]
2000 3960 2156 4025 Atqui
2194 3960 2343 4024 paulo
2368 3966 2485 4023 post

1434 4056 1613 4090 eversa
1636 4047 1717 4091 est
1748 4054 1839 4104 per
1864 4039 2179 4089 Dolabellam
2217 4038 2481 4098 columna;

1434 4117 1569 4167 unde
1592 4117 1675 4166 hic
1706 4117 1847 4166 locus
1881 4115 2245 4179 intelligendus
2278 4115 2484 4164 videtur
2525 4133 2530 4137 ·

1437 4193 1503 4243 de
1546 4191 1801 4243 diuturnis
1840 4192 2126 4255 sacrificiis,
2170 4204 2285 4256 quae
2328 4191 2480 4240 etiam

1436 4277 1557 4334 post
1588 4268 1857 4332 disjectam
1882 4271 2169 4320 columnam
2194 4268 2299 4317 illic
2341 4264 2483 4315 facta

1430 4353 1572 4397 sunt.
1761 4352 1768 4363 “
2417 4363 2424 4369 ·
