3019 4922
437 1975 440 1978 ’
496 1982 551 2026 ut
597 1981 695 2026 rat.

484 354 619 418 >110
1359 366 1421 413 c.
1465 320 1822 416 sunrouir

495 531 642 577 cam
691 511 1114 595 disciplinam
1149 512 1228 594 in,
1250 511 1478 594 parvis
1522 531 1605 576 ac
1652 510 2060 595 majoribus⁵
2104 510 2304 576 rebus
2334 508 2685 593 diligenter

494 616 668 681 adeo
699 633 1062 697 severeque
1090 614 1281 692 rexit,
1313 621 1385 677 ut
1417 614 1789 696 pistorem,‘³
1819 613 2015 678 alium
2051 633 2252 696 quam
2285 614 2417 678 sibi
2447 619 2685 697 panem

494 716 842 782 convivis⁶
906 717 1394 802 subjicientem,
1452 716 1890 800 compedibus
1942 718 2237 782 vinxerit
2259 722 2284 797 ;’
2332 717 2683 782 'libertum

496 822 963 904 gratissimum,
1041 823 1131 887 ob
1194 819 1630 885 adulteratam
1693 818 1963 904 Equitis
2025 818 2317 884 Romani
2379 838 2685 898 uxorem,

497 924 806 1009 quamvis
836 923 1013 988 nullo
1037 928 1374 1008 querente,
1407 920 1689 1005 capitali
1726 941 1934 1004 poena
1962 921 2275 987 affecerit.
2364 919 2524 1000 [49.]
2552 923 2690 988 Pu-

497 1025 750 1091 dicitiae
783 1025 926 1109 ejus
970 1026 1217 1091 famam
1262 1023 1431 1088 nihil
1460 1023 1722 1107 quidem
1759 1029 1998 1106 praeter
2042 1023 2478 1089 Nicomedisr
2536 1044 2691 1090 con-

498 1129 871 1200 tubernium
918 1129 1113 1204 laesit,
1145 1128 1327 1211 gravi
1374 1130 1592 1190 tamen
1636 1132 1700 1192 et
1743 1127 2012 1210 perenni
2057 1127 2445 1210 opprobrie,
2490 1132 2557 1193 et
2602 1129 2690 1194 ad

498 1232 788 1295 omnium
819 1231 1132 1296 convicia
1160 1229 1496 1314 expositu.
1588 1227 1846 1295 Omitto
1873 1229 2068 1295 Calvi
2094 1230 2338 1294 Licinii
2358 1239 2383 1279 ⁷
2415 1230 2694 1296 notissi-

495 1352 647 1396 mos
678 1352 946 1399 versus:

650 1448 654 1451 ’
1501 1434 1819 1520 Bithynia
1854 1436 2178 1521 quicquid

929 1539 1020 1604 Et
1047 1538 1420 1623 paedicator
1449 1536 1745 1603 Caesaris
1778 1559 2066 1623 unquam
2095 1539 2348 1607 habuit.

500 1644 832 1709 Praetereo
882 1644 1179 1726 actiones
1223 1642 1644 1714 Dolabellae⁸
1689 1649 1756 1707 et
1800 1642 2109 1709 Curionis
2152 1645 2389 1728 patris,
2435 1644 2506 1709 in
2547 1647 2696 1731 qui-

498 1748 623 1810 bus
651 1765 798 1810 eum
839 1744 1196 1810 Dolabella
1252 1748 1270 1776 ‘
1297 1744 1605 1827 pellicem
1655 1745 1942 1829 reginae,’
1995 1750 2016 1780 ‘
2048 1746 2426 1830 spondam⁸
2472 1748 2696 1815 interi-

1407 1892 1775 1913 WOOOOOOOO

730 1992 905 2041 quoque
926 1982 1115 2028 veh—5
1149 1976 1330 2026 Verba
1362 1992 1417 2027 ac
1448 1977 1558 2037 maj.
1594 1976 1802 2027 minime
1842 1977 2132 2042 abjicienda
2163 1992 2275 2027 esse
2312 1977 2398 2044 (ut
2422 1980 2699 2044 proposuit

497 2041 750 2106 Langius)
783 2044 968 2093 statuit
1007 2044 1187 2092 Burm.
1256 2044 1362 2092 Pro
1390 2058 1445 2092 ac
1482 2042 1644 2091 Rhed.
1680 2047 1728 2092 2.
1764 2048 1832 2107 el,
1855 2043 2017 2092 ered.
2050 2048 2099 2095 l.
2121 2059 2176 2093 ac
2206 2045 2257 2093 in
2279 2044 2393 2106 mqp‘.
2455 2046 2588 2095 Tum
2613 2048 2697 2096 dil.

497 2109 701 2171 adeoque
717 2123 812 2157 sev.
845 2107 1017 2156 Periz.
1040 2108 1281 2158 Harl.—6
1321 2108 1565 2158 conviviis
1599 2108 1716 2157 Pal.
1745 2114 1790 2158 1.
1826 2112 1875 2158 2.
1910 2107 2055 2158 Med.
2088 2114 2136 2159 l.
2160 2110 2314 2159 Vind.
2335 2117 2555 2175 uterque
2581 2126 2695 2161 cum

497 2171 633 2222 Edd.
665 2172 812 2222 Cald.
844 2173 1058 2223 Mediol.
1096 2172 1262 2237 Lugd.
1299 2172 1448 2224 Junt.
1482 2172 1612 2235 Arg.
1647 2173 1811 2222 Paulo
1849 2182 1969 2223 ante
2004 2175 2150 2223 deest
2172 2176 2317 2223 alium
2342 2175 2492 2227 Huls.
2558 2176 2698 2227 Item

499 2242 736 2298 queen-ente
754 2252 881 2286 unus
905 2239 1034 2288 liber
1060 2238 1206 2288 Torr.
1231 2237 1363 2287 Edd.
1388 2238 1538 2290 Cald.
1561 2237 1684 2287 Ald.
1710 2238 1878 2288 Paris.
1912 2238 2102 2290 Sabell.
2126 2249 2180 2289 et
2201 2240 2436 2304 quaedam
2460 2239 2696 2291 aliani—7

501 2302 702 2351 Deerat
723 2303 903 2352 Licinii
925 2303 1109 2366 Copes.
1157 2304 1284 2353 Mox
1302 2303 1558 2368 Bithynia·
1593 2304 1781 2366 Copes.
1798 2304 1948 2353 Huls.
1984 2304 2121 2354 Olim
2147 2307 2287 2369 prior
2305 2320 2484 2356 versus
2500 2306 2554 2355 in
2577 2307 2699 2356 Goes.

498 2364 789 2431 desinebat,
814 2368 969 2417 etiam
995 2369 1047 2418 in
1074 2369 1192 2418 Bas.
1209 2369 1395 2420 >Plant.
1417 2370 1562 2419 Torr.
1589 2376 1641 2418 et
1666 2369 1890 2421 Casaub.
1913 2369 2146 2420 Edd.—8
2179 2370 2700 2434 Sponsamint.‚l·1uls.

1489 2466 1703 2517 NOTAE

499 2562 673 2613 tunica
707 2570 937 2627 pateret,
975 2564 1146 2616 fibnlae
1178 2580 1349 2616 morsu
1374 2566 1557 2632 astric-

499 2648 627 2690 tum.
690 2640 966 2692 Turnebus
996 2642 1213 2693 Advers.
1236 2659 1299 2694 n.
1319 2642 1413 2693 lib.
1439 2659 1556 2709 cap.

498 2720 581 2766 2⁷.
602 2717 699 2768 hoc
739 2719 855 2768 loco
886 2720 1061 2770 Gallos
1084 2721 1303 2785 intelligi
1328 2729 1382 2770 et
1407 2720 1558 2788 Grae-

498 2808 585 2842 cos
603 2793 886 2858 existimat,
910 2811 1059 2859 quem
1086 2803 1293 2846 secutus
1319 2804 1401 2845 est
1421 2798 1556 2845 Tor-

498 2870 693 2920 rentius
714 2887 729 2920 ε
764 2870 828 2920 ab
850 2881 1068 2936 utroque
1095 2873 1338 2922 dissentit
1361 2875 1554 2923 Casan-

496 2947 681 3010 bonus,
710 2957 806 2996 nec'
827 2947 1111 3000 immeritor
1147 2956 1161 2978 ⁴
1186 2950 1364 3012 Sagati
1384 2949 1398 2973 ’
1420 2950 1558 3000 enim

498 3022 751 3072 vocabulo
770 3037 868 3073 non
886 3025 1071 3087 minus,
1081 3032 1318 3089 utpatet,
1333 3025 1552 3089 intelligi

501 3100 955 3163 possuntHispani
974 3112 1024 3151 et
1045 3103 1141 3166 ipsi
1162 3104 1404 3165 Romani3
1428 3119 1556 3168 quos

498 3183 552 3224 et
577 3189 701 3238 sago
727 3191 844 3226 usos
867 3177 1024 3226 dubio
1047 3180 1225 3242 procul
1252 3187 1353 3231 est.
1369 3180 1556 3231 Horat.

501 3252 670 3314 Epod.
708 3256 757 3301 9.
791 3253 856 3301 de
884 3255 1143 3304 Antonio:
1182 3263 1195 3285 ⁸
1218 3257 1376 3305 Terra
1402 3259 1556 3308 mari·

500 3342 599 3392 que
621 3327 787 3376 vietus
808 3329 966 3377 bostis
978 3330 1179 3380 Punico
1194 3332 1432 3394 Lugubre
1449 3349 1557 3382 mu-

497 3404 630 3453 tavit
673 3405 883 3466 sagum!
952 3405 1162 3455 Palliati
1221 3408 1380 3472 igitur
1435 3424 1556 3458 vere

498 3488 648 3531 erant
669 3481 865 3539 Graeci,
897 3498 1024 3548 quos
1050 3485 1186 3534 inter
1209 3486 1422 3536 comites
1445 3487 1556 3537 Cae-

496 3572 663 3607 sarem
679 3559 923 3609 ‘habuisse
962 3562 1128 3610 nullus
1169 3561 1373 3624 dubito,
1398 3563 1556 3611 medi·

497 3649 586 3682 cos
608 3650 656 3684 v.
681 3651 730 3699 g.
747 3636 1101 3703 philosophos,
1119 3637 1450 3702 eruditosque
1465 3638 1558 3688 ho-

497 3711 675 3773 mines,
712 3727 929 3777 quornm
975 3714 1349 3764 consuetudine
1385 3720 1555 3765 tanto-

496 3803 620 3850 pere
642 3789 1019 3840 delectabatur.
1081 3792 1265 3856 Sagati
1298 3805 1419 3842 vero
1441 3793 1556 3841 Cae-

499 3865 626 3911 saris
652 3878 680 3912 e
717 3865 962 3915 comitatu
984 3866 1151 3917 minus
1175 3868 1459 3931 conspicui,
1490 3869 1554 3917 ad

496 3937 842 3990 differentiam
867 3942 1204 4006 Togatorum.

562 4021 588 4054 Ρ
626 4015 820 4080 Toguti]
876 4018 1215 4070 Honestiores
1253 4037 1282 4070 e
1332 4021 1552 4073 Caesaris

496 4090 745 4142 comitatu
774 4092 1009 4154 Romani,
1044 4097 1319 4147 Senatores
1340 4113 1388 4147 v.
1412 4114 1465 4162 g.
1499 4107 1554 4149 et

495 4166 584 4215 alii
609 4167 992 4232 magistratibus
1026 4171 1211 4234 functi,
1231 4175 1414 4238 quibus
1434 4190 1552 4239 pro-

493 4243 612 4309 pria
629 4250 770 4309 toga.
798 4247 816 4275 ⁸
832 4246 1095 4299 Romanos
1115 4265 1284 4299 rerum
1306 4250 1554 4316 dominos,

1639 2570 1949 2629 gentemque
1981 2570 2208 2629 togatam
2232 2563 2264 2626 ;'
2299 2573 2356 2616 ut
2380 2567 2568 2632 Virgil.
2606 2567 2700 2619 lib.

1640 2654 1678 2692 1.
1720 2641 1920 2692 AEneid.
1960 2642 2166 2706 illisque
2209 2643 2334 2692 vitio
2372 2643 2616 2703 dabatur,
2657 2647 2703 2695 si

1639 2721 1740 2770 alio
1778 2720 1986 2785 publice
2043 2720 2354 2770 vestimento
2409 2731 2701 2788 uterentur,

1639 2796 1775 2859 Aug.
1813 2812 1931 2860 cap.
1961 2800 2046 2846 40.
2087 2803 2141 2845 et
2188 2796 2372 2848 Cicero
2408 2814 2504 2864 pro
2543 2801 2702 2855 Rabi-

1642 2873 1737 2932 rio,
1759 2875 1854 2922 διο.

1703 2958 1728 2996 «ι
1753 2950 2015 3017 Pistorem]
2043 2950 2143 3002 Qui
2170 2952 2353 3015 panem
2379 2951 2700 3004 conticeret:

1640 3027 1904 3076 ministros
1930 3028 2062 3076 euim
2088 3027 2338 3091 ejusmodi
2362 3028 2500 3078 inter
2524 3044 2706 3081 servos

1637 3103 1895 3153 habebant
1919 3104 2134 3155 Romani
2161 3111 2283 3154 tuuc
2303 3106 2583 3171 temporis;
2620 3122 2709 3156 an·

1643 3180 1944 3244 tiquioribns
1981 3180 2117 3231 enim
2153 3181 2320 3244 pistor
2353 3177 2564 3231 omnino
2596 3184 2707 3232 nul·

1640 3257 1739 3321 lus,
1783 3258 2149 3321 mulierumque
2195 3257 2245 3306 id
2285 3272 2415 3321 opus
2462 3265 2605 3322 erat,
2640 3259 2707 3313 ad

1641 3334 1831 3388 bellum
1874 3348 2036 3399 usque
2079 3333 2365 3391 Persicum,
2397 3348 2594 3400 nempe
2641 3335 2708 3385 ad

1640 3427 1825 3461 annum
1853 3413 1917 3461 U.
1942 3412 2002 3461 C.
2027 3411 2234 3460 circiter
2257 3415 2368 3462 586.

1701 3495 1722 3522 ¹'
1760 3486 2056 3550 Nicomedis]
2090 3489 2256 3551 Supra
2279 3502 2393 3550 cap.
2416 3491 2469 3536 2.

1702 3572 1721 3598 ⁸
1753 3564 1979 3620 Actiones
2000 3563 2283 3627 Dolabelloe]
2314 3565 2555 3616 Eundem
2593 3582 2710 3619 esse

1639 3640 1705 3690 de
1723 3656 1824 3705 quo
1843 3655 2015 3709 supra,
2036 3655 2152 3704 cap.
2169 3644 2216 3690 4.
2240 3655 2362 3690 vero
2383 3640 2709 3695 simillimum

1637 3725 1732 3772 est,
1773 3716 1892 3782 qui,
1921 3724 1978 3766 ut
2019 3717 2235 3767 Caesaris
2268 3719 2592 3772 accusationi
2631 3737 2710 3773 re.

1638 3795 1937 3856 sponderet,
1961 3810 2059 3845 una
2082 3810 2197 3861 cum
2217 3794 2441 3845 Curione
2466 3800 2713 3851 actiones

1636 3871 1800 3919 edidit
1822 3872 1872 3919 in
1892 3872 2150 3922 Caesarem
2172 3871 2714 3926 maledicentissimas.

1635 3949 1722 3997 De
1747 3948 1970 3998 Curione
1995 3961 2152 4012 supra
2184 3962 2301 4011 cap.
2325 3953 2375 3998 9.
2398 3948 2414 3976 ‘
2436 3951 2681 4002 actiones
2697 3951 2712 3973 '

1636 4026 1767 4075 dixit
1798 4026 1880 4075 hic
1905 4024 2336 4091 quemadmodum
2358 4026 2431 4076 ibi
2466 4029 2485 4056 ‘
2511 4031 2714 4081 oratio,-

1635 4101 1743 4150 nes'
1778 4108 1834 4150 et
1868 4101 2167 4164 ‘actiones,'
2199 4102 2465 4156 Ciceronis
2504 4120 2553 4155 v.
2580 4121 2631 4170 g.
2657 4106 2710 4160 iu

1636 4179 1874 4251 Verrem,
1897 4181 1995 4231 διο.
