3019 4922
1268 461 1673 518 *rimamus-
2446 457 2576 528 523

392 610 599 689 atque
639 603 954 671 derisum.
1045 602 1225 674 Nam
1257 616 1324 677 et
1346 615 1844 697 grammatico&
1895 618 2075 701 quod
2118 638 2321 703 genus
2363 621 2579 686 homi-

392 724 546 770 num
564 715 592 757 ⁹
620 709 989 794 praecipue,
1015 716 1094 776 nt
1116 712 1436 793 diximuS,
1462 718 2190 804 appetebanejusmodi
2220 724 2359 790 fere
2391 744 2577 808 quae-

394 807 722 879 stionibus
768 814 1268 895 experiebatur:
1313 820 1334 850 ‘
1366 815 1541 895 Quae
1586 826 1798 884 mater
1838 822 2163 890 Hecubae
2184 825 2256 891 τ’*
2315 831 2335 865 ‘
2368 827 2578 908 Quod

392 908 650 975 Achilli
678 931 911 978 nomen
944 916 1110 981 inter
1128 917 1416 1002 virgines
1434 928 1461 956 ⁸
1485 920 1726 988 fuisset
1745 922 1783 989 τ’
1814 928 1835 960 ‘
1862 925 2044 1005 Quid
2080 928 2394 995 Sirenesb
2422 950 2579 997 can-

391 1016 528 1076 tare
553 1014 687 1080 sint
714 1016 936 1083 solitae
956 1003 1037 1082 l’*
1085 1020 1176 1085 Et
1200 1041 1341 1105 'quo
1373 1023 1657 1107 primum
1703 1025 1832 1108 die,
1873 1036 2035 1114 post
2059 1051 2413 1099 excessum
2437 1033 2582 1101 Au·

390 1105 591 1195 sgusti,
623 1115 895 1184 Curiam
916 1122 1208 1204 intravit,
1253 1127 1447 1211 quasi
1481 1128 1717 1212 pietati
1759 1131 1959 1197 simul
2002 1153 2085 1199 ac
2115 1134 2419 1219 religioni
2468 1158 2578 1204 sa-

390 1216 804 1301 tisfacturus,
865 1224 1189 1292 Minois¹0
1243 1232 1603 1314 exemplo:²
1658 1234 1848 1300 thure
1908 1235 2174 1319 quidem
2233 1255 2315 1303 ac
2365 1238 2577 1320 vino,‘¹

389 1336 616 1385 verum
645 1322 786 1388 sine
820 1325 1116 1405 tibicine,
1148 1319 1575 1416 supplicavit,
1620 1342 1697 1400 ut
1740 1338 1855 1402 ille
1888 1338 2049 1403 olim
2078 1340 2145 1405 in
2188 1348 2403 1406 morte
2432 1341 2576 1407 filii.

388 1421 551 1500 [71.]
593 1424 910 1494 Sermone
937 1430 1207 1515 Graeco,
1238 1455 1623 1522 quanquam
1664 1439 1837 1507 alias
1858 1450 1879 1481 ¹
1911 1450 2211 1526 promtus
2242 1451 2309 1511 et
2335 1445 2577 1526 facilia,

1297 1631 1659 1661 oeeneeveoeo

390 1757 638 1808 Rom.-9
670 1759 946 1813 Humanum
966 1763 1082 1830 an.
1147 1767 1338 1818 Postea
1361 1777 1473 1835 quot
1495 1772 1681 1824 Sirene
1699 1761 1799 1825 Ed.
1825 1776 2009 1841 Camp.
2032 1781 2154 1842 quod
2178 1778 2329 1829 Rom.
2352 1794 2457 1831 sec.
2520 1781 2579 1832 Si

389 1820 519 1873 Mss.
546 1824 866 1892 addicerent,
903 1844 1055 1891 posse
1099 1834 1202 1897 legi
1239 1841 1354 1897 quot
1387 1838 1650 1889 existimat
1696 1841 1835 1890 Oud.
1900 1843 2040 1892 Dein
2070 1859 2133 1894 ex
2176 1860 2266 1908 quo
2288 1845 2449 1897 Codd.
2472 1845 2578 1897 duo

384 1880 533 1963 Torr.
555 1890 698 1940 Cort.
725 1892 857 1944 Edd.
881 1896 1032 1946 Rom.
1095 1897 1222 1962 Ipse
1243 1900 1396 1951 Torr.
1417 1902 1597 1953 mallet
1617 1909 1668 1954 et
1700 1905 1881 1957 deleri.
1948 1908 2095 1959 Idem
2133 1910 2277 1960 Cort.
2304 1910 2430 1961 diem
2462 1926 2580 1962 cum

388 1951 545 2002 vind.
568 1959 617 2004 2.
643 1957 954 2021 Camp.-1o
987 1961 1203 2013 Minonis
1240 1966 1453 2017 Memm.
1492 1969 1687 2019 Medic.
1712 1975 1760 2020 2.
1781 1975 1831 2022 3.
1856 1972 2013 2023 Vind.
2034 1979 2085 2024 2.
2108 1975 2223 2039 Cuj.
2253 1976 2402 2027 Voss.
2435 1977 2582 2028 Dun.

386 2016 503 2131 geri
528 2020 714 2071 Minois
738 2038 831 2086 pro
856 2040 903 2074 v.
927 2023 989 2090 Ι.)
1014 2028 1194 2091 Camp.
1213 2030 1630 2093 probante-oud.
1668 2036 1871 2096 Milonis
1895 2038 2090 2089 Medic.
2117 2044 2160 2089 1.
2195 2041 2349 2091 vind.
2375 2046 2422 2092 1.
2449 2043 2581 2104 Cop.

448 2084 542 2134 uls.
587 2086 812 2137 Quidam
833 2091 1015 2154 scripti
1039 2092 1260 2145 Casaub.
1283 2098 1513 2159 mqy’orum
1534 2115 1612 2149 ex.
1679 2101 1813 2152 Dein
1831 2108 1883 2152 at
1904 2104 1949 2152 is
1968 2105 2080 2155 olim
2099 2105 2254 2155 Vind.
2280 2111 2420 2157 1.-1
2443 2106 2581 2157 Alio-

385 2149 466 2210 qm·
496 2164 573 2214 pr.
604 2152 817 2203 Memm.
853 2154 955 2206 duo
992 2156 1162 2211 Pulm.
1198 2161 1414 2213 totidem
1449 2165 1597 2215 'l'orr-
1631 2166 1793 2218 Polit.
1832 2168 2028 2221 Medic.
2046 2175 2096 2220 2.
2116 2170 2271 2223 Voss.
2299 2174 2441 2224 Dun.
2463 2186 2580 2224 cum

1370 2328 1591 2381 NOTAE

323 2466 333 2479 ‚
386 2411 816 2481 logias,·qnarnm
854 2422 1127 2488 occasione
1160 2425 1332 2491 poetae
1362 2434 1447 2479 tot

389 2490 550 2550 Deos,
595 2499 842 2560 tantaque
887 2499 984 2548 alia
1007 2500 1234 2566 tingendi
1271 2519 1444 2556 ansam

387 2569 763 2632 arripuissent?
818 2574 927 2625 Ant
947 2577 1103 2626 etiam
1126 2580 1261 2630 hunc
1284 2579 1446 2632 fnisse

386 2645 655 2707 cujusdam
688 2649 806 2700 libri
843 2652 1070 2716 titulum,
1099 2657 1309 2707 Notitia
1346 2659 1446 2709 Fa·

389 2721 494 2774 bul.
522 2723 720 2775 Histor.
735 2726 887 2778 Rom.
909 2745 1061 2794 quem
1080 2734 1446 2796 grammaticus

385 2813 450 2848 ex
490 2800 591 2851 illis
631 2817 761 2854 nnus
798 2806 1041 2873 ediderit,
1077 2825 1179 2875 quo
1212 2812 1446 2879 Principi

387 2875 634 2941 ejusmodi
658 2884 1010 2945 cognitionum
1040 2887 1228 2951 cupido
1252 2890 1446 2953 gratifi-

385 2963 612 3019 caretur,
650 2964 708 3008 ut
741 2959 891 3023 hujus
925 2962 1029 3012 loci
1055 2979 1234 3015 sensus
1270 2967 1312 3015 is
1346 2967 1442 3017 sit:

387 3030 536 3082 Inter
569 3049 745 3098 opera,
780 3052 895 3102 quae
923 3039 989 3090 de
1026 3041 1195 3105 poetis
1232 3045 1446 3096 edidere

387 3112 727 3178 grammatici,
743 3115 981 3168 Tiberius
999 3119 1220 3170 maxime
1243 3123 1446 3173 curavit

387 3187 534 3252 illud,
568 3191 652 3239 cui
688 3192 870 3243 titulus
907 3196 1131 3260 Notitia,
1158 3201 1277 3249 ὅτε.
1328 3201 1445 3253 Qua

389 3267 589 3316 ratione
627 3267 892 3322 diceretur
928 3276 1043 3338 quis
1092 3291 1158 3325 ex
1202 3279 1445 3341 operibus

384 3342 621 3393 Terentii
645 3346 869 3413 maxime
895 3363 1081 3400 curare
1106 3351 1370 3403 Andriam.

394 3431 400 3438 ·
449 3427 471 3452 2
505 3419 672 3469 Mater
708 3421 943 3488 Hecuboe]
966 3478 971 3485 ,
998 3426 1282 3477 Notissima
1333 3429 1445 3480 haec

387 3493 586 3545 Priami
636 3511 783 3557 uxor,
839 3515 952 3564 quae
1010 3508 1212 3565 patrem
1267 3505 1448 3555 habuit

388 3571 642 3628 Cisseum,
664 3582 776 3636 aut,
799 3582 859 3624 nt
880 3575 968 3625 alii
991 3579 1190 3642 volunt,
1219 3580 1448 3644 Dyman-

391 3654 465 3709 ta,
486 3649 666 3714 ignota
689 3658 878 3702 matre.
944 3653 1115 3719 Super
1135 3658 1284 3707 vanis
1307 3659 1448 3723 ejus-

387 3726 526 3776 modi
547 3728 749 3790 ⁸studiis
788 3730 905 3780 vide
936 3731 1183 3783 Senecam
1222 3734 1354 3785 libro
1384 3736 1449 3786 de

388 3802 658 3860 Brevitate
687 3805 825 3856 Vitae
862 3821 979 3872 cap.
1003 3812 1083 3860 13.
1116 3811 1268 3875 plura
1301 3826 1450 3876 egre·

389 3878 473 3943 gie
497 3886 553 3930 et
575 3881 849 3950 sapienter,
869 3883 1229 3936 disserentem.
1296 3888 1450 3938 Simi-

389 3958 510 4007 liter
547 3957 819 4010 Juvenalis
854 3963 928 4011 ait
962 3963 1071 4012 Sat.
1105 3978 1208 4015 vn.
1244 3965 1342 4016 hoc
1381 3966 1447 4014 ri-

389 4033 520 4084 dens
560 4035 654 4085 sub
697 4034 883 4087 finem:
935 4039 951 4066 ‘
985 4037 1128 4090 dicat
1175 4041 1449 4093 Nutricem

392 4108 650 4169 Anchisae,
682 4126 869 4163 nomen
902 4117 1225 4181 patriamque
1260 4133 1446 4169 nover-

390 4202 466 4238 cae
515 4187 840 4255 Archemori,
876 4192 1013 4242 dicat
1050 4203 1177 4258 quot
1222 4195 1444 4248 Acestes

394 4266 584 4316 vixerit
617 4280 795 4330 annos,
833 4268 975 4320 Quot
997 4271 1198 4321 Siculus
1222 4273 1443 4338 Plu-ygi-

394 4342 491 4394 bus
529 4344 632 4393 vini
668 4344 937 4398 donaverit
975 4362 1128 4399 urnas
1143 4349 1177 4399 ?’
1199 4353 1296 4400 διο.
1362 4351 1442 4401 De

1521 2447 1625 2498 quo
1669 2434 1824 2485 etiam
1864 2433 2071 2500 egregie
2112 2433 2310 2485 Gellius
2346 2433 2437 2487 lib.
2464 2448 2581 2488 xlv.

1522 2524 1570 2561 c.
1593 2515 1641 2562 6.

1586 2592 1611 2618 ⁸
1642 2585 1822 2637 Achilli
1855 2602 2021 2638 nomen
2051 2589 2179 2638 inter
2206 2589 2444 2653 virgines]
2478 2588 2581 2654 Ly-

1521 2664 1751 2714 comedis
1789 2664 1939 2721 filias,
1975 2665 2279 2731 quibuscum
2311 2667 2582 2718 delituisse

1520 2739 1700 2790 babitu
1741 2741 1960 2804 puellari
1996 2751 2176 2792 notum
2200 2750 2311 2793 est:
2350 2743 2486 2793 unde
2525 2750 2583 2794 et

1522 2817 1755 2880 puellare
1800 2831 1988 2869 nomen
2036 2818 2279 2869 habuisse
2320 2819 2582 2870 existima-

1520 2892 1665 2945 bant.

1531 2980 1534 2983 ’
1585 2967 1609 3002 ¹²
1640 2968 1850 3032 Sirenes]
1882 2970 2101 3021 Acheloi
2136 2977 2191 3021 et
2225 2971 2487 3036 Calliopes
2519 2970 2578 3022 fl-

1522 3045 1625 3109 liae,
1663 3060 1730 3095 ex
1766 3046 1981 3096 Homeri
2007 3047 2247 3113 Odyssea
2277 3048 2581 3106 notissimae,

1522 3136 1650 3186 quas
1674 3122 1981 3173 dulcissimis
2004 3124 2167 3175 modis
2196 3125 2452 3176 cecinisse
2476 3132 2581 3176 tra-

1523 3198 1652 3248 dunt
1674 3198 1872 3263 poetae:
1903 3199 1994 3249 sed
2017 3200 2143 3264 quid
2166 3202 2435 3266 speciatim
2459 3216 2585 3253 can·

1524 3281 1719 3338 tarent,
1736 3289 1888 3325 nemo
1913 3276 2157 3339 prodidit.
2222 3279 2453 3330 Quorum
2475 3293 2583 3328 om-

1524 3353 1661 3401 nium
1687 3353 1967 3416 explicatio
1988 3368 2104 3403 cum
2136 3354 2199 3402 ad
2221 3354 2582 3418 grammaticos

1526 3429 1830 3492 pertineret,
1887 3428 2137 3492 ejusmodi
2193 3429 2581 3495 quaestionibus,

1524 3519 1649 3568 quas
1686 3505 1815 3554 solvi
1853 3519 1954 3553 non
1986 3518 2137 3568 posse
2160 3503 2382 3568 sciebat,
2404 3520 2583 3557 eorum

1524 3580 1709 3630 studiis
1732 3579 2001 3630 illudebat.

1538 3666 1542 3671 ’
1588 3665 1611 3691 ⁰
1643 3656 1829 3706 Minois
1852 3657 2085 3722 exemplo]
2115 3656 2283 3721 Hujus
2317 3656 2583 3710 historiam

1524 3731 1761 3783 referunt
1788 3734 2100 3784 Plutarchus
2135 3742 2189 3782 et
2221 3733 2481 3784 Diodorus
2503 3735 2583 3785 Si·

1526 3812 1693 3875 culus,
1715 3811 1805 3860 sed
1824 3810 1906 3860 hic
1922 3812 2063 3859 nulla
2082 3809 2217 3860 sacri
2231 3809 2385 3874 hujus
2406 3811 2585 3862 habita

1525 3889 1799 3938 mentione.
1881 3887 2054 3937 Cretae
2099 3901 2191 3936 rex
2248 3895 2381 3945 erat,
2435 3889 2584 3954 cujus

1523 3965 1661 4016 tilius
1706 3965 2015 4029 Androgeus
2061 3965 2126 4015 ab
2178 3965 2582 4020 Atheniensibus

1528 4041 1833 4107 quibusdam
1869 4039 2177 4092 interfectus
2210 4049 2309 4107 est,
2332 4049 2385 4091 et
2408 4044 2585 4098 multis

1526 4118 1763 4168 aerumnis
1787 4117 2097 4182 vindicatus,
2118 4120 2219 4166 διο.

1586 4193 1612 4229 ‘¹
1649 4197 1804 4246 Thura
1824 4196 2009 4260 quidem
2039 4211 2095 4244 ac
2116 4194 2248 4258 vino]
2282 4195 2369 4246 Ita
2402 4204 2456 4247 et
2490 4196 2583 4248 Se-

1526 4281 1735 4325 natores
1751 4274 1962 4324 ¹curiam
1986 4274 2223 4338 ingressi,
2258 4274 2310 4324 in
2344 4275 2582 4341 Augusto

1526 4365 1643 4416 cap.
1687 4356 1766 4401 35.
1827 4351 1903 4402 Ut
1937 4350 2168 4417 ineptum
2224 4356 2392 4414 notat,
2443 4350 2580 4417 quod
