3019 4922
1191 444 1591 497 commus,
1650 405 1660 414 ’
2360 438 2496 508 339

309 588 433 646 tem
463 589 534 647 et
565 583 814 649 calcios
839 592 879 620 W
902 605 1243 670 nunquam
1271 608 1405 652 non
1453 591 1622 655 intra
1656 591 2035 658 cubiculum
2083 596 2347 674 habuit,
2398 603 2489 665 ad

310 686 560 751 subitos
589 688 1105 774 repentinosque
1135 711 1333 756 casus
1365 699 1617 775 parata.
1650 694 1817 777 [74]
1850 695 2348 764 Convivabatur
2377 711 2445 766 et
2465 712 2486 743 ¹

308 788 601 868 assidue,
634 810 757 856 nec
790 810 1071 875 unquam
1103 793 1231 857 nisi
1262 801 1497 871 recta,¹
1526 815 1657 859 non
1706 779 1847 861 sine
1891 818 2130 881 magno
2179 802 2489 869 ordinum

306 890 771 976 hominumque
799 893 1073 961 dilectu.
1161 884 1475 961 Valerius
1525 897 1833 964 Messala
1886 902 2109 981 tradit,
2159 906 2490 971 neminem

307 1013 595 1077 unquam
622 996 1072 1062 libertinorum
1102 999 1471 1065 adhibitum
1519 1004 1605 1067 ab
1634 1022 1717 1066 eo
1749 1023 1983 1082 coenae,
2013 1013 2306 1090 excepto
2338 1008 2494 1082 Me·

306 1104 438 1172 na,²
459 1104 486 1142 ⁹
534 1098 653 1161 sed
703 1107 963 1164 asserto
1012 1101 1081 1164 in
1138 1103 1668 1184 ingenuitatem,⁸
1723 1113 1882 1189 post
1926 1108 2264 1191 proditam
2321 1111 2492 1174 Sex.

306 1198 605 1284 Pompeii
633 1202 949 1268 classem.
1023 1203 1187 1288 Ipse
1215 1205 1472 1284 scribit,
1513 1206 1832 1276 invitasse
1860 1229 1934 1274 se
1965 1212 2341 1293 quendam,³
2366 1220 2391 1248 ⁸
2420 1214 2492 1277 in

1220 1366 1401 1386 “N“
1407 1367 1486 1387 OOC
1492 1368 1581 1388 ‘O‘

305 1464 372 1514 Ο.
406 1471 461 1515 et
481 1464 601 1514 edd.
624 1466 773 1517 Vett.
815 1468 918 1516 Alii
939 1482 1081 1532 pere
1102 1467 1449 1517 scribunt.—-1
1489 1468 1559 1517 Et
1596 1468 1835 1532 ignorant
1867 1472 2118 1534 Medicei,
2157 1475 2317 1524 Fouc.
2352 1476 2498 1525 Dun..

305 1527 432 1592 Cop.
473 1530 607 1581 Edd.
630 1533 783 1582 Bon.
807 1532 927 1582 Ald.
962 1533 1126 1594 Lugd.
1157 1532 1306 1583 Junt.
1351 1532 1517 1594 Raph.
1550 1534 1670 1583 Bas.
1706 1542 1762 1584 et
1806 1536 1872 1585 al.
1924 1539 2054 1586 Mox
2074 1544 2186 1588 nota
2216 1539 2317 1587 sine
2352 1541 2499 1592 Har*-

300 1594 415 1643 lem.
434 1602 489 1645 et
509 1596 666 1645 dilect.
692 1599 903 1648 Memm.
929 1598 1124 1647 Medic.
1147 1602 1195 1646 2.
1230 1599 1280 1644 8.
1306 1597 1462 1646 Fonc.
1491 1598 1604 1646 Pin.
1628 1598 1726 1648 Ed.
1747 1601 1896 1650 Torr.
1916 1618 2003 1665 que
2033 1603 2181 1652 abest
2215 1604 2413 1654 Medic.
2440 1609 2491 1653 1.

301 1659 467 1722 Supra
503 1666 629 1709 recte
656 1662 848 1712 Medic.
882 1667 1030 1712 2.-2
1062 1662 1205 1711 Mina
1227 1663 1372 1711 Cort.
1409 1661 1569 1712 Metiri
1605 1664 1837 1714 Harlem.
1864 1667 1996 1717 Edd.
2017 1667 2150 1716 Ven.
2176 1675 2243 1716 tr.
2272 1670 2490 1720 Mediol.

299 1739 376 1787 pr.
396 1724 542 1775 eald.
570 1726 709 1775 Dein
725 1727 798 1775 ita
817 1727 1137 1790 distinguunt
1159 1726 1451 1777 Edd.Junt.
1475 1727 1597 1787 Arg.
1617 1726 1737 1776 Ald.
1760 1730 1880 1779 Bas.
1905 1730 2105 1794 Grypli.
2129 1732 2493 1793 ingenuitatem.

301 1789 418 1838 Post
436 1805 512 1853 pr.
536 1790 592 1839 S.
604 1793 670 1841 P.
685 1793 876 1841 classem
889 1793 992 1855 ipse
1005 1792 1260 1850 scribit‚et
1278 1790 1514 1853 perditam
1538 1791 1655 1854 Cuj.
1672 1793 1905 1846 Harlem.
1929 1796 2061 1845 Ven.
2087 1804 2153 1845 tr.
2178 1811 2337 1861 marg.
2363 1798 2486 1847 Bas.

301 1867 413 1904 cum
437 1857 503 1905 al.
523 1858 793 1907 nonnullis.
827 1856 891 1906 In
911 1857 1066 1907 Viud.
1086 1860 1131 1905 1.
1149 1856 1296 1906 deest
1314 1855 1531 1906 Sem—3
1560 1857 1803 1913 Quondam
1817 1860 2036 1912 Menam.
2065 1861 2200 1911 Edd.
2221 1876 2306 1927 qq.
2320 1862 2487 1925 spicat.

1284 2016 1503 2069 NOTAE

361 2124 409 2179 '⁴¹⁷
430 2117 642 2181 Caleios]
694 2120 919 2169 Lunatos
960 2118 1096 2180 illos,
1136 2118 1236 2168 hoc
1274 2124 1356 2167 est

301 2194 453 2244 litera
485 2195 549 2257 C,
583 2195 650 2245 ad
685 2195 966 2246 crescentis
996 2197 1153 2245 Lunoe
1179 2194 1354 2243 simili·

1431 2130 1591 2180 parva
1613 2118 1778 2177 sedet.
1801 2119 1967 2171 turbae
1992 2121 2241 2186 rapienda
2266 2120 2502 2186 togatas!

1430 2194 1511 2243 De
1531 2194 1716 2259 quibus
1740 2195 1873 2245 infra
1896 2210 1999 2246 non
2019 2198 2199 2261 semel,
2218 2204 2275 2246 ut
2296 2199 2493 2247 Neron.

302 2271 551 2327 tudinem,
575 2272 864 2335 insignitos.
906 2271 1175 2324 Juvenalis
1199 2270 1352 2320 Satir.

301 2359 405 2404 vn.
427 2362 506 2398 vs.
540 2350 654 2397 192.
684 2350 700 2376 ‘
725 2347 1029 2412 Appositum
1069 2348 1229 2416 nigrae
1255 2348 1355 2396 Ln-

300 2436 414 2473 nnm
469 2423 700 2475 subtexit
741 2423 933 2474 alutae.’
997 2422 1151 2473 Unde
1197 2423 1353 2473 etiam

300 2500 645 2550 alutacinatos
668 2501 850 2551 Catoni
867 2500 1035 2551 dictos
1058 2507 1204 2551 notat
1231 2501 1359 2548 Tur·

298 2576 463 2626 nebus
484 2576 908 2628 Adversariorum
932 2578 1023 2629 lib.
1050 2590 1173 2627 xix.
1199 2592 1246 2627 c.
1271 2582 1355 2628 24.

298 2653 386 2702 ubi
408 2661 465 2702 et
497 2654 713 2703 mulleos
735 2654 904 2704 dictos
929 2668 1136 2719 quoque
1158 2653 1250 2710 ait,
1273 2654 1356 2703 vel

299 2745 330 2779 a
372 2731 655 2793 mullando,
697 2733 794 2782 hoc
820 2739 902 2782 est
936 2732 1150 2794 suendo,
1186 2739 1245 2781 ut
1279 2731 1356 2782 ait

299 2807 506 2873 Festus,
527 2808 665 2872 apud
688 2822 840 2873 quem
862 2809 1055 2871 legitur
1073 2806 1091 2834 ‘
1109 2807 1356 2857 allucina-

299 2882 419 2946 tos,’
454 2872 550 2933 vel'
572 2884 743 2948 potius
777 2900 806 2933 a
840 2884 996 2934 rubro
1026 2885 1168 2935 mulli
1198 2885 1356 2948 piscis

297 2961 493 3024 colore,
517 2975 631 3010 cnm
657 2976 686 3010 e
709 2969 892 3012 contra
907 2961 1035 3025 pisci
1053 2961 1152 3025 ipsi
1169 2975 1355 3017 nomen

294 3035 518 3085 inditum
561 3035 735 3086 tradat
798 3037 1095 3086 Fenestella
1141 3040 1358 3102 propter

294 3113 514 3162 similem
531 3114 645 3176 ejus
665 3128 782 3163 cum
810 3112 1060 3176 ejusmodi
1084 3114 1245 3164 calcio
1271 3128 1357 3164 co-

294 3190 474 3239 lorem.
544 3188 643 3238 His
678 3203 805 3252 ergo
841 3189 961 3238 dum
1000 3187 1138 3238 foras
1185 3191 1356 3254 prodi-

295 3264 445 3316 bant
466 3264 693 3330 calciati,
723 3267 774 3315 in
812 3265 1052 3316 cubiculo
1077 3268 1241 3316 soleas
1269 3265 1356 3317 ha·

295 3343 524 3405 bebant3
554 3342 794 3392 mulieres
818 3355 940 3390 vero
973 3341 1220 3397 sandalia,
1244 3342 1356 3405 qui-

295 3420 394 3471 bus
417 3420 572 3470 etiam
609 3420 662 3468 in
695 3419 890 3483 nuptiis
918 3432 1007 3467 eas
1029 3417 1237 3468 calciari
1268 3432 1359 3466 vo·

295 3498 464 3559 luere,
485 3503 543 3545 ut
581 3496 659 3545 sui
693 3496 790 3545 hoc
830 3493 1062 3558 symbolo
1097 3492 1356 3542 meminis-

296 3581 413 3622 sent
435 3569 609 3621 officii.
675 3570 810 3620 Vide
849 3571 987 3633 apud
1016 3569 1222 3618 Festum
1243 3582 1356 3618 ver-

294 3647 417 3698 bnm
445 3649 462 3677 ‘
478 3647 730 3712 mulleos,'
749 3654 803 3697 et
826 3652 975 3697 notas
994 3645 1221 3696 Andreae
1244 3644 1359 3694 Da·

295 3724 423 3773 cerii
447 3724 543 3772 viri
563 3723 873 3773 doctissimi.
1159 3738 1162 3742 “

310 3808 315 3809 ’
357 3804 384 3830 ¹
421 3798 598 3863 Recta]
652 3798 768 3848 Hoc
799 3806 882 3848 est
917 3811 1083 3863 coena,
1116 3811 1218 3862 qua
1249 3797 1357 3848 cibi

291 3874 450 3926 iidem
464 3890 469 3895 Ἴ
483 3876 716 3924 omnibus
746 3875 895 3925 simul
925 3874 1354 3924 accumbentibus

293 3951 721 4015 apponebantur,
735 3950 801 4001 ad
835 3948 1175 4000 differentiam
1205 3967 1353 4016 spor·

293 4028 537 4088 tularum,
560 4042 685 4092 quas
708 4026 901 4076 sordidi
932 4026 1137 4092 quidam
1163 4027 1353 4077 divites

293 4104 658 4153 salutatoribus
676 4104 781 4153 suis
798 4103 1102 4167 praebebant
1120 4117 1353 4152 nonnun-

294 4190 447 4242 quam
491 4194 523 4229 e
559 4179 733 4228 limine
777 4178 956 4229 domus
1003 4177 1348 4229 auferendas:

294 4259 427 4321 quod
462 4259 734 4312 Juvenalis
759 4258 994 4324 increpat
1022 4259 1178 4309 Satir.
1204 4272 1242 4309 1.
1277 4275 1361 4310 vs..

293 4336 395 4386 9⁵5>
429 4338 446 4366 ‘
467 4335 622 4388 Nunc
665 4336 904 4401 sportula
941 4334 1107 4401 primo
1148 4333 1350 4387 Limine

1431 2284 1480 2319 c.
1504 2274 1584 2321 16.
1626 2272 1791 2336 Vesp.
1815 2288 1861 2324 c.
1886 2278 1966 2323 19.
2031 2275 2132 2324 Vel
2152 2289 2267 2324 cum
2293 2275 2494 2325 Budaeo

1430 2349 1487 2397 in
1524 2349 1844 2414 Pandemos,
1869 2357 1925 2400 et
1956 2351 2254 2410 Torrentio,
2278 2351 2358 2400 bic
2383 2367 2495 2401 rec-

1432 2432 1535 2474 tam
1553 2425 1803 2490 intellige,
1817 2441 1913 2491 qua
1934 2434 2098 2483 recto,
2116 2427 2213 2477 hoc
2230 2435 2311 2476 est
2326 2427 2497 2491 justo,

1430 2500 1614 2550 ordine
1651 2516 1743 2551 sno
1788 2503 1988 2552 scilieet
2021 2496 2239 2568 quisque
2277 2503 2496 2552 discum*-

1430 2575 1599 2638 beret,
1632 2591 1747 2626 cnm
1784 2579 2031 2641 sportulae
2066 2577 2341 2627 clientibus
2378 2593 2496 2642 pro-

1429 2652 1625 2700 miscue
1669 2660 2064 2716 praestarentur.
2132 2654 2346 2702 Rectam
2391 2669 2504 2703 nom

1431 2740 1549 2778 raro
1587 2728 1885 2792 intelligunt
1921 2731 2109 2779 lautam
2138 2739 2192 2779 et
2222 2730 2500 2794 opiparam·

1430 2819 1629 2856 coenam
1650 2823 1662 2854 z
1689 2822 1791 2870 quo
1809 2810 1988 2856 sensn‘
2008 2814 2150 2857 recte
2170 2807 2379 2856 vivere'
2403 2809 2495 2857 sli-

1429 2881 1637 2946 quando
1687 2896 1780 2946 pro
1836 2883 1980 2932 laute
2034 2883 2229 2932 vivere.
2308 2883 2498 2934 Senec.

1430 2963 1446 2987 ⁴
1468 2958 1667 3008 Omnes
1701 2958 1809 3024 qui,
1833 2965 1893 3008 ut
1922 2956 2001 3009 ita
2032 2958 2224 3022 dicam,
2253 2967 2397 3009 recte
2422 2956 2495 3009 vil.

1432 3034 1598 3084 vunt.'
2482 3040 2488 3049 ”

1493 3118 1516 3154 5
1552 3109 1723 3174 Mena]
1748 3111 2186 3176 Pompeii-Magni
2204 3111 2414 3168 liberto,
2429 3112 2504 3163 ‹ler

1432 3203 1535 3254 quo
1571 3203 1748 3253 supra.
1816 3187 1879 3237 In
1919 3189 2053 3239 hunc
2098 3189 2285 3240 acerbe
2322 3190 2506 3239 admo·

1431 3264 1552 3314 dum
1573 3264 1828 3315 Horatius·
1846 3265 2016 3328 Epod.
2041 3269 2092 3314 4.

1492 3351 1516 3375 ¹
1546 3341 1741 3401 Asserto
1762 3341 1813 3389 in
1835 3340 2204 3405 ingenuitatem]
2243 3339 2419 3388 Asseri
2443 3340 2501 3388 in
2588 3326 2593 3331 ’

1430 3415 1824 3478 ingenuitatem,
1864 3414 2003 3462 aliud
2051 3416 2177 3462 nibil
2221 3421 2301 3462 est
2341 3426 2503 3477 quam*
2525 3428 2528 3431 ·

1431 3490 1767 3553 ingenuorum
1794 3489 2032 3539 obtinere
2060 3490 2202 3554 jura,
2224 3490 2503 3539 civitatem-

1431 3582 1480 3617 v.
1505 3582 1555 3631 g.
1570 3566 1659 3629 jus
1681 3568 1947 3616 anulorum
1965 3580 2255 3623 aureorum,
2278 3565 2497 3614 sedendi

1434 3646 1487 3694 in
1517 3644 1938 3708 quatuordecim,
1975 3640 2040 3690 de
2078 3640 2263 3706 quibus
2303 3641 2352 3688 in
2387 3640 2504 3691 Jul.

1432 3735 1550 3784 cap.
1572 3725 1621 3769 8.
1645 3725 1699 3768 et
1721 3722 1800 3767 39.
1823 3726 1878 3767 et
1902 3718 2037 3779 Aug.
2062 3733 2109 3768 c.
2133 3721 2214 3766 40.
2235 3731 2350 3780 quoe
2374 3731 2499 3779 pro--

1434 3797 1646 3848 ditionis
1667 3795 1877 3860 praemia
1893 3796 2076 3844 Menas
2095 3794 2180 3842 ille
2199 3794 2411 3849 tulerat,
2435 3799 2498 3843 ut

1433 3876 1705 3940 Appianas
1727 3873 1817 3922 lib.
1841 3886 1894 3922 v.
1940 3872 2181 3923 civilium
2210 3870 2496 3935 Bellorum,

1431 3950 1487 4003 e‘t
1524 3953 1627 4002 Dio
1655 3950 1750 4001 lib.
1790 3962 1991 4000 xnvru.
2029 3947 2314 4009 tradidere,
2355 3947 2501 3996 unde-

1431 4029 1684 4080 Horatius
1708 4026 1759 4076 in
1784 4040 1908 4075 eumf
1929 4025 2139 4088 ibidem,
2179 4024 2497 4074 “sedilibus-

1430 4120 1531 4171 qne
1556 4118 1769 4167 magnus
1799 4103 1852 4152 in
1878 4101 2062 4165 primis
2078 4115 2259 4166 eques,
2281 4101 2504 4151 Othone

1405 4219 1409 4223 -
1429 4187 1696 4232 contemto
1718 4177 1918 4228 sedet?>

1490 4264 1516 4291 ⁸
1550 4255 1816 4320 Quendam]
1850 4255 2118 4306 Libertum
2144 4254 2338 4306 scilicet
2360 4262 2499 4315 ζου..

1429 4335 1594 4387 haer-et
1603 4334 1738 4386 enim
1756 4331 2096 4399 cumeoquod
2109 4331 2173 4382 de
2187 4330 2500 4381 libertorum
