3019 4922
1208 390 1601 447 oc'rsvws.
2376 376 2506 445 387

321 539 475 605 dum
529 538 886 615 acciverat,
917 536 1269 602 affirmavit
1296 537 1518 620 ipsum
1557 557 1730 615 esse,
1762 537 1958 622 cujus
2004 539 2221 621 imago
2266 558 2507 604 secun-

320 643 476 709 dum
516 643 801 725 quietem
848 643 978 706 sibi
1021 641 1370 704 obversata
1418 643 1529 705 sit.
1621 641 1920 705 Sumenti
1972 642 2230 705 virilem
2281 650 2508 723 togam

320 747 547 813 tunica
573 744 696 811 lati
724 744 953 821 clavi,9
969 748 1191 807 resuta
1211 750 1238 787 ⁸
1263 761 1351 804 ex
1378 749 1657 826 utraque
1677 749 1889 825 parte,
1912 742 1995 805 ad
2017 743 2220 825 pedes
2245 743 2508 809 decidit.

319 847 632 925 Fuerunt,
664 849 778 930 qui
804 847 1413 929 interpretarentur,
1442 865 1577 909 non
1609 846 1791 910 aliud
1820 844 2275 927 significare,¹0
2306 866 2510 930 quam

318 958 394 1019 ut
419 953 481 1015 is
511 951 698 1032 ordo,
722 949 917 1033 cujus
946 949 1204 1030 insigne
1226 944 1264 982 '¹'
1284 947 1354 1011 id
1387 955 1595 1024 esset,
1625 948 2022 1032 quandoque
2055 949 2117 1011 ei
2148 947 2510 1031 subjicere-

320 1060 441 1119 tur.
530 1052 739 1136 Apud
792 1048 1156 1116 Mundami
1216 1051 1304 1115 D.
1364 1050 1588 1115 Julius
1647 1052 1879 1116 castris
1930 1053 2154 1115 locum
2212 1052 2510 1132 capienS,

323 1175 472 1221 cum
495 1157 753 1239 sylvam
776 1151 801 1189 ¹³
832 1153 1140 1232 caederet,
1155 1154 1458 1218 arborem
1478 1154 1724 1237 palmae
1749 1161 2075 1237 repertam
2096 1154 2510 1230 conservari,

321 1264 398 1322 ut
451 1278 643 1322 omen
692 1257 1015 1334 victoriae,
1056 1256 1302 1340 jussit:
1351 1275 1440 1320 ex
1486 1275 1567 1319 ea
1617 1256 1931 1320 continuo
1976 1261 2205 1320 enata¹
2241 1254 2511 1318 soboles

323 1359 492 1424 adeo
520 1361 588 1423 in
616 1360 857 1443 paucis
887 1359 1129 1424 diebus
1164 1359 1486 1436 adolevit,
1520 1365 1594 1423 ut
1629 1380 1758 1424 non
1788 1360 2225 1443 aequipararet
2250 1365 2275 1393 ²
2306 1358 2513 1423 modo

322 1459 710 1539 matricem,l
755 1482 983 1526 verum
1030 1469 1100 1526 et
1151 1463 1522 1544 obtegeret,
1565 1462 2218 1546 frequentareturque
2264 1461 2515 1525 colum-

324 1561 611 1626 barumm
641 1562 859 1643 nidis3
905 1564 1209 1646 quamvis
1242 1563 1310 1626 id
1352 1563 1577 1626 avium
1609 1583 1818 1645 genus
1849 1562 2082 1628 duram
2115 1570 2183 1626 et
2210 1580 2515 1645 asperam

324 1664 613 1728 frondem
658 1668 953 1731 maxime
981 1667 1162 1731 vitet.
1253 1667 1385 1731 Illo
1432 1671 1498 1730 et
1526 1674 1545 1713 ³
1593 1665 1933 1749 praecipue
1976 1670 2235 1728 ostento
2261 1672 2515 1727 motum

326 1765 659 1832 Caesarem
687 1770 928 1846 ferunt,
960 1788 1038 1832 ne
1070 1789 1269 1854 quem
1300 1770 1500 1833 alium
1534 1768 1663 1832 sibi
1696 1767 2068 1845 succedere,
2100 1786 2300 1850 quam
2329 1786 2516 1830 soro-

324 1869 414 1933 ris
464 1880 801 1954 nepotem,
830 1873 1048 1938 vellet.
1141 1872 1221 1936 In
1282 1890 1555 1935 secessu
1579 1878 1609 1918 4
1660 1868 2040 1955 Apolloniae
2065 1877 2093 1904 ¹¹
2141 1868 2516 1951 Theogenis

1260 2052 1615 2073 OOOOOOOOOOOO

324 2182 569 2232 observata
605 2180 799 2230 Medic.
823 2185 871 2229 1.
893 2186 943 2231 3.
980 2180 1141 2230 Vind.
1166 2189 1404 2247 uterque,
1443 2184 1596 2233 Huls.
1633 2184 1728 2246 Cuj
1735 2188 1847 2233 .-9
1881 2183 2056 2234 Graev.
2089 2183 2222 2246 conj.
2263 2181 2517 2232 laticlavia.

323 2248 450 2296 Mox
476 2251 533 2295 ut
556 2245 704 2294 deest
726 2247 891 2296 Periz.
919 2245 1149 2296 Harlem.
1184 2247 1315 2296 Edd.
1349 2247 1495 2298 Med.
1519 2251 1653 2298 Ven.
1678 2248 1825 2299 Cald.
1850 2249 1970 2296 Bas.
1973 2252 2101 2297 —lo
2137 2249 2259 2297 Ern.
2293 2249 2522 2297 scriben-

324 2312 441 2360 dum
468 2311 619 2358 duxit
641 2310 923 2387 significari,
950 2319 1005 2360 ut
1030 2313 1285 2375 expressit
1308 2313 1491 2375 Steph.
1532 2314 1820 2378 probatque
1855 2313 1995 2362 ond.
2033 2313 2158 2361 Tum
2182 2312 2522 2372 subjicerentur

324 2377 423 2426 Ed.
453 2377 588 2425 Ven.
609 2380 655 2424 1.
680 2386 733 2424 et
756 2376 943 2438 cupiens
969 2377 1196 2426 Harlem.
1200 2382 1294 2426 —1
1333 2379 1468 2427 Nata
1501 2379 1735 2427 Harlem.
1771 2379 1943 2428 Periz.
1966 2379 2121 2426 vind.
2145 2381 2194 2425 2.
2222 2378 2363 2426 Cort.
2387 2377 2520 2425 Edd.

325 2443 505 2502 Camp-
528 2440 743 2490 Mediol.
767 2442 900 2492 Ven.
926 2443 1055 2492 Bon.
1078 2441 1243 2505 Lugd.
1267 2442 1499 2507 aliaeqne.
1569 2444 1764 2493 Suboles
1794 2459 1823 2493 e
1855 2444 2066 2493 Momm.
2089 2440 2255 2492 edidit
2278 2441 2524 2491 Graev.-

322 2511 355 2556 2
386 2506 638 2568 AEquiper.
673 2522 767 2570 per
791 2508 1051 2557 eMernm.
1085 2508 1313 2556 Medicei
1353 2522 1470 2556 cnm
1509 2509 1644 2557 Edd.
1678 2511 1826 2558 Rom.
1892 2510 2026 2558 Dein
2064 2521 2224 2557 verum
2251 2512 2299 2556 et
2335 2506 2522 2555 excudi

345 2572 473 2619 ussit
508 2570 646 2620 Oud.
684 2586 777 2634 pro
820 2574 953 2635 vulg.
989 2587 1150 2622 verum
1187 2572 1348 2632 etiam,
1386 2571 1682 2621 faventibus
1717 2571 1875 2621 Wolf.
1915 2574 2133 2634 Baumg.
2167 2569 2521 2634 suffragantib.

312 2572 583 2685 {mediceis
608 2642 825 2699 utroque
848 2637 1003 2684 vind.
1028 2636 1190 2686 Polit.
1212 2637 1361 2685 Voss.
1381 2638 1524 2686 Cort.
1551 2638 1692 2686 Dun.
1721 2638 1848 2686 Edd.
1873 2637 2026 2685 Rom.
2067 2638 2355 2699 Utrumque
2373 2636 2523 2684 deest

321 2699 484 2749 Fouc.
490 2704 585 2749 -3
615 2701 683 2748 Et
705 2701 882 2749 exulat
906 2716 935 2749 a
959 2702 1106 2749 Rom.
1131 2701 1262 2749 Bon.
1280 2702 1518 2764 praecipuo
1540 2702 1696 2751 vind.
1717 2707 1764 2751 2.
1767 2707 1863 2752 -4
1897 2701 2119 2749 Successit
2148 2702 2359 2749 Memm.
2386 2699 2521 2749 Har-

322 2765 697 2816 lem.aeecemm
734 2764 927 2816 Medic.
967 2770 1014 2816 1.
1040 2771 1089 2815 8.
1112 2767 1243 2829 Cop.
1267 2766 1316 2813 in
1353 2768 1537 2831 quibus
1554 2769 1848 2830 per-tegulam
1872 2781 1984 2815 curn
2011 2766 2160 2816 Huls.
2211 2765 2375 2814 Paulo
2400 2772 2522 2814 ante

1316 2945 1529 2996 NOTAE

387 3046 415 3082 8
451 3037 659 3101 Βεειιέιι]
706 3038 1007 3090 Franciscus
1053 3041 1277 3092 Guietus
1307 3042 1385 3091 in·
1465 3044 1707 3110 Angusto
1746 3043 2068 3109 capiendum,
2108 3044 2188 3093 vel
2235 3040 2524 3105 Angustum

319 3120 651 3178 terpretatur
673 3114 915 3166 de'cousue.
969 3117 1250 3168 Salmasius
1271 3119 1388 3170 refi·
1467 3122 1704 3172 avunculi
1743 3121 1841 3181 aui,
1885 3121 2036 3184 eujus
2077 3120 2210 3170 filius
2247 3118 2524 3181 adoptione

318 3191 560 3242 bulatam
584 3190 850 3254 intelligit,
883 3192 1027 3244 nodis
1049 3194 1254 3245 scilicet
1276 3197 1387 3260 qui·
1468 3198 1678 3249 futurus
1701 3206 1832 3256 erat,
1868 3200 2082 3262 gloriam
2125 3203 2522 3260 superaturum3

318 3267 422 3322 bus
494 3268 875 3330 astringebatur
939 3269 1135 3319 solutis.
1230 3271 1383 3323 Quod
1464 3273 1600 3339 quod
1628 3277 1797 3337 palma
1821 3277 1934 3337 ipsa
1958 3275 2174 3322 matrice
2193 3274 2354 3333 major
2372 3270 2526 3328 'sobo-

320 3342 508 3407 quidni
546 3344 823 3394 Suetonius
857 3344 1099 3396 dixisset?
1146 3347 1272 3397 Suta
1311 3347 1383 3395 di·
1465 3350 1541 3400 les
1567 3349 1933 3411 portendebat.

316 3420 1192 3484 cunturresui,quemadmodumet
1208 3421 1386 3472 clausa
1528 3421 1543 3455 ¹
1577 3424 1858 3487 Matricem]
1890 3423 2145 3481 Palmam,
2179 3436 2242 3469 ex
2282 3433 2382 3484 qna
2407 3432 2523 3481 pro·

317 3494 547 3545 recludi.
613 3496 697 3544 De
732 3496 825 3545 bac
864 3497 1120 3560 particula
1153 3512 1207 3547 re
1228 3512 1387 3562 supra
1468 3497 1621 3547 ducta
1656 3506 1791 3559 erat,
1827 3499 1973 3563 quasi
2020 3506 2260 3553 matrem,
2298 3503 2355 3545 ut
2390 3494 2524 3543 dixit

318 3572 390 3619 ad
418 3585 468 3619 c·
490 3575 571 3619 ⁷8·
1466 3575 1716 3638 Virgilius
1756 3575 1849 3624 lib.
1873 3589 1936 3624 ιι.
1961 3574 2208 3638 Georgic.
2250 3586 2402 3621 versu
2441 3574 2522 3619 18.

384 3645 411 3679 ¹²
450 3647 602 3707 Cuius
620 3648 828 3712 insigne]
861 3650 996 3699 Vide
1028 3666 1186 3715 supra
1206 3651 1255 3700 in
1278 3651 1386 3702 Jul.
1467 3651 1482 3678 ‘
1502 3650 1781 3702 Parnassia
1806 3651 1980 3698 laurus
2000 3649 2173 3698 Parva
2210 3647 2303 3696 sub
2330 3645 2526 3709 ingenti

314 3738 365 3774 c.
385 3726 475 3771 45.
513 3731 568 3771 et
598 3723 650 3771 in
673 3723 805 3788 Aug.
828 3728 909 3775 88.
931 3729 1030 3775 διο.
1466 3728 1648 3777 matris
1672 3742 1725 3777 se
1750 3727 1957 3791 subjicit
1974 3722 2190 3775 umbra.’

383 3802 399 3837 ¹
435 3804 695 3867 Mundam]
728 3804 806 3853 De
828 3819 931 3869 qna
965 3819 1123 3869 supra
1146 3818 1288 3869 saepe
1330 3804 1381 3854 in
1527 3810 1564 3837 ¹¹¹
1601 3801 1957 3864 Columbae-um]
2016 3801 2134 3850 Hoc
2178 3797 2383 3848 nomine
2434 3808 2522 3858 pa-

311 3880 432 3932 Jut.
450 3893 501 3927 e.
525 3884 608 3928 66.
629 3883 728 3928 &c-
1462 3880 1664 3929 lumbes
1683 3880 1952 3940 intellige,
1938 3895 1951 3907 ·
1981 3890 2149 3941 neque
2167 3875 2302 3924 enirn
2323 3872 2525 3921 domes·

383 3953 410 3987 Β
432 3954 654 4017 Sylvam]
690 3955 878 4005 Refert
899 3962 953 4004 et
978 3956 1081 4005 Dio
1106 3956 1192 4006 lib.
1220 3970 1379 4007 xnu.
1465 3956 1583 4005 ricae
1604 3956 1705 4004 illa·
1732 3953 2023 4004 columbae
2011 3968 2064 4002 ιιι
2092 3950 2358 4001 arboribus
2403 3960 2524 3996 con·

312 4030 413 4082 sed
440 4046 503 4080 eo
539 4030 654 4093 ipso
675 4046 776 4095 quo
811 4041 1095 4096 pugnatum
1137 4039 1218 4082 est
1255 4033 1385 4090 loco,
1470 4032 1641 4083 sidere
1665 4031 1859 4081 videas.

311 4117 533 4159 enatum
560 4111 743 4172 palmae
766 4124 1010 4173 germen.
1035 4117 1258 4174 utroque
1279 4124 1385 4158 mo
1533 4117 1558 4144 ⁸¹
1591 4110 1651 4159 In
1671 4122 1854 4158 secessu
1887 4106 2177 4171 Apolloniae]
2216 4104 2385 4168 Supra
2408 4114 2523 4164 etp.

310 4177 386 4236 do
414 4195 522 4235 stat
559 4186 748 4234 ominis
779 4186 1102 4250 conjectura,
1144 4200 1383 4249 inagnum
1467 4190 1514 4235 8.
1540 4195 1595 4236 et
1621 4191 1699 4235 10.

312 4264 529 4314 scilicet
555 4260 783 4311 fructum
807 4275 871 4310 ex
894 4261 1021 4312 Julii
1042 4261 1302 4311 laboribus
1328 4261 1392 4310 ab
