3019 4922
1453 379 1478 437 >

1180 446 1579 501 οστΛνῐυε.
2359 457 2486 522 401

293 581 677 660 portarunt3
724 583 1059 664 noctibnS,
1096 591 1361 673 propter
1392 598 1544 660 anni
1576 603 1908 684 tempusy
1937 626 2087 672 cum
2112 609 2393 691 interdiu
2416 619 2484 682 in

292 677 933 769 basilica'cujusque
967 691 1226 774 oppidi,
1242 694 1354 758 vel
1377 696 1442 760 in
1464 699 1706 766 aedium
1728 711 1753 752 ⁷
1778 710 2113 776 sacrarum
2137 717 2488 800 maxima,¹

289 789 739 864 reponeretur.
827 788 884 853 A
925 791 1219 859 Bovillis
1268 804 1577 881 equester
1621 804 1786 869 ordo
1821 814 2145 896 suscepit,
2179 816 2501 907 Urbique

288 881 534 963 intulit,
568 893 774 972 atque
817 890 886 953 in
919 895 1251 961 vestibulo
1287 899 1538 966 ‘domus
1582 906 1996 975 collocavit.y
2084 915 2374 985 Senatus
2417 931 2484 989 et

286 981 350 1047 in
408 986 639 1054 funere
689 995 1015 1074 ornando,
1074 1004 1143 1064 et
1173 1000 1280 1072 ·in⁸
1314 1005 1635 1071 'memoria
1682 1009 2097 1095 honoranda,
2124 1040 2207 1085 eo
2252 1024 2479 1091 studio

283 1090 1012 1177 certatim-progressus
1037 1106 1166 1179 est,
1196 1109 1269 1167 ut
1295 1104 1459 1171 inter
1488 1108 1627 1172 alia
1669 1116 2018 1198 complura
2055 1127 2430 1191 censuerint
2451 1129 2476 1167 ⁸

284 1190 578 1271 quidam,
630 1196 828 1262 funus
888 1200 1274 1287 triumphali
1327 1215 1561 1290 porta²
1613 1211 2004 1298 ducendum,
2062 1227 2476 1305 praecedente

284 1290 648 1374 Victoria:
671 1313 826 1382 quae
866 1308 971 1367 est
1009 1306 1079 1368 in
1110 1307 1337 1386 Curia,
1371 1315 1770 1382 canentibus
1798 1325 2130 1389 naeuiam⁹
2156 1326 2182 1363 ¹²
2229 1331 2474 1412 princi-

277 1393 450 1475 pum
471 1396 736 1464 liberisc
780 1405 1123 1489 utriusque
1154 1429 1398 1477 sexus:
1448 1416 1585 1495 alii,
1618 1424 2051 1504 exequiarum
2074 1429 2193 1495 'die
2218 1453 2481 1516 .ponen-··

233 1508 238 1509 ⁷
276 1493 397 1559 dos
452 1502 725 1565 annulos
778 1506 1074 1593 aureos,‘¹
1114 1510 1500 1596 ferreosque
1557 1523 1955 1591 sumendos:
2002 1536 2326 1613 nonnulli,
2375 1538 2470 1601 le-·

272 1599 484 1677 genda
511 1619 671 1666 ossa
694 1611 717 1638 ⁶
741 1624 863 1688 per
884 1610 1262 1676 sacerdotes
1290 1634 1698 1686 summorum
1716 1633 1766 1662 ¹0
1783 1629 2273 1714 collegiorum.f
2313 1639 2470 1704 Fuit

264 2062 380 2098 cum
407 2052 540 2102 Edd.
565 2058 887 2119 quibusdam.
942 2068 1108 2130 Supra
1129 2075 1182 2119 ut
1203 2072 1379 2122 interd.
1402 2075 1548 2127 Cort.
1573 2084 1617 2127 el
1641 2081 1877 2135 interdum
1898 2088 1996 2136 Ed.
2020 2089 2299 2155 (lamus-8
2338 2098 2460 2147 Cen-

258 2121 456 2164 suerunt
483 2119 648 2168 Vind.'
676 2127 720 2171 1.
756 2130 1072 2182 consuluerint
1093 2136 1249 2197 vind.
1283 2142 1432 2188 2.—9
1466 2142 1644 2193 Naem’a
1679 2146 1846 2198 Periz.
1876 2151 2114 2215 Eadem.
2146 2159 2285 2208 nenia
2310 2161 2467 2212 'Edd.'

258 2178 394 2228 Ven.
419 2186 472 2229 2.
494 2186 541 2233 3.
576 2188 761 2238 veniam
783 2193 897 2256 cuj.
929 2196 1063 2246 Edd.
1149 2213 1249 2250 om.
1272 2204 1404 2253 Ven.
1434 2208 1479 2255 1.
1536 2207 1595 2256 ln·
1635 2212 1868 2273 plurimis
1908 2217 2032 2267 Mss.
2074 2235 2168 2283 per
2192 2223 2410 2288 simplex
2435 2243 2461 2275 e

260 2243 524 2294 scribitur·
580 2250 714 2300 Dein
736 2261 1067 2323 sumendosque
1110 2281 1204 2316 err.
1229 2265 1357 2317 liber
1380 2278 1489 2331 opt.
1506 2271 1660 2324 Torr.
1684 2284 1739 2325 et
1760 2293 1866 2328 ossa
1885 2281 1979 2343 leg.
2003 2291 2067 2332 tr.
2087 2286 2281 2338 Medic.
2301 2291 2458 2340 vind.

256 2312 305 2357 2.
343 2309 462 2375 cuj.
488 2313 637 2365 Voss.
679 2320 948 2373 Dum—10
981 2328 1169 2390 Mallet
1204 2332 1350 2385 Torr.
1377 2350 1583 2387 summos
1608 2349 1788 2392 contra
1819 2345 1984 2397 Codd.
2019 2348 2189 2421 fidem,
2227 2354 2362 2425 sicut
2401 2358 2461 2426 et

1246 2466 1298 2515 N
1305 2467 1462 2519 ΟΤΙΕ

318 2543 351 2568 ”
401 2537 540 2590 Anni
582 2548 782 2611 tempus]
850 2553 1061 2604 Calores
1111 2559 1316 2612 scilicet

1415 2599 1420 2604 -
1457 2574 1480 2600 ⁸
1531 2569 1762 2635 Victoria]
1805 2563 1958 2624 Hanc
1993 2576 2242 2628 Victoriae
2277 2580 2452 2646 imagi-

252 2611 447 2659 mensis
469 2614 709 2701 augusti,
732 2621 799 2673 A:
818 2626 886 2674 U.
913 2628 1109 2713 ⁰⁰.⁷⁶⁷·

1389 2657 1505 2692 nem
1533 2646 1654 2696 olim
1676 2650 1900 2700 Tarento
1937 2651 2222 2704 advexerat
2245 2656 2450 2721 Augus-

1291 2738 1311 2748 -
1371 2717 1491 2782 tus,
1528 2731 1582 2772 et
1621 2724 1672 2773 in
1713 2726 1870 2775 Curia
1909 2730 2067 2793 Julia,
2101 2747 2129 2779 a
2163 2734 2292 2782 sein
2317 2736 2449 2786 Julii

1208 2786 1219 2797 “
1299 2820 1312 2833 ·
1387 2796 1632 2848 bonorem
1658 2801 1917 2870 dedicata,
1949 2818 2207 2871 posuerat.

171 2849 172 2852 ’
251 2836 371 2889 Hoc
391 2840 510 2892 ideo
533 2849 736 2899 notavit
758 2851 1051 2921 Suetonius,
1069 2862 1309 2922 quianon

247 2913 385 2965 aliud
409 2916 617 2980 honoris
639 2926 845 2976 maximi
870 2932 1032 2995 majus
1064 2935 1309 2988 indicium

245 2997 365 3052 est;
402 2992 455 3042 id
498 2996 632 3045 enim
666 3000 910 3055 Romanis
943 3009 1142 3071 legibus
1179 3016 1307 3064 veti-.

243 3070 352 3114 tum
389 3077 525 3132 erat,
547 3074 827 3135 quinimmo
849 3094 916 3130 ne
936 3084 987 3131 iu
1010 3085 1164 3137 urbes
1197 3092 1308 3153 qui·

242 3141 362 3197 (tem
399 3147 565 3210 recipi
599 3158 828 3206 mortuos
861 3155 943 3207 fas
978 3172 1122 3224 erat3
1167 3166 1303 3228 quod

241 3230 305 3268 ea
321 3233 442 3282 quar
457 3223 656 3284 superis
680 3226 792 3277 Diis
814 3241 1021 3284 sacrata
1038 3248 1203 3296 erant,
1224 3257 1305 3298 so,

238 3292 288 3341 lo
319 3297 393 3345 rei
417 3294 643 3349 funestae
668 3311 915 3360 contactu
942 3314 1101 3373 pollui
1124 3319 1303 3370 crede·

239 3377 376 3426 rent.
449 3375 565 3424 Nec
602 3376 653 3425 id
692 3380 931 3434 Romanis
964 3392 1186 3454 tantum,
1208 3398 1300 3446 sed

235 3452 293 3493 et
317 3446 565 3500 ,Iudaicis
602 3453 803 3517 legibus
838 3459 974 3512 idem
1009 3463 1122 3515 fieri
1143 3470 1299 3521 ,nefas

234 3531 371 3578 erat,
395 3530 456 3574 ut
478 3540 544 3574 ex
567 3526 654 3578 lib.
677 3544 739 3580 ιι.
763 3534 965 3599 Regum
981 3553 1028 3591 c.
1047 3545 1124 3593 14.
1148 3548 1226 3597 15.
1244 3556 1299 3597 et

229 3601 316 3650 23.
341 3607 568 3653 constat.
1282 3650 1293 3662 ι

294 3682 318 3716 1
356 3677 642 3744 Collocavit]
696 3684 778 3733 De
812 3688 1170 3758 collocatione,
1212 3712 1298 3747 su·

228 3764 330 3813 pra
352 3752 410 3800 in
433 3753 573 3805 Julio
595 3771 643 3806 c.
669 3762 750 3808 84.
933 3783 936 3786 ’

261 3847 262 3850 ¹
291 3835 314 3859 ⁸
348 3828 645 3893 Triumphali
662 3838 828 3902 porta]
849 3840 997 3894 Idem
1015 3846 1183 3899 refert
1196 3851 1294 3901 Ta-

226 3901 365 3952 citus
384 3917 425 3953 r.
449 3904 741 3962 Annalium.
776 3915 893 3967 Hac
916 3936 1104 3987 pompa
1117 3927 1293 3977 trium-

225 3979 449 4040 phorum
474 3986 882 4058 traducebatur,
901 3998 991 4048 ubi
1013 4000 1163 4054 hodie
1186 4007 1290 4058 Xe·

222 4054 537 4107 nodochium
577 4062 756 4120 Sancti
778 4071 1035 4135 Spiritus.
1102 4081 1289 4134 Visum.

225 4138 420 4194 turque
436 4147 599 4199 prope
617 4141 946 4213 Vaticanum,
968 4154 1019 4203 in
1042 4154 1289 4214 interiore

223 4204 451 4257 fluminis
486 4212 620 4278 ripa,
658 4223 826 4281 pontis
860 4234 916 4276 et
935 4238 1099 4295 portae
1124 4251 1286 4300 quom

225 4282 347 4332 dam
370 4286 620 4352 reliquiae.

355 4366 538 4431 Delph.
556 4379 620 4422 εἰ.
634 4375 748 4428 Var.
770 4380 901 4433 Clas.
921 4345 928 4352 ‡

1449 2873 1472 2907 ¹²
1516 2876 1766 2944 Noeniam]
1807 2882 2046 2934 Funebre
2098 2901 2324 2947 carmen,
2372 2889 2446 2940 *de

1386 2964 1487 3012 quo
1504 2950 1617 3013 jam
1656 2955 1706 3004 in
1738 2958 1878 3014 ‚Iulio
1913 2963 2160 3013 nonnulla
2195 2978 2241 3015 c·
2277 2969 2356 3017 84.
2388 2975 2445 3018 et

1386 3023 1574 3076 Festus
1597 3036 1653 3079 et
1684 3033 1998 3097 Nonius,‹ac
2028 3044 2321 3102 praesertim
2357 3046 2444 3094 Ci-

1383 3113 1505 3150 cero
1525 3117 1591 3153 11.
1614 3104 1681 3155 de
1709 3109 1932 3173 Legibus
1956 3117 2267 3168 meminere:
2303 3121 2443 3173 ‘Ho-

1381 3184 1679 3231 noratorum
1705 3185 1941 3237 virorum·
1966 3191 2146 3242 laudes
2179 3196 2244 3244 in·
2267 3199 2441 3249 conci·

1383 3267 1481 3303 one
1506 3268 1870 3327 memorentur,
1904 3281 2093 3332 easque
2123 3273 2278 3321 etiam
2317 3289 2441 3325 cana

1381 3333 1464 3376 tus
1486 3331 1563 3378 ad⁴
1577 3333 1837 3387 tibicinem
1860 3352 2216 3406 prosequatur,
2240 3350 2324 3397 cui
2348 3357 2437 3399 no-'

1379 3417 1497 3454 men
1538 3409 1590 3456 N
1595 3411 1764 3462 mnia!
1864 3416 1946 3466 De
1969 3420 2083 3468 aliis
2104 3422 2257 3472 etiam
2283 3427 2435 3476 rebus

1378 3482 1546 3531 naenia
1581 3484 1790 3550 dicitur,
1826 3497 1883 3540 ut
1911 3496 2319 3549 eruintiliani
2343 3503 2432 3553 tib.-

1379 3570 1503 3608 vm.
1537 3574 1584 3608 c.
1607 3566 1656 3610 2.
1684 3572 1850 3626 patet.

1385 3635 1393 3645 “
1424 3642 1462 3678 ,⁰
1492 3635 1777 3703 Principum
1798 3643 1999 3711 liberisT
2021 3648 2179 3700 Quasi
2204 3666 2432 3705 commu·

1375 3723 1491 3758 nem
1511 3722 1778 3775 parentem
1798 3718 2040 3771 lucturis:
2065 3728 2280 3777 nae'niam
2292 3732 2428 3781 enim

1373 3790 1643 3853 ceteroqui
1664 3794 1948 3846 cantabant
1971 3807 2286 3853 mortuorum
2309 3822 2427 3869 pro-

1371 3862 1569 3926 pinqui,
1602 3874 1691 3915 aut
1718 3870 1899 3921 saltem
1923 3889 2096 3925 eorum
2123 3880 2237 3929 loco
2256 3883 2427 3945 praeti-

1370 3951 1469 4000 cae,
1490 3939 1556 3989 de
1579 3944 1762 4007 quibus
1783 3947 1837 3996 in
1858 3949 2002 4001 Julio
2025 3968 2070 4003 c.
2096 3959 2177 4005 84.
2269 3969 2273 3979 ·
2418 3965 2423 3974 ’

1375 4043 1380 4048 -
1408 4013 1443 4047 ⁴¹
1460 4016 1712 4069 ponendos
1727 4027 1924 4075 annulos
1939 4030 2130 4093 aureos]
2149 4034 2423 4098 Equestris·

1367 4097 1421 4139 et
1443 4091 1730 4148 Senatoriae
1755 4101 2024 4165 dignitatis
2041 4107 2291 4174 insignia3
2317 4113 2420 4165 fer-³

1366 4167 1441 4215 rei
1461 4170 1596 4219 enim
1619 4174 1784 4236 plebis
1799 4187 1969 4230 erant.
2346 4197 2351 4204 '

1432 4250 1455 4276 ⁶
1470 4245 1834 4317 Legendaossa]
1852 4256 2288 4325 colligenda-post
2305 4281 2419 4317 cre-

1267 4351 1274 4359 ·
1367 4324 1663 4380 mationem.
1728 4331 1913 4397 virgil.
1948 4335 2001 4385 in
2035 4351 2106 4389 vr.
2143 4341 2160 4366 ‘
2181 4340 2415 4409 Ossaque

1233 4396 1431 4450 Sueton-

2156 4423 2287 4471 ⁷20
