3019 4922
2359 369 2488 465 127

231 559 236 562 ⁴
304 558 570 624 nuutios
600 556 684 623 d'e
716 559 791 623 se
821 559 1239 642 praevenerit.
1285 557 1442 639 [58.]
1474 559 1556 625 In
1588 560 1916 625 obeundis
1945 559 2490 644 expeditionibus

237 741 246 752 .
305 647 598 741 dubium,
627 661 886 727 cautior
917 681 998 725 an
1030 660 1416 727 audentior&
1509 663 1892 728 Exercitum
1926 661 2146 746 neque
2177 683 2298 746 per
2326 665 2493 730 ins'i-
2532 747 2536 752 ἢ

305 765 492 829 diosa
519 765 809 830 itinera⁴
853 763 1049 828 'duxit
1077 769 1393 848 unquam,
1424 766 1553 830 nisi
1585 766 2142 850 perspeculatus⁵
2188 767 2491 832 locorum

304 868 508 951 situs3
552 886 768 952 neque
796 866 1318 940 in„Brita'nniam
1349 870 1750 946 transvexit,
1781 868 1911 931 nisi
1956 876 2110 932 ante
2158 883 2277 952 per
2321 890 2396 934 se
2423 865 2491 910 ⁶³

303 978 536 1054 portus
588 971 661 1037 et
681 970 1203 1053 ,navigationem
1231 975 1296 1034 et
1326 989 1672 1035 accessum
1700 970 1785 1035 ad
1808 957 2105 1034 insulam
2139 971 2492 1054 explorasss

303 1084 416 1141 set.
505 1074 605 1141 At
630 1075 833 1153 id'em,
860 1070 1687 1140 obsessione.castrorum¹‘
1735 1074 1802 1136 in
1835 1072 2200 1139 Germania
2220 1082 2246 1123 ⁷
2277 1074 2491 1141 nuntiss

305 1184 436 1257 ata,
484 1197 605 1262 per
655 1179 979 1243 stationes
1025 1176 1328 1242 hostium
1383 1176 1657 1242 Gallico
1707 1177 1939 1242 habitu
1986 1180 2355 1260 penetravit
2405 1181 2494 1245 ad

301 1298 482 1347 suos,
571 1280 639 1345 A
671 1279 1029 1345 Brundisio
1064 1275 1585 1364 Dyrrhachium¹
1637 1280 1804 1348 inter
1846 1280 2204 1364 oppositas
2236 1280 2490 1347 classes

302 1385 530 1471 hyeme
577 1385 969 1450 transmisit.
1053 1383 1630 1465 cessantibusque
1674 1383 1914 1466 copiis,
1958 1402 2125 1465 quas
2169 1385 2493 1468 subsequi

294 1486 611 1571 jusserat,
642 1505 793 1551 cum
824 1486 912 1551 ad
954 1484 1435 1551 arcessendas⁸
1484 1484 1730 1549 frustra
1774 1504 1961 1569 saepe
2005 1486 2325 1565 misisset,
2375 1506 2494 1552 no·

302 1593 570 1657 vissime
600 1591 754 1675 ipse
778 1591 955 1656 clam
978 1597 1184 1656 noctu
1215 1591 1575 1677 parvulum
1594 1590 1930 1674 navigium
1963 1591 2151 1656 solus
2174 1592 2496 1658 obvoluto

301 1696 523 1778 capite
554 1694 973 1772 conscendit,
1015 1713 1230 1778 neque
1261 1701 1381 1760 aut
1410 1693 1565 1777 quis
1594 1700 1795 1771 esset,
1839 1701 1993 1759 ante
2022 1694 2330 1773 detexit,⁹
2381 1699 2497 1761 aut

300 1798 803 1880 gubernatorem
834 1796 1072 1861 cedere
1102 1795 1404 1861 adversae
1436 1795 1823 1879 tempestati
1853 1787 2102 1882 passus
2131 1805 2255 1873 est,
2287 1818 2491 1882 quam

298 1919 492 1984 paene
553 1901 827 1966 obrutus
885 1901 1227 1966 fiuctibus,
1345 1900 1507 1984 [59.]
1572 1897 1640 1963 N
1644 1918 1681 1962 e
1700 1905 1752 1936 ¹0
1794 1898 2171 1983 religionem
2219 1901 2494 1983 quidem

297 2003 437 2069 ulla
482 2024 525 2069 a
571 2024 907 2089 quoquam
936 2005 1210 2088 incepto
1244 2002 1628 2068 absterritus
1660 2021 1950 2086 unquam
1982 2004 2084 2069 vel
2115 2002 2492 2070 retardatus

1167 417 1174 425 '
1254 411 1546 462 sumus·
1609 415 1617 428 ”·

1213 2185 1576 2206 OOOOOOOOO‘OO

295 2336 353 2371 an
385 2320 612 2370 audacior
644 2320 881 2372 Harlem.
919 2322 1094 2372 Periz.
1118 2321 1253 2372 Edd.
1276 2320 1412 2371 Ven.
1438 2319 1744 2371 tr.'Mediol.
1767 2321 1898 2371 Bon.
1921 2319 2071 2371 Junt.
2096 2319 2258 2384 Lugd.
2284 2318 2408 2369 Ald.
2432 2315 2502 2371 alss

295 2389 387 2435 —4
421 2386 551 2435 Loca
576 2387 766 2450 Copes.
788 2388 1068 2438 Barth.—5
1105 2388 1261 2437 Maiit
1283 2386 1538 2435 Bernecc.
1568 2386 1784 2449 praespic.
1819 2401 1934 2435 cum
1966 2386 2144 2436 Barth.
2181 2385 2297 2436 cod.
2337 2379 2500 2454 recla-

296 2457 471 2503 mante
496 2453 676 2503 Bnrm.
706 2468 793 2517 per
812 2455 1069 2517 speculatus
1094 2454 1283 2517 Copes.
1316 2452 1653 2516 perepiculatos
1675 2450 1819 2501 Med.
1841 2456 1887 2501 l.
1911 2455 1961 2501 3.
2000 2458 2056 2502 et
2082 2452 2238 2502 Polit.
2261 2451 2313 2500 in
2335 2450 2498 2515 margss

296 2518 613 2568 haedleh—6
631 2519 797 2568 Boxh.
818 2518 1076 2570 et'Heins.
1100 2517 1429 2569 scribendum
1453 2518 1648 2567 vellent
1662 2532 1895 2582 persaepe:
1919 2518 2059 2580 Lips.
2075 2525 2131 2567 et
2145 2518 2398 2566 Bernecc.
2413 2531 2501 2579 per

293 2598 415 2632 suos.
452 2584 577 2632 Ern.
602 2593 774 2633 autem
798 2585 937 2648 conj.
967 2585 1066 2635 nisi
1087 2586 1291 2644 omisso,
1329 2582 1689 2643 corrigendum
1728 2587 1877 2631 trans.
1911 2588 2023 2632 ante
2054 2595 2194 2645 quam
2226 2597 2274 2644 p.
2295 2587 2361 2630 et.
2383 2596 2503 2631 u.—

294 2652 325 2698 ⁷
349 2648 592 2698 Malebat
615 2649 741 2698 Ern.
761 2649 813 2698 in
836 2650 1018 2710 Gallia,
1042 2657 1100 2700 ut
1123 2650 1177 2699 in
1201 2648 1383 2699 Barth.
1406 2647 1526 2697 cod.
1551 2647 1806 2709 probante
1833 2646 2015 2697 Heius.
2038 2646 2128 2695 sed
2156 2646 2279 2695 nihil
2302 2651 2506 2695 mutant

295 2713 400 2765 alii.
468 2712 677 2764 Deinde
700 2729 857 2776 supra
878 2716 1038 2765 suasit
1061 2710 1200 2767 Oud.
1222 2715 1391 2763 itidem
1415 2726 1508 2777 pro
1532 2712 1673 2769 idem,
1703 2711 1911 2762 nolente
1941 2712 2159 2774 Baumg.
2225 2710 2352 2759 Mox
2377 2710 2504 2758 obsi-

294 2779 434 2828 dione
456 2778 654 2842 legitur
676 2780 729 2828 in
751 2780 883 2830 libro
902 2782 1150 2832 Torr.--8
1183 2778 1506 2830 Accersendas
1528 2778 1740 2826 Memm.
1764 2791 1825 2826 ac
1847 2774 2080 2841 plerique
2117 2776 2247 2824 Mss.
2282 2781 2336 2824 et
2367 2774 2503 2823 Edd.

294 2845 442 2894 Vett.
466 2843 641 2893 Addit
663 2845 808 2894 Ferr.
834 2858 1010 2896 vocem
1034 2861 1129 2896 eas.
1181 2846 1312 2894 Tum
1335 2843 1487 2891 novis.
1511 2842 1661 2892 abest
1684 2857 1715 2891 a
1737 2841 1903 2891 Rhed.
1929 2845 2072 2891 1.-—9
2108 2841 2209 2891 Aut
2261 2873 2275 2886 .
2301 2856 2344 2889 e.
2377 2855 2424 2890 a.
2453 2841 2503 2889 d.

292 2909 427 2959 Haec
451 2924 559 2958 non
585 2911 914 2972 reperiuntur
931 2912 985 2961 in
1010 2911 1106 2960 Ed.
1132 2911 1295 2961 Gron.
1313 2903 1520 2957 incuria
1550 2905 1727 2957 forsan
1766 2910 2186 2971 operarum—lo
2273 2903 2413 2954 misit
2445 2919 2505 2954 ne

294 2974 464 3026 Rhed.
488 2979 541 3026 2.
596 2975 724 3026 Mox
745 2991 837 3041 pro
858 2992 970 3042 unq.
992 2978 1067 3028 vel
1087 2978 1142 3026 in
1167 2975 1337 3026 Periz.
1364 2973 1602 3024 Harlem.
1627 2973 1726 3024 Ed.
1747 2973 1880 3024 Ven.
1905 2977 1951 3023 1.
1983 2980 2065 3023 est
2095 2977 2196 3023 aut.
2260 2971 2399 3021 Dein
2420 2986 2504 3020 uu-

1300 3139 1519 3193 NOTAE

358 3253 373 3287 ¹
407 3252 534 3304 Nisi
574 3258 686 3304 ante
712 3270 800 3319 per
829 3273 897 3321 se,
915 3259 1021 3323 qua]
1056 3259 1231 3310 Caesar
1252 3258 1368 3322 ipse

291 3329 385 3380 lib.
426 3343 509 3380 ιν.
529 3331 544 3343 ’
569 3329 766 3381 Comm.
805 3348 899 3397 per
932 3335 1117 3386 Caium
1149 3335 1367 3386 Voluse-

1447 3265 1603 3315 hensa
1615 3264 1830 3315 dextra:
1852 3264 1869 3294 ‘
1886 3263 2093 3329 Perge,’
2115 3262 2226 3327 ait:
2249 3252 2507 3313 Caesarem

1450 3341 1616 3402 vehis,
1649 3340 1975 3406 Caesarisque
1996 3339 2289 3403 fortunam,’
2316 3339 2384 3390 de
2403 3333 2505 3405 quo

294 3419 439 3470 mun,
452 3420 575 3456 cum
588 3407 707 3456 navi
725 3407 879 3473 longa
895 3412 1234 3475 proemissum‚
1247 3425 1366 3475 por·

297 3489 381 3531 tus
402 3484 709 3547 exploratos
731 3484 881 3543 dicit,
904 3487 1039 3536 unde
1065 3482 1366 3538 Casaubono

296 3566 547 3623 suspecta
566 3559 653 3609 hic
675 3561 908 3613 Suetonii
931 3564 1195 3616 memoria.

299 3686 304 3689 Α
362 3633 388 3671 ⁸
428 3635 711 3687 Obsessione
744 3641 1030 3704 castrorum]
1077 3642 1207 3691 Tum
1243 3655 1364 3691 vero

300 3711 548 3761 similiter
565 3727 682 3762 cunr
701 3715 768 3768 Q.
788 3716 994 3781 Cicero,
1013 3718 1165 3773 Tullii
1188 3717 1368 3781 frater,

297 3788 530 3839 Caesaris
558 3789 783 3854 legatus,
805 3793 1061 3843 communi
1095 3794 1365 3845 Gallorum

297 3869 695 3932 conspiratione
728 3885 847 3920 cum
884 3872 1094 3936 reliquis
1131 3860 1367 3923 omnibus

295 3941 556 4006 hybernis
584 3943 823 3995 obsessus
845 3953 946 4011 est,
982 3954 1043 3998 ut
1077 3948 1253 3999 videre
1287 3956 1370 4000 est

293 4016 392 4065 lib.
419 4032 474 4067 v.
501 4017 568 4067 de
593 4019 743 4069 Bello
763 4021 986 4073 Gallico.

363 4090 380 4125 ¹
413 4094 466 4142 A
485 4094 750 4146 Brundisio
771 4097 1151 4166 Dyrrhachium]
1186 4102 1268 4151 De
1292 4096 1367 4152 his

292 4169 531 4220 urbibus
552 4187 667 4237 cap.
690 4178 771 4226 34.
799 4176 913 4226 haec
936 4184 1020 4240 est
1039 4178 1260 4229 celebris
1284 4180 1370 4230 illa

294 4247 540 4306 occasio,
559 4264 659 4313 qua
669 4251 845 4302 Caesar
867 4255 1103 4305 renuenti
1118 4255 1368 4322 Amyclae,

289 4320 381 4389 (id
418 4333 544 4379 erat
576 4328 907 4392 gubernatori
928 4330 1160 4398 nomem)
1181 4348 1370 4397 appre-

1446 3415 1562 3465 fuse
1598 3417 1910 3467 Plutarchus
1954 3419 2004 3466 in
2046 3417 2286 3467 Caesare:
2321 3410 2378 3466 et
2414 3430 2508 3465 suo

1446 3506 1590 3541 more
1614 3490 1850 3541 Lucanus
1873 3491 1963 3541 lib.
1998 3506 2050 3541 v.
2086 3492 2173 3541 ubi
2206 3492 2318 3541 haec
2350 3485 2508 3540 etiam

1447 3567 1681 3632 pluribus
1693 3566 1966 3617 describit:
1993 3567 2009 3596 ‘
2030 3567 2177 3617 Fisus
2200 3573 2389 3615 cuncta
2411 3564 2510 3615 sibi

1444 3659 1653 3696 cessura
1688 3644 1919 3709 pericula
1952 3644 2144 3706 Caesar,
2177 3644 2376 3707 Sperne
2414 3642 2508 3691 'mi-

1444 3737 1559 3788 nas,
1581 3723 1768 3787 inquit,
1807 3720 1998 3785 pelagi,
2033 3720 2290 3783 ventoque
2313 3716 2510 3769 furenti

1445 3800 1620 3850 Trade
1667 3800 1854 3862 sinum,
1895 3802 1990 3848 διο.
2046 3798 2156 3846 sola
2210 3795 2303 3846 tibi
2356 3811 2510 3846 causa

1443 3877 1558 3927 haec
1580 3882 1662 3926 est
1675 3875 1823 3939 justa
1850 3872 2070 3937 timoris,
2093 3874 2374 3922 Vectorem
2405 3884 2510 3924 non

1444 3967 1599 4002 nosse
1627 3950 1808 4012 tuum‚'
1827 3953 1927 4000 &c-

1512 4035 1550 4062 m
1584 4025 1857 4089 Religione]
1881 4027 1999 4077 Hoc
2024 4033 2104 4078 est
2125 4027 2382 4086 omnibus,
2399 4018 2511 4094 qui-'-

1448 4104 1546 4154 bus
1597 4102 1819 4154 infausta
1871 4101 1987 4154 fore
2045 4107 2280 4170 consilia,
2326 4106 2509 4169 religio

1449 4181 1734 4246 suadebam
1769 4181 1908 4248 quod
1950 4182 2100 4235 nobis
2143 4184 2335 4239 dicitur
2378 4197 2510 4232 scru-

1441 4259 1574 4323 pule.
