3019 4922
518 389 649 454 310
1377 405 1440 451 c.
1489 402 1854 453 sum-oxu

516 552 638 617 sed
688 570 806 635 per
833 544 1173 615 Valerium
1225 535 1642 614 Messalam}
1729 549 1860 628 1s,⁴
1911 548 2377 618 mandantibus
2423 550 2711 629 cunctim
2753 599 2758 604 -

517 659 539 691 ‘
565 653 767 732 Quod
818 652 1107 729 bonum,’
1137 652 1376 736 inquit,
1431 657 1451 686 ‘
1472 651 1902 735 faustumque
1924 647 1948 685 ¹‘
2001 650 2094 716 sit
2148 651 2295 729 tibi,
2346 649 2707 737 domuique

516 765 674 834 tuae,
706 756 935 823 Caesar
954 763 978 804 5
1022 756 1367 838 Auguste:
1413 757 1512 820 sio
1541 756 1712 820 enim
1742 775 1867 820 nos
1892 763 2292 840 perpetuam
2324 753 2708 822 felicitatem

516 856 941 942 Reipublicae
993 866 1063 923 et
1108 859 1269 925 laeta
1307 858 1512 924 huic⁶
1554 859 1812 942 precari
1854 858 2348 924 existimamus:
2414 857 2707 924 Senatus

513 965 603 1038 te,
632 961 1050 1027 consentiens
1069 970 1096 1011 ⁷
1149 982 1302 1027 oum
1332 961 1593 1046 populo
1623 960 1965 1037 Romano,
1997 961 2375 1025 consalutat
2406 959 2704 1027 uraris

517 1063 869 1128 PATREM?
958 1062 1089 1129 Cui
1132 1065 1509 1148 lacrymans
1542 1063 1900 1149 respondit
1926 1062 2276 1146 Augustus
2304 1062 2412 1126 his
2441 1064 2706 1128 verbis:

512 1164 694 1249 (ipsa
716 1165 740 1202 ⁸
771 1166 966 1244 enim,
997 1166 1174 1231 sicut
1205 1166 1551 1244 Messalae,
1580 1166 1779 1250 posui
1805 1164 1856 1251 ι)
1884 1165 2218 1250 ‘Compos
2251 1164 2474 1230 factus
2509 1172 2703 1232 voto·

511 1286 659 1331 rum
689 1289 1003 1342 meorum,
1052 1271 1293 1335 Patres
1339 1269 1752 1354 Conscripti,
1803 1270 1968 1353 quid
2011 1269 2232 1334 habeo
2278 1268 2465 1333 aliud
2510 1270 2701 1335 Deos

510 1369 929 1437 immortales
958 1373 1236 1456 precari,
1265 1393 1468 1457 quam
1503 1380 1625 1437 ut⁹
1657 1373 1827 1438 hunc
1862 1381 2261 1438 consensum
2287 1378 2582 1436 vestrum
2612 1373 2702 1438 ad

508 1472 813 1539 ultimum
861 1476 1025 1541 vitae
1065 1475 1258 1539 finem
1308 1476 1468 1540 mihi
1507 1475 1800 1560 perferre
1849 1476 2053 1541 liceat
2073 1474 2125 1538 ‘l'
2213 1473 2374 1559 [594
2407 1474 2700 1541 -Medico

508 1573 807 1642 Antonio
839 1574 1111 1658 Musae)
1142 1578 1336 1663 cujus
1376 1598 1584 1663 opera
1616 1599 1704 1644 ex
1735 1579 2015 1663 ancipiti
2045 1582 2280 1644 morbo
2303 1585 2356 1615 ¹0
2384 1579 2700 1643 convalu-

510 1686 674 1759 erat,
699 1675 995 1748 statuam
1039 1703 1168 1748 aere
1213 1684 1462 1748 collato
1498 1684 1704 1768 juxta
1734 1684 1990 1766 signum
2023 1681 2405 1765 AEsculapii
2446 1688 2699 1748 statue-

506 1791 679 1849 runt.
726 1784 1047 1853 Nonnulli
1076 1795 1381 1871 patrum⁰
1402 1788 1803 1853 familiarum
1834 1790 2238 1852 testamento
2269 1793 2604 1864 caverunt,
2626 1792 2702 1851 ut

568 2006 708 2054 'Ex
723 2006 941 2069 patribus
947 2006 1246 2067 familiarum
1263 2009 1455 2072 quidam
1475 2007 1726 2069 jusserunt
1745 2011 2047 2071 testamento,
2065 2013 2119 2056 ut
2151 2007 2361 2056 hoeredes
2378 2005 2457 2057 sui
2476 2009 2701 2057 ducerem

506 2070 726 2118 victimas
757 2071 810 2119 in
836 2073 1141 2135 Capitolium,
1186 2081 1235 2123 et
1256 2080 1411 2123 vuum
1448 2089 1606 2123 eorum
1639 2077 1867 2123 solverent
1903 2087 2009 2122 cum
2045 2072 2350 2136 inscriptione
2377 2073 2465 2123 hac
2480 2075 2701 2137 prelata.

512 2134 640 2191 Quia
659 2138 834 2187 mortui
854 2137 1128 2199 Augustum
1143 2140 1445 2202 superstitem
1459 2140 1764 2203 reliquerant.

1417 2287 1505 2305 ΝΟ
1717 2286 1771 2306 ‘O

503 2399 700 2450 Medic.
722 2400 987 2452 3..-4·A1
1006 2415 1108 2467 per.
1138 2401 1242 2451 Val.
1267 2402 1414 2451 Mess.
1433 2401 1489 2450 id
1509 2397 1666 2451 mand.
1687 2401 1777 2451 sed
1808 2401 1932 2451 lect.
1954 2406 2089 2452 nost.
2111 2399 2319 2450 firmant
2341 2400 2553 2450 Merum.
2581 2400 2695 2451 Me·

504 2467 1370 2530 dic.3·probantib.Graev.Oud.
1412 2468 1729 2531 Baurng.1n
1768 2468 1968 2517 Medic.
1993 2473 2040 2517 1.
2062 2482 2162 2517 non
2197 2471 2415 2530 apparet
2444 2465 2505 2515 τὸ
2528 2467 2596 2516 id.
2599 2474 2693 2518 —5

500 2546 585 2581 nec
611 2533 736 2581 Caes.
757 2533 914 2582 Fouc.
919 2538 1016 2582 -6
1047 2534 1196 2584 Torr.
1221 2533 1403 2583 statuit
1422 2542 1514 2582 aut
1536 2533 1909 2597 expungendas
1931 2549 2085 2583 voees
2114 2537 2159 2582 et
2182 2533 2293 2581 loeta
2320 2533 2446 2591 huic,
2477 2540 2569 2581 aut
2603 2532 2693 2581 ad

502 2596 659 2646 dend.
679 2599 855 2650 ordini.
884 2599 986 2647 Alii
1011 2598 1112 2647 alia
1134 2601 1399 2662 supplent,
1422 2607 1480 2648 ut
1502 2599 1681 2648 Burm.
1706 2599 1924 2659 Senatui,
1951 2598 2090 2650 Oud.
2120 2606 2173 2647 et
2198 2600 2320 2647 Ern.
2350 2597 2489 2648 Urbi.
2524 2598 2699 2648 Periz-

499 2663 612 2712 loeta
635 2663 745 2712 huic
761 2665 977 2714 mutavit
1000 2664 1050 2714 in
1076 2664 1293 2715 Senatui.
1324 2665 1531 2728 Lipsius
1554 2665 1803 2727 imprecari
1825 2665 1983 2713 suasit
2008 2664 2058 2713 in
2083 2664 2345 2712 meliorem
2367 2663 2697 2713 sensumdic-
2711 2668 2714 2669 ’

498 2734 610 2778 tum
636 2743 728 2791 pro
742 2730 1004 2806 apprecari.
1062 2729 1168 2780 Alii
1191 2731 1531 2795 acquiescunt
1551 2731 1601 2778 in
1625 2730 1799 2778 deleto
1821 2730 1947 2778 huic.
1988 2729 2148 2778 Mox
2137 2743 2188 2776 in
2218 2728 2352 2777 Edd.
2376 2729 2497 2777 Vet.
2521 2742 2695 2777 rursus

498 2795 780 2843 extimamus
802 2803 856 2844 et
876 2796 1177 2845 oestimamus.
1181 2801 1277 2845 —7
1318 2797 1484 2845 Tecum
1523 2796 1730 2845 sentiens
1765 2795 1914 2843 Huls.
1954 2794 2111 2843 Polit.
2142 2795 2298 2843 vind.
2332 2799 2384 2843 2.
2416 2798 2698 2858 senatusque

498 2874 625 2908 cons.
659 2862 786 2909 Exc.
809 2860 926 2923 Cuj.
969 2862 1245 2912 Omittitur
1277 2862 1487 2911 Romano
1519 2862 1569 2910 in
1594 2862 1752 2910 Fouc.
1756 2865 1853 2909 -8
1889 2860 1994 2922 Ipse
2019 2859 2251 2908 Harlem.
2271 2859 2447 2908 Periz.
2470 2859 2616 2910 Cort.
2639 2868 2695 2910 et

483 2924 638 2974 'Edd.
664 2926 811 2974 Rom.
861 2926 986 2974 Mox
1016 2928 1208 2989 apposui
1241 2927 1398 2975 vind.
1436 2931 1485 2976 1.
1516 2926 1661 2976 Cort.
1700 2941 1815 2975 cum
1850 2928 2051 2988 aliquot
2085 2926 2241 2973 Torr.
2282 2925 2446 2973 Pulm.
2483 2926 2614 2975 Mss.
2640 2933 2696 2975 et

496 2989 636 3038 Edd.
664 2990 807 3038 Rom.
840 2991 972 3040 Ven.
993 2995 1043 3040 2.
1067 2996 1116 3040 3.
1141 2990 1357 3041 Mediol.
1400 2993 1613 3042 Messala
1639 2990 1851 3055 apposuit
1885 2991 2056 3040 Perlz.
2086 2990 2322 3039 Harlenn.
2359 2989 2456 3040 Ed.
2479 2990 2616 3040 Ven.
2643 2995 2693 3041 1.

501 3068 617 3113 quae
641 3054 796 3102 etiam
819 3055 946 3103 enim
965 3056 1154 3106 omisit.
1169 3057 1327 3119 posuit
1346 3057 1493 3105 Huls.
1494 3061 1592 3106 -9
1625 3059 1791 3106 Deest
1813 3061 1867 3104 ut
1888 3057 1939 3104 in
1962 3055 2207 3106 Cort.1n
2226 3055 2482 3105 Mediceis
2499 3064 2555 3105 et
2572 3056 2694 3120 Cuj.

452 3172 457 3178 ,
497 3118 648 3168 Voss.
658 3119 814 3168 -.Dun
821 3118 922 3183 fin.
944 3121 1073 3170 υἱέα.
1078 3126 1206 3171 -10
1237 3121 1369 3171 Aac
1383 3137 1542 3171 exm·
1569 3123 1667 3172 Ed.
1702 3124 1882 3235 Camp.
1926 3119 2145 3172 Inferius
2162 3121 2486 3182 familiar-zum
2501 3122 2695 3171 liabent

1486 3305 1538 3355 N
1544 3303 1703 3355 0¹1·AE

558 3414 574 3449 ¹
605 3417 880 3482 Messalam]
925 3418 1091 3484 Hujus
1114 3416 1308 3471 familia
1327 3427 1384 3470 et
1406 3428 1464 3471 ut
1488 3421 1547 3470 il-

490 3494 817 3556 lustrissima,
832 3495 906 3545 sic
925 3504 980 3545 et
996 3496 1224 3546 historiae
1249 3513 1548 3548 monumen·

490 3572 560 3621 tis
584 3572 867 3630 notissima,
891 3578 949 3621 ut
970 3574 1159 3637 passim
1189 3575 1432 3638 colligere
1465 3584 1548 3626 est

491 3663 557 3697 ex
598 3648 736 3698 infra
772 3648 1027 3715 dicendis,
1047 3651 1161 3700 Tib.
1183 3666 1229 3702 c.
1254 3656 1335 3701 70.
1363 3652 1548 3703 Claud.

488 3732 574 3776 26.
600 3726 755 3777 Rhet.
778 3731 821 3776 l.
847 3735 901 3776 et
917 3726 1204 3777 Grammat.
1221 3730 1270 3778 4.

553 3801 577 3835 Ιῑ
614 3804 750 3859 Quod
772 3803 937 3851 bonum
945 3802 1272 3866 faustumque,
1293 3804 1397 3868 ξω]
1451 3805 1545 3855 So-

486 3878 650 3927 lennis
673 3880 787 3928 haec
813 3887 891 3928 est
927 3881 1191 3929 consulum
1223 3882 1273 3929 in
1297 3879 1546 3931 faciendis

486 3955 822 4004 relationibus
845 3956 1079 4005 formula.
1143 3957 1449 4008 Torrentius
1469 3959 1545 4008 sic

483 4030 645 4079 verba
667 4032 776 4082 liaec
809 4032 1025 4095 legenda
1055 4043 1237 4083 censet
1254 4036 1545 4094 felicitatem

487 4106 692 4170 Reipub.
713 4114 762 4156 et
784 4109 896 4156 loeta
916 4109 1024 4165 huic
1044 4111 1221 4174 ordini,
1244 4115 1324 4172 ὅρα.
1362 4113 1544 4164 addita

484 4190 544 4233 ut
590 4191 738 4245 patet
780 4191 1039 4246 postrema
1075 4202 1222 4247 voce,
1254 4203 1404 4252 quam
1440 4192 1539 4240 Ca·-

484 4260 737 4309 saubonus
760 4259 1047 4308 addendam
1071 4260 1249 4327 negat,
1279 4268 1539 4331 trajectio·

485 4349 601 4383 nem
645 4349 759 4385 esse
814 4336 1151 4393 contendens,
1197 4354 1297 4402 qua
1351 4343 1367 4371 ⁶
1390 4343 1508 4394 huic
1525 4347 1538 4369 '

1632 3418 1817 3470 referri
1852 3418 2045 3471 debeat
2068 3420 2131 3469 ad
2169 3422 2186 3449 ‘
2209 3419 2380 3483 Reip:
2411 3434 2512 3484 quo
2536 3418 2691 3468 modo

1630 3498 1803 3560 capite
1827 3500 2060 3561 proxime
2084 3498 2322 3562 sequenti
2333 3497 2535 3560 dixit‚‘
2555 3511 2690 3560 prae-

1628 3573 1733 3623 lato
1761 3575 1983 3624 victimae
2019 3573 2173 3624 titulo
2209 3572 2564 3634 ducerentur?
2597 3586 2688 3636 pro

1626 3651 1881 3713 ‘praelato
1904 3652 2058 3701 titulo
2087 3652 2311 3700 victimae
2336 3649 2690 3700 ducerentur!

1625 3784 1632 3797 .-
1692 3726 1704 3759 ¹
1736 3730 1946 3778 Antonio
1969 3727 2147 3790 Musae]
2189 3729 2344 3778 Musa
2369 3728 2686 3791 Pomponio·

1625 3823 1737 3857 rum
1761 3824 2076 3873 cognomem
2113 3809 2249 3858 unde
2271 3809 2575 3859 Torrentius
2598 3823 2689 3858 ex·

1626 3886 1824 3934 istimat
1856 3886 1972 3949 ejus
2014 3884 2225 3934 familiae
2264 3886 2506 3935 libertum
2546 3888 2682 3936 hunc

1624 3961 1812 4024 fuisse3
1835 3962 2035 4012 libertis
2059 3963 2256 4027 qnippe
2277 3964 2485 4013 nomina
2510 3970 2684 4028 patro-

1623 4054 1802 4088 norum
1817 4040 2239 4102 imponebantur.
2274 4043 2354 4091 De
2375 4042 2463 4090 illo
2481 4043 2681 4091 medico

1621 4117 1788 4167 adhuc
1813 4115 1944 4166 infra
1972 4132 2020 4166 c.
2044 4121 2126 4166 81.
2162 4124 2218 4167 et
2249 4119 2502 4168 Horatius
2527 4119 2678 4183 epist.

1624 4201 1701 4247 15.
1725 4196 1813 4246 lib.
1836 4209 1874 4247 1.
1893 4202 1907 4224 ‘
1931 4197 2063 4250 Nam
2089 4195 2210 4245 mihi
2239 4195 2394 4245 Baias
2422 4197 2575 4246 Musa
2597 4211 2678 4245 su·

1622 4290 1899 4340 pervacuus
1932 4273 2226 4336 Antonium
2278 4282 2333 4324 et
2372 4281 2544 4324 tamen
2585 4273 2681 4325 illis

1621 4354 1711 4402 Me
1735 4352 1864 4404 facit
1887 4350 2144 4402 invisum.’
