3019 4922
1238 441 1534 496 sumus.
2255 521 2260 526 ⁶
2352 439 2484 506 125

290 575 493 645 libelli
547 580 985 663 convertisse,
1018 603 1193 652 cum.
1219 590 1420 654 antea
1461 587 1791 659 Consules
1834 598 1903 662 et
1952 585 2187 663 duces
2215 602 2487 668 nonnisi

290 690 657 749 transversa
687 683 918 751 charta
947 688 1242 773 scriptas
1272 690 1624 760 mitterent.
1712 693 1968 764 Extant
1999 707 2068 767 et
2086 709 2138 741 ¹0
2168 703 2252 768 ad
2297 702 2490 770 Cice-

287 804 528 866 ronem,
559 787 717 852 item
745 787 835 853 ad
866 787 1232 858 familiares
1253 791 1642 863 domesticis
1669 798 1755 863 de
1784 801 2026 868 rebus:
2055 802 2125 867 in
2157 807 2404 888 quibus
2426 809 2488 872 si

287 908 412 972 qua
442 891 787 957 occultius
816 893 1206 977 perferenda
1226 883 1258 936 ¹*
1304 903 1509 977 erant,
1542 919 1667 984 per
1690 906 1882 968 notas
1913 905 2203 991 scripsit,
2249 908 2322 974 id
2363 919 2489 989 est,

286 991 378 1058 sic
409 1000 672 1060 structo
705 996 1043 1064 literarum
1067 998 1313 1079 ordine,
1336 1008 1414 1065 ut
1441 1003 1703 1069 nullum
1721 1007 1990 1072 verbum
2010 1006 2185 1074 effici
2215 1020 2490 1095 posset:

286 1112 435 1176 quae
467 1096 530 1161 si
560 1098 717 1181 quis
738 1105 764 1135 ²
815 1098 1219 1186 investigare
1265 1108 1334 1170 et
1376 1106 1695 1190 persequi
1740 1109 1953 1189 velit,³
2002 1117 2308 1196 quartam
2357 1117 2489 1182 ele-

285 1204 706 1263 mentorum⁴
746 1187 1031 1282 literam:
1090 1203 1164 1269 id
1206 1209 1336 1285 est,
1381 1205 1428 1269 d
1465 1227 1591 1293 pro
1634 1207 1727 1289 a,¹'
1769 1216 1836 1276 et
1876 1214 2151 1297 perinde
2192 1218 2488 1303 reliquas

283 1308 670 1372 commutet.
731 1304 1055 1372 Feruntur
1088 1313 1157 1373 et
1188 1328 1231 1374 a
1260 1330 1469 1394 puero
1497 1320 1569 1377 et
1597 1314 1686 1379 ab
1710 1314 2219 1386 adolescentulo
2242 1327 2267 1368 ⁵
2297 1340 2489 1405 quae-

286 1403 431 1478 dam
464 1406 757 1492 scriptae
791 1414 864 1474 ut
889 1415 907 1445 ⁴
935 1410 1202 1478 Laudes
1229 1412 1592 1496 Herculis,’
1618 1416 1987 1503 Tragoedia
2012 1427 2030 1456 ‘
2050 1422 2398 1509 OEdipu3,’
2417 1425 2446 1466 ⁶
2464 1434 2488 1462 ⁰

1200 1597 1556 1621 ΝΜΟ

282 1703 459 1755 Burni.
500 1711 558 1756 et
598 1708 738 1759 Oud.
804 1710 932 1760 Mox
960 1711 1190 1776 paginam
1232 1714 1397 1765 Rhed.
1425 1719 1609 1765 z-lo
1641 1716 1807 1767 Etiam
1841 1719 1906 1768 ad
1935 1717 2093 1771 Viud.
2137 1721 2181 1770 1.
2236 1721 2344 1770 Pro
2386 1723 2490 1772 Cic.

283 1770 527 1821 mendose
547 1773 707 1823 Fouc.
729 1775 1016 1827 citeriorzm.
1048 1778 1175 1826 Tum
1199 1779 1258 1829 it.
1272 1786 1319 1829 ee
1336 1780 1532 1838 adsum.
1552 1781 1710 1831 Vind.
1728 1787 1777 1832 2.
1801 1784 1946 1833 Cort.
1969 1791 2014 1833 et
2037 1784 2163 1835 idem
2180 1785 2315 1837 Edd.
2336 1787 2488 1838 Rom.

280 1838 370 1883 -1
408 1836 731 1898 Praeferenda
754 1842 899 1891 Cort.
915 1841 1045 1906 prof.
1082 1843 1250 1895 Rhed.
1274 1849 1421 1895 1.-2
1454 1847 1667 1897 Memm.
1686 1847 1834 1898 Med.
1859 1853 1906 1898 3.
1928 1849 1972 1897 si
1997 1850 2096 1912 qui.
2163 1850 2294 1899 Mox
2326 1866 2489 1915 prose-

281 1900 358 1963 qui
379 1901 500 1952 Pin.
522 1903 780 1956 Fene—3
813 1907 902 1957 Sic
922 1921 989 1957 ex
1014 1909 1138 1958 Eru.
1162 1911 1488 1961 correctione
1508 1913 1624 1977 Bip.
1649 1919 1704 1962 et
1726 1913 1942 1977 Baumg.
2012 1915 2133 1978 Legi
2149 1915 2344 1979 jubent
2364 1919 2489 1967 volet
2534 1967 2539 1972 ,

282 1965 422 2029 Lips.
447 1968 669 2019 Casaub.
703 1969 802 2084 Sex
825 1971 909 2022 ed.
934 1972 1139 2038 Steph.)
1159 1975 1311 2027 Grut.
1334 1976 1504 2027 Scriv.
1530 1978 1621 2027 sed
1648 1978 1823 2027 invitis
1846 1978 2077 2028 omnibus
2102 1982 2229 2029 Mss.
2297 1981 2486 2033 Servat

280 2030 431 2098 vulg.
454 2033 585 2084 lect.
614 2034 698 2085 Ou
740 2073 754 2088 .
775 2042 833 2086 et
850 2036 986 2087 infra
1012 2039 1284 2102 legendum
1309 2043 1490 2092 mallet
1523 2048 1847 2104 commutaret,
1871 2045 1948 2093 uti
1971 2044 2022 2093 in
2047 2046 2205 2097 Vind.
2240 2050 2288 2096 2.
2322 2046 2487 2100 Junk.

279 2095 432 2146 Grut.
456 2099 616 2149 etiam
637 2100 880 2152 audacius
900 2104 1039 2169 conj.
1061 2105 1124 2164 ef.
1144 2121 1194 2169 p.
1217 2106 1314 2157 nisi
1329 2107 1435 2171 quis
1454 2123 1533 2173 qu.
1559 2108 1753 2158 omissis
1777 2109 2123 2174 plurimis—4
2159 2112 2326 2161 Deest
2353 2114 2487 2176 elem.

279 2160 447 2213 Rhed.
485 2167 535 2213 2.
571 2165 647 2214 lit.
681 2167 869 2231 Copes.
905 2177 962 2219 et
998 2170 1256 2234 ejicienda
1294 2184 1476 2222 censet
1502 2173 1645 2224 Oud.
1676 2173 1729 2223 id
1769 2181 1859 2224 est.
1893 2177 2051 2225 'Tum
2082 2191 2170 2240 per
2194 2191 2224 2225 a
2256 2176 2412 2226 vind.
2438 2182 2489 2227 2.

278 2226 422 2279 Cort.
439 2231 642 2292 proinde
665 2231 818 2284 Vind.
845 2238 891 2284 l.
913 2249 976 2285 ac
997 2237 1310 2286 committeret
1331 2240 1461 2287 Exc.
1489 2240 1768 2303 Cujac.-5
1807 2241 1920 2290 Fer.
1944 2246 1990 2291 et
2011 2241 2085 2290 ait
2104 2256 2212 2291 vero
2228 2241 2286 2290 ab
2308 2244 2487 2291 adoles-

276 2298 406 2344 cente
435 2295 647 2344 Memm.
672 2297 855 2349 Barth.
864 2300 967 2360 fer.
987 2315 1097 2349 vero
1116 2302 1175 2351 ab
1196 2303 1480 2355 adolescente
1496 2304 1600 2355 duo
1616 2306 1764 2356 Torr.
1783 2305 1968 2371 quibus
1989 2307 2317 2356 consentiunt
2339 2306 2486 2358 Med.

277 2361 322 2405 8.
345 2358 543 2423 copes.
600 2361 813 2413 Graevio
836 2365 1058 2415 delenda
1081 2366 1394 2420 videbantur
1414 2375 1462 2418 et
1482 2386 1514 2420 a
1530 2386 1611 2435 pu.
1635 2378 1689 2421 et
1708 2371 2034 2421 scribendum
2047 2372 2146 2435 fer.
2167 2387 2275 2421 uero
2296 2372 2356 2422 ab
2375 2375 2489 2422 ado-

277 2422 542 2489 lescentulo,
566 2427 648 2476 vel
672 2428 776 2490 ser.
799 2435 846 2480 et
864 2431 922 2481 ab
941 2433 1020 2481 ad.
1040 2431 1177 2497 quod
1202 2433 1373 2485 firmat
1395 2435 1551 2486 Huls.
1606 2453 1637 2486 a
1655 2451 1736 2502 pu.
1759 2442 1823 2487 et.
1848 2437 1983 2489 Edd.
2017 2435 2186 2501 Lugd.
2210 2438 2244 2490 J
2252 2445 2362 2488 unt.
2386 2443 2436 2488 et
2457 2454 2488 2489 α

269 2503 347 2552 pn.
366 2491 428 2540 ab
450 2494 534 2541 od.
569 2494 720 2543 Voss.
764 2494 870 2545 Alii
894 2497 1065 2548 aliter.
1131 2499 1210 2548 Ex
1236 2500 1442 2551 turbata
1466 2501 1726 2565 scriptura
1750 2501 1979 2552 faciebat
2004 2503 2188 2552 Heins.
2215 2503 2319 2563 fer.
2343 2507 2487 2553 oetate

276 2558 455 2616 teum,
473 2563 524 2607 et
542 2557 603 2606 ab
621 2561 747 2609 adol.
770 2561 861 2611 sed
886 2562 1009 2611 nibil
1032 2569 1235 2614 mutant
1256 2567 1434 2617 Burin.
1459 2567 1600 2616 Oud.
1625 2568 1713 2633 qui
1746 2568 1971 2632 alioquin
1996 2569 2154 2616 vellet
2169 2568 2275 2627 ser.
2306 2582 2417 2617 vero
2439 2574 2484 2618 et

274 2620 450 2672 alm-6
487 2624 661 2688 OEdips'
698 2627 780 2676 vel
820 2627 1023 2693 OEdippi
1046 2629 1236 2695 Copes.
1277 2631 1431 2683 Fouc.
1474 2632 1712 2683 Harlem.
1737 2633 1915 2696 Cujac.
1940 2641 1996 2683 et
2019 2634 2188 2696 multi,
2209 2647 2326 2682 cum
2351 2632 2489 2685 Edd.

1270 2794 1317 2844 N
1327 2792 1485 2844 0¹1·AE

275 2877 341 2931 'tae
373 2876 696 2935 solummodo
723 2885 961 2952 formam,
986 2905 1052 2941 an
1071 2892 1233 2942 etiam
1257 2905 1339 2944 re·

274 2973 385 3010 rum
401 2962 724 3027 scriptarum
746 2965 1023 3032 intelligit?
1045 2975 1104 3019 ut
1117 2969 1182 3019 ad
1203 2971 1339 3035 epis-

274 3036 405 3086 tolas
425 3037 649 3088 Senatui
669 3041 969 3093 scribendas
983 3043 1213 3108 ejusdem
1232 3045 1337 3098 for-

271 3113 505 3174 maechoc
526 3122 607 3165 est
631 3116 811 3168 eodem
833 3120 988 3170 modo
1005 3122 1333 3186 complicata,

271 3190 456 3241 charta
475 3191 543 3240 sit
566 3207 705 3256 usus,
728 3209 831 3259 qua
864 3196 915 3245 in
948 3199 1334 3251 memorialibus

269 3265 481 3330 libellis,
521 3271 604 3319 vel
636 3273 795 3322 etiam
828 3273 1008 3323 cadem
1044 3277 1338 3328 ratione'et

269 3344 406 3406 stylo
427 3344 747 3409 scriptitarit
784 3350 1035 3414 epistolas
1067 3366 1167 3416 qua
1189 3353 1336 3404 libel·

270 3416 363 3470 los.
436 3423 774 3475 Memoriales
831 3427 1027 3493 quippe
1081 3429 1245 3480 libelli
1299 3432 1337 3482 ii

270 3505 409 3559 sunt,
439 3498 628 3563 quibus
661 3516 860 3552 summa
896 3518 1088 3568 rerum,
1121 3504 1188 3556 de
1226 3509 1336 3573 qui-

268 3571 365 3623 bus
384 3576 685 3628 meminisse
710 3580 962 3642 volumus,
982 3584 1157 3647 capita
1179 3598 1339 3634 auno·

270 3657 437 3703 tamus
456 3670 475 3716 ς
509 3653 649 3704 unde
674 3670 861 3707 nomen
884 3660 1164 3711 etiamnum
1186 3661 1339 3712 bodie

270 3730 408 3792 apud
430 3744 527 3780 nos
547 3748 563 3792 3
587 3733 692 3796 quo
713 3746 866 3784 sensu
890 3735 1068 3786 Caesar
1082 3737 1340 3802 intellige-

267 3814 414 3858 retur
452 3808 647 3873 primus
682 3812 954 3876 scripsisse
989 3814 1190 3872 literas,
1226 3815 1337 3880 qui.

266 3880 365 3934 bus
387 3899 618 3935 summas
654 3901 825 3939 rerum
861 3891 1184 3943 membratim
1210 3893 1337 3943 dun·

266 3964 439 4023 taxat,
456 3975 560 4010 uon
588 3976 712 4013 vero
742 3964 1030 4017 continenti
1065 3975 1340 4034 perpetua·

267 4047 375 4097 que
401 4046 674 4088 structura
710 4042 956 4093 orationis
991 4046 1339 4110 exprimeret3

268 4126 574 4180 quanquam
599 4117 742 4180 prior
764 4119 1048 4185 explicatio
1080 4123 1192 4187 ipso
1214 4124 1339 4175 Sue-

255 4189 399 4251 ροιιίἰ
425 4197 681 4242 contextu
719 4202 903 4258 patere
942 4196 1193 4257 videatur,
1226 4214 1341 4264 pos-

263 4266 524 4317 teriorem
552 4274 721 4320 tamen
745 4271 1135 4327 scribendarum
1172 4289 1339 4327 rerum

263 4345 425 4408 copia
446 4344 584 4397 forte
608 4351 942 4413 persuaserit.

1485 2893 1715 2959 '’Dpro
1755 2894 1826 2958 A]
1884 2895 1954 2943 Et
1987 2894 2032 2943 Ε
2067 2907 2112 2943 v.
2150 2894 2405 2958 g.proB,
2442 2893 2484 2942 F

1418 2984 1515 3037 pro
1527 2971 1702 3033 C,&c.
1725 2970 1964 3036 ponendo
1988 2984 2211 3036 semper,
2230 2971 2345 3021 loco
2373 2970 2486 3034 piu-

1417 3048 1602 3111 gendae
1623 3049 1812 3111 literae,
1835 3055 2094 3114 quartam,
2115 3062 2229 3113 quae
2248 3048 2483 3114 sequitui·

1416 3124 1620 3176 ordine.
1705 3125 1810 3175 Sed
1851 3125 1975 3191 quid
2013 3126 2053 3175 si
2078 3126 2127 3175 V
2150 3124 2482 3175 scribendum

1417 3202 1506 3265 sit,
1529 3204 1767 3269 aliaeque,
1807 3218 1933 3269 quas
1967 3204 2125 3253 nullae
2149 3211 2238 3253 aut
2259 3210 2484 3268 quatuor

1417 3292 1521 3330 non
1557 3282 1876 3346 sequuntur?
1928 3283 2082 3332 silent
2130 3282 2483 3345 interpretes;

1419 3364 1474 3406 at
1497 3360 1639 3409 velut
1662 3365 1745 3409 est:
1777 3359 1827 3408 in
1869 3367 2142 3424 promptu:
2181 3358 2384 3409 videtur
2405 3354 2481 3419 ut,

1418 3447 1607 3497 nempe
1630 3435 1896 3499 dispositis
1922 3437 1973 3484 in
1997 3437 2248 3486 circulum
2274 3437 2482 3486 charac-

1420 3510 1638 3574 teribus,
1658 3520 1930 3573 repetatur
1947 3513 2171 3574 initium,
2185 3527 2232 3562 v.
2250 3528 2299 3577 g.
2316 3528 2411 3577 pro
2428 3513 2478 3561 V

1416 3585 1678 3636 scribatur
1699 3586 1768 3647 A,
1800 3601 1895 3650 pro
1930 3588 2002 3649 X,
2029 3589 2092 3649 Β,
2114 3591 2211 3637 &c.
2234 3587 2317 3636 vel
2342 3595 2396 3635 ut
2422 3588 2476 3637 in

1416 3663 1523 3712 suis
1543 3663 1680 3714 notis
1699 3662 1985 3728 Augustus,
2000 3664 2087 3713 ubi
2111 3663 2478 3713 recurrendum

1417 3737 1579 3790 fuerit
1623 3740 1686 3790 ad
1729 3740 1952 3803 initium,
1997 3739 2192 3803 duplex
2235 3738 2477 3791 adhibea-

1418 3824 1525 3882 tur,
1546 3817 1668 3881 AA,
1693 3818 1913 3879 scilicet,
1948 3822 2003 3867 et
2026 3815 2219 3879 duplex
2242 3817 2354 3880 BB,
2376 3819 2478 3869 διο.

1416 3895 1552 3959 Aug.
1571 3911 1690 3960 cap.
1711 3900 1792 3945 88.
1813 3895 1878 3944 de
1914 3909 2014 3960 quo
2047 3901 2102 3944 et
2139 3893 2366 3946 Isidorus
2388 3896 2480 3961 lib.

1421 3986 1463 4021 1.
1487 3972 1759 4035 Originum
1775 3985 1891 4034 cap.
1908 3976 1988 4022 24.
2006 3978 2060 4021 et
2074 3971 2279 4022 Probus
2292 3974 2480 4025 Gram-

1419 4049 1641 4115 matitms
1685 4048 1752 4099 de
1793 4049 1908 4113 ipsa
1947 4049 2172 4101 Caesarls
2215 4052 2476 4103 methodo.

1420 4125 1436 4152 ‘
1458 4124 1713 4190 Persequi
1727 4124 1741 4147 '
1762 4125 1845 4175 bic
1879 4124 2140 4190 significat
2158 4127 2380 4192 legendo
2401 4142 2480 4178 as-

1422 4200 1588 4266 sequi,
1609 4215 1698 4250 seu
1714 4202 2028 4266 intelligere.

1482 4285 1505 4311 ⁰
1541 4278 1767 4344 OEdt'pus]
1816 4278 2106 4344 Tragoedia,
2162 4280 2247 4329 cui
2294 4281 2477 4331 titulus

1420 4361 1536 4407 erat
1553 4358 1569 4385 ‘
1595 4357 1850 4423 OEdipus.’
1887 4358 2102 4424 vulgati
2119 4358 2361 4424 legebant
2385 4360 2479 4409 (Ε-
