<?xml version="1.0" encoding="UTF-8"?>
<!DOCTYPE html PUBLIC "-//W3C//DTD XHTML 1.0 Transitional//EN"
    "http://www.w3.org/TR/xhtml1/DTD/xhtml1-transitional.dtd">
<html xmlns="http://www.w3.org/1999/xhtml" xml:lang="en" lang="en">
 <head>
  <title>
</title>
<meta http-equiv="Content-Type" content="text/html;charset=utf-8" />
  <meta name='ocr-system' content='tesseract 3.04.00' />
  <meta name='ocr-capabilities' content='ocr_page ocr_carea ocr_par ocr_line ocrx_word'/>
</head>
<body>
  <div class='ocr_page' id='page_1' title='image "./operaomniaexedi04suetgoog/operaomniaexedi04suetgoog_0339.png"; bbox 0 0 3019 4922; ppageno 0'>
   <div class='ocr_carea' id='block_1_1' title="bbox 301 405 2544 1366">
    <p class='ocr_par' dir='ltr' id='par_1_1' title="bbox 301 405 2544 1366">
     <span class='ocr_line' id='line_1_1' title="bbox 1194 405 2544 492; baseline 0.006 -29"><span class='ocrx_word' id='word_1_1' title='bbox 1194 416 1598 465; x_wconf 69' lang='lat' dir='ltr'><strong>oo&#39;mvws.</strong></span> <span class='ocrx_word' id='word_1_2' title='bbox 2370 405 2502 471; x_wconf 80' lang='grc'><strong>329</strong></span> <span class='ocrx_word' id='word_1_3' title='bbox 2539 489 2544 492; x_wconf 12' lang='lat' dir='ltr'>v</span> 
     </span>
     <span class='ocr_line' id='line_1_2' title="bbox 304 561 2497 646; baseline 0.001 -19"><span class='ocrx_word' id='word_1_4' title='bbox 304 561 520 628; x_wconf 88' lang='lat' dir='ltr'><strong>Auxit</strong></span> <span class='ocrx_word' id='word_1_5' title='bbox 544 581 759 627; x_wconf 87' lang='lat' dir='ltr'><strong>coenae</strong></span> <span class='ocrx_word' id='word_1_6' title='bbox 788 579 1111 626; x_wconf 89' lang='lat' dir='ltr'><strong>rumorem</strong></span> <span class='ocrx_word' id='word_1_7' title='bbox 1139 571 1156 597; x_wconf 88' lang='lat'>¹</span> <span class='ocrx_word' id='word_1_8' title='bbox 1214 581 1480 626; x_wconf 87' lang='lat' dir='ltr'><strong>summa</strong></span> <span class='ocrx_word' id='word_1_9' title='bbox 1512 570 1665 626; x_wconf 83' lang='lat' dir='ltr'><strong>tunc</strong></span> <span class='ocrx_word' id='word_1_10' title='bbox 1695 562 1761 626; x_wconf 86' lang='lat' dir='ltr'><strong>in</strong></span> <span class='ocrx_word' id='word_1_11' title='bbox 1790 562 2069 628; x_wconf 87' lang='lat' dir='ltr'><strong>civitate</strong></span> <span class='ocrx_word' id='word_1_12' title='bbox 2111 563 2392 646; x_wconf 86' lang='lat' dir='ltr'><strong>penuria</strong></span> <span class='ocrx_word' id='word_1_13' title='bbox 2416 585 2497 630; x_wconf 85' lang='lat' dir='ltr'><strong>ac</strong></span> 
     </span>
     <span class='ocr_line' id='line_1_3' title="bbox 304 665 2496 748; baseline 0.001 -19"><span class='ocrx_word' id='word_1_14' title='bbox 304 667 538 743; x_wconf 88' lang='lat' dir='ltr'><strong>fames,</strong></span> <span class='ocrx_word' id='word_1_15' title='bbox 601 666 1179 748; x_wconf 79' lang='lat' dir='ltr'><strong>acclamatumque</strong></span> <span class='ocrx_word' id='word_1_16' title='bbox 1238 672 1341 729; x_wconf 89' lang='lat' dir='ltr'><strong>est</strong></span> <span class='ocrx_word' id='word_1_17' title='bbox 1394 665 1745 747; x_wconf 87' lang='lat' dir='ltr'>postridie,</span> <span class='ocrx_word' id='word_1_18' title='bbox 1800 671 1818 702; x_wconf 89' lang='lat'>‘</span> <span class='ocrx_word' id='word_1_19' title='bbox 1851 686 2045 730; x_wconf 90' lang='lat' dir='ltr'><strong>omne</strong></span> <span class='ocrx_word' id='word_1_20' title='bbox 2097 666 2496 732; x_wconf 87' lang='lat' dir='ltr'><strong>frumentum</strong></span> 
     </span>
     <span class='ocr_line' id='line_1_4' title="bbox 306 768 2497 853; baseline 0 -21"><span class='ocrx_word' id='word_1_21' title='bbox 306 769 495 833; x_wconf 86' lang='lat' dir='ltr'><strong>Deos</strong></span> <span class='ocrx_word' id='word_1_22' title='bbox 524 768 894 834; x_wconf 90' lang='lat' dir='ltr'><strong>comedisse</strong></span> <span class='ocrx_word' id='word_1_23' title='bbox 913 768 951 849; x_wconf 72' lang='grc' dir='ltr'><strong>ς’</strong></span> <span class='ocrx_word' id='word_1_24' title='bbox 975 777 1063 843; x_wconf 88' lang='lat' dir='ltr'><strong>et,</strong></span> <span class='ocrx_word' id='word_1_25' title='bbox 1088 773 1107 801; x_wconf 90' lang='lat'>‘</span> <span class='ocrx_word' id='word_1_26' title='bbox 1130 768 1465 834; x_wconf 76' lang='lat' dir='ltr'><strong>Caesarem</strong></span> <span class='ocrx_word' id='word_1_27' title='bbox 1490 788 1647 833; x_wconf 89' lang='lat' dir='ltr'><strong>esse</strong></span> <span class='ocrx_word' id='word_1_28' title='bbox 1681 769 1880 853; x_wconf 85' lang='lat' dir='ltr'><strong>plane</strong></span> <span class='ocrx_word' id='word_1_29' title='bbox 1905 769 2456 851; x_wconf 87' lang='lat' dir='ltr'><strong>Apollinem,sed</strong></span> <span class='ocrx_word' id='word_1_30' title='bbox 2473 777 2497 806; x_wconf 85' lang='lat'>²</span> 
     </span>
     <span class='ocr_line' id='line_1_5' title="bbox 302 867 2500 953; baseline 0 -19"><span class='ocrx_word' id='word_1_31' title='bbox 302 871 648 935; x_wconf 82' lang='lat' dir='ltr'><strong>Tortorem</strong></span> <span class='ocrx_word' id='word_1_32' title='bbox 672 870 711 931; x_wconf 66' lang='grc' dir='ltr'><strong>τ’</strong></span> <span class='ocrx_word' id='word_1_33' title='bbox 759 889 895 953; x_wconf 91' lang='lat' dir='ltr'><strong>quo</strong></span> <span class='ocrx_word' id='word_1_34' title='bbox 929 870 1320 951; x_wconf 85' lang='lat' dir='ltr'><strong>cognomine</strong></span> <span class='ocrx_word' id='word_1_35' title='bbox 1344 877 1370 904; x_wconf 85' lang='lat'><strong>¹¹</strong></span> <span class='ocrx_word' id='word_1_36' title='bbox 1419 871 1480 933; x_wconf 92' lang='lat' dir='ltr'><strong>is</strong></span> <span class='ocrx_word' id='word_1_37' title='bbox 1516 867 1699 933; x_wconf 90' lang='lat' dir='ltr'><strong>Deus</strong></span> <span class='ocrx_word' id='word_1_38' title='bbox 1729 869 2020 953; x_wconf 87' lang='lat' dir='ltr'><strong>quadam</strong></span> <span class='ocrx_word' id='word_1_39' title='bbox 2052 870 2118 932; x_wconf 91' lang='lat' dir='ltr'><strong>in</strong></span> <span class='ocrx_word' id='word_1_40' title='bbox 2150 879 2340 952; x_wconf 88' lang='lat' dir='ltr'><strong>parte</strong></span> <span class='ocrx_word' id='word_1_41' title='bbox 2374 870 2500 934; x_wconf 89' lang='lat' dir='ltr'><strong>Ur-</strong></span> 
     </span>
     <span class='ocr_line' id='line_1_6' title="bbox 301 972 2500 1057; baseline 0 -21"><span class='ocrx_word' id='word_1_42' title='bbox 301 975 407 1036; x_wconf 91' lang='lat' dir='ltr'><strong>bis</strong></span> <span class='ocrx_word' id='word_1_43' title='bbox 428 981 453 1007; x_wconf 58' lang='lat'>*</span> <span class='ocrx_word' id='word_1_44' title='bbox 482 974 871 1038; x_wconf 86' lang='lat' dir='ltr'><strong>colebatur.³</strong></span> <span class='ocrx_word' id='word_1_45' title='bbox 968 973 1256 1037; x_wconf 83' lang='lat' dir='ltr'><strong>Notatus</strong></span> <span class='ocrx_word' id='word_1_46' title='bbox 1286 979 1390 1037; x_wconf 89' lang='lat' dir='ltr'><strong>est</strong></span> <span class='ocrx_word' id='word_1_47' title='bbox 1434 978 1498 1037; x_wconf 94' lang='lat' dir='ltr'><strong>et</strong></span> <span class='ocrx_word' id='word_1_48' title='bbox 1544 983 1617 1037; x_wconf 87' lang='lat' dir='ltr'><strong>ut</strong></span> <span class='ocrx_word' id='word_1_49' title='bbox 1662 974 1978 1056; x_wconf 86' lang='lat' dir='ltr'><strong>pretiosae</strong></span> <span class='ocrx_word' id='word_1_50' title='bbox 2010 972 2500 1057; x_wconf 68' lang='lat' dir='ltr'><strong>supellectilis*</strong></span> 
     </span>
     <span class='ocr_line' id='line_1_7' title="bbox 303 1075 2498 1161; baseline 0 -20"><span class='ocrx_word' id='word_1_51' title='bbox 303 1075 921 1160; x_wconf 82' lang='lat' dir='ltr'><strong>Corinthiorumque</strong></span> <span class='ocrx_word' id='word_1_52' title='bbox 944 1085 980 1112; x_wconf 71' lang='lat' dir='ltr'>W</span> <span class='ocrx_word' id='word_1_53' title='bbox 1026 1076 1475 1161; x_wconf 81' lang='lat' dir='ltr'><strong>praecupiduS,</strong></span> <span class='ocrx_word' id='word_1_54' title='bbox 1524 1084 1591 1141; x_wconf 93' lang='lat' dir='ltr'><strong>et</strong></span> <span class='ocrx_word' id='word_1_55' title='bbox 1646 1077 1810 1142; x_wconf 86' lang='lat' dir='ltr'><strong>aleae</strong></span> <span class='ocrx_word' id='word_1_56' title='bbox 1862 1076 2227 1160; x_wconf 83' lang='lat' dir='ltr'><strong>indulgens.</strong></span> <span class='ocrx_word' id='word_1_57' title='bbox 2318 1077 2498 1142; x_wconf 89' lang='lat' dir='ltr'><strong>Nam</strong></span> 
     </span>
     <span class='ocr_line' id='line_1_8' title="bbox 301 1180 2380 1266; baseline -0 -23"><span class='ocrx_word' id='word_1_58' title='bbox 301 1189 367 1244; x_wconf 91' lang='lat' dir='ltr'><strong>et</strong></span> <span class='ocrx_word' id='word_1_59' title='bbox 398 1180 906 1264; x_wconf 85' lang='lat' dir='ltr'><strong>proscriptionis</strong></span> <span class='ocrx_word' id='word_1_60' title='bbox 937 1187 1232 1263; x_wconf 85' lang='lat' dir='ltr'><strong>ternpore</strong></span> <span class='ocrx_word' id='word_1_61' title='bbox 1266 1180 1351 1245; x_wconf 84' lang='lat' dir='ltr'><strong>ad</strong></span> <span class='ocrx_word' id='word_1_62' title='bbox 1377 1186 1671 1244; x_wconf 85' lang='lat' dir='ltr'><strong>statuam</strong></span> <span class='ocrx_word' id='word_1_63' title='bbox 1694 1183 1839 1266; x_wconf 89' lang='lat' dir='ltr'><strong>ejus</strong></span> <span class='ocrx_word' id='word_1_64' title='bbox 1865 1181 2225 1264; x_wconf 84' lang='lat' dir='ltr'><strong>ascriptum</strong></span> <span class='ocrx_word' id='word_1_65' title='bbox 2250 1187 2380 1256; x_wconf 86' lang='lat' dir='ltr'><strong>est,</strong></span> 
     </span>
     <span class='ocr_line' id='line_1_9' title="bbox 472 1282 1897 1366; baseline 0.002 -20"><span class='ocrx_word' id='word_1_66' title='bbox 472 1283 674 1347; x_wconf 86' lang='lat' dir='ltr'><strong>Pater</strong></span> <span class='ocrx_word' id='word_1_67' title='bbox 700 1285 1152 1365; x_wconf 55' lang='lat' dir='ltr'><strong>argentarius?</strong></span> <span class='ocrx_word' id='word_1_68' title='bbox 1181 1304 1302 1366; x_wconf 88' lang='lat' dir='ltr'><strong>ego</strong></span> <span class='ocrx_word' id='word_1_69' title='bbox 1334 1282 1821 1349; x_wconf 84' lang='lat' dir='ltr'><strong>Corinthiarius</strong></span> <span class='ocrx_word' id='word_1_70' title='bbox 1847 1293 1897 1364; x_wconf 68' lang='lat'><strong>35</strong></span> 
     </span>
    </p>
   </div>
   <div class='ocr_carea' id='block_1_2' title="bbox 301 1385 2497 1470">
    <p class='ocr_par' dir='ltr' id='par_1_2' title="bbox 301 1385 2497 1470">
     <span class='ocr_line' id='line_1_10' title="bbox 301 1385 2497 1470; baseline 0 -20"><span class='ocrx_word' id='word_1_71' title='bbox 301 1405 451 1451; x_wconf 91' lang='lat' dir='ltr'><strong>cum</strong></span> <span class='ocrx_word' id='word_1_72' title='bbox 499 1386 990 1452; x_wconf 85' lang='lat' dir='ltr'><strong>existimaretur</strong></span> <span class='ocrx_word' id='word_1_73' title='bbox 1034 1386 1368 1470; x_wconf 86' lang='lat' dir='ltr'><strong>quosdam</strong></span> <span class='ocrx_word' id='word_1_74' title='bbox 1419 1393 1697 1469; x_wconf 88' lang='lat' dir='ltr'><strong>propter</strong></span> <span class='ocrx_word' id='word_1_75' title='bbox 1727 1406 1893 1452; x_wconf 87' lang='lat' dir='ltr'><strong>vasa</strong></span> <span class='ocrx_word' id='word_1_76' title='bbox 1923 1385 2300 1452; x_wconf 85' lang='lat' dir='ltr'><strong>Corinthia²</strong></span> <span class='ocrx_word' id='word_1_77' title='bbox 2331 1386 2497 1451; x_wconf 87' lang='lat' dir='ltr'><strong>inter</strong></span> 
     </span>
    </p>
   </div>
   <div class='ocr_carea' id='block_1_3' title="bbox 1217 1568 1579 1589">
    <p class='ocr_par' dir='ltr' id='par_1_3' title="bbox 1217 1568 1579 1589">
     <span class='ocr_line' id='line_1_11' title="bbox 1217 1568 1579 1589; baseline 0.003 -1"><span class='ocrx_word' id='word_1_78' title='bbox 1217 1568 1579 1589; x_wconf 49' lang='lat' dir='ltr'><strong>‘Of‘effebouff</strong></span> 
     </span>
    </p>
   </div>
   <div class='ocr_carea' id='block_1_4' title="bbox 291 1666 2496 2389">
    <p class='ocr_par' dir='ltr' id='par_1_4' title="bbox 291 1666 2496 2389">
     <span class='ocr_line' id='line_1_12' title="bbox 295 1666 2495 1734; baseline 0.001 -18"><span class='ocrx_word' id='word_1_79' title='bbox 295 1682 396 1730; x_wconf 75' lang='lat' dir='ltr'><strong>nos,</strong></span> <span class='ocrx_word' id='word_1_80' title='bbox 420 1666 556 1731; x_wconf 86' lang='lat' dir='ltr'><strong>quod</strong></span> <span class='ocrx_word' id='word_1_81' title='bbox 574 1667 805 1718; x_wconf 83' lang='lat' dir='ltr'><strong>defendit</strong></span> <span class='ocrx_word' id='word_1_82' title='bbox 830 1670 1008 1721; x_wconf 89' lang='lat' dir='ltr'><strong>Burm.</strong></span> <span class='ocrx_word' id='word_1_83' title='bbox 1034 1670 1288 1734; x_wconf 80' lang='lat' dir='ltr'><strong>probante</strong></span> <span class='ocrx_word' id='word_1_84' title='bbox 1314 1672 1532 1720; x_wconf 86' lang='lat' dir='ltr'><strong>Ern.-l</strong></span> <span class='ocrx_word' id='word_1_85' title='bbox 1561 1671 1808 1719; x_wconf 65' lang='lat' dir='ltr'><strong>Tumor-em</strong></span> <span class='ocrx_word' id='word_1_86' title='bbox 1830 1668 2059 1718; x_wconf 84' lang='lat' dir='ltr'><strong>Harlem.</strong></span> <span class='ocrx_word' id='word_1_87' title='bbox 2100 1670 2227 1719; x_wconf 90' lang='lat' dir='ltr'><strong>Mox</strong></span> <span class='ocrx_word' id='word_1_88' title='bbox 2250 1684 2372 1718; x_wconf 85' lang='lat' dir='ltr'><strong>omn.</strong></span> <span class='ocrx_word' id='word_1_89' title='bbox 2382 1668 2495 1729; x_wconf 71' lang='lat' dir='ltr'><strong>fria.</strong></span> 
     </span>
     <span class='ocr_line' id='line_1_13' title="bbox 297 1734 2494 1800; baseline 0 -17"><span class='ocrx_word' id='word_1_90' title='bbox 297 1734 546 1783; x_wconf 85' lang='lat' dir='ltr'><strong>exhibent</strong></span> <span class='ocrx_word' id='word_1_91' title='bbox 566 1735 778 1783; x_wconf 89' lang='lat' dir='ltr'><strong>Memm.</strong></span> <span class='ocrx_word' id='word_1_92' title='bbox 799 1736 994 1787; x_wconf 85' lang='lat' dir='ltr'><strong>Medic.</strong></span> <span class='ocrx_word' id='word_1_93' title='bbox 1014 1740 1062 1785; x_wconf 84' lang='lat'><strong>2.</strong></span> <span class='ocrx_word' id='word_1_94' title='bbox 1085 1741 1133 1786; x_wconf 76' lang='lat'><strong>3.</strong></span> <span class='ocrx_word' id='word_1_95' title='bbox 1157 1736 1309 1786; x_wconf 89' lang='lat' dir='ltr'><strong>Vind.</strong></span> <span class='ocrx_word' id='word_1_96' title='bbox 1329 1741 1380 1785; x_wconf 83' lang='lat'><strong>2.</strong></span> <span class='ocrx_word' id='word_1_97' title='bbox 1405 1737 1524 1800; x_wconf 88' lang='lat' dir='ltr'><strong>Cuj.</strong></span> <span class='ocrx_word' id='word_1_98' title='bbox 1544 1737 1675 1798; x_wconf 88' lang='lat' dir='ltr'><strong>Cop.</strong></span> <span class='ocrx_word' id='word_1_99' title='bbox 1701 1750 1800 1784; x_wconf 89' lang='lat' dir='ltr'><strong>non</strong></span> <span class='ocrx_word' id='word_1_100' title='bbox 1811 1735 1915 1795; x_wconf 70' lang='grc' dir='ltr'><strong>[να.</strong></span> <span class='ocrx_word' id='word_1_101' title='bbox 1935 1751 2057 1783; x_wconf 82' lang='lat' dir='ltr'><strong>omn.</strong></span> <span class='ocrx_word' id='word_1_102' title='bbox 2078 1741 2135 1784; x_wconf 90' lang='lat' dir='ltr'><strong>ut</strong></span> <span class='ocrx_word' id='word_1_103' title='bbox 2161 1737 2209 1783; x_wconf 89' lang='lat' dir='ltr'><strong>in</strong></span> <span class='ocrx_word' id='word_1_104' title='bbox 2231 1735 2494 1798; x_wconf 76' lang='lat' dir='ltr'><strong>Edd.‘ple·</strong></span> 
     </span>
     <span class='ocr_line' id='line_1_14' title="bbox 297 1798 2491 1862; baseline 0 -16"><span class='ocrx_word' id='word_1_105' title='bbox 297 1799 491 1862; x_wconf 80' lang='lat' dir='ltr'><strong>risque.</strong></span> <span class='ocrx_word' id='word_1_106' title='bbox 528 1799 588 1848; x_wconf 87' lang='lat' dir='ltr'><strong>In</strong></span> <span class='ocrx_word' id='word_1_107' title='bbox 613 1800 809 1849; x_wconf 86' lang='lat' dir='ltr'><strong>Medic.</strong></span> <span class='ocrx_word' id='word_1_108' title='bbox 846 1806 889 1849; x_wconf 92' lang='lat' dir='ltr'><strong>l.</strong></span> <span class='ocrx_word' id='word_1_109' title='bbox 927 1802 1073 1850; x_wconf 82' lang='lat' dir='ltr'><strong>deest</strong></span> <span class='ocrx_word' id='word_1_110' title='bbox 1096 1806 1342 1852; x_wconf 60' lang='lat' dir='ltr'><strong>omna-2</strong></span> <span class='ocrx_word' id='word_1_111' title='bbox 1380 1800 1464 1851; x_wconf 85' lang='lat' dir='ltr'><strong>Ita</strong></span> <span class='ocrx_word' id='word_1_112' title='bbox 1502 1816 1532 1850; x_wconf 90' lang='lat' dir='ltr'><strong>e</strong></span> <span class='ocrx_word' id='word_1_113' title='bbox 1568 1803 1694 1850; x_wconf 88' lang='lat' dir='ltr'><strong>Mss.</strong></span> <span class='ocrx_word' id='word_1_114' title='bbox 1729 1799 1877 1850; x_wconf 84' lang='lat' dir='ltr'><strong>dedit</strong></span> <span class='ocrx_word' id='word_1_115' title='bbox 1913 1801 2062 1849; x_wconf 90' lang='lat' dir='ltr'><strong>Torr.</strong></span> <span class='ocrx_word' id='word_1_116' title='bbox 2095 1815 2210 1849; x_wconf 86' lang='lat' dir='ltr'><strong>cum</strong></span> <span class='ocrx_word' id='word_1_117' title='bbox 2249 1798 2491 1848; x_wconf 86' lang='lat' dir='ltr'><strong>Beroald.</strong></span> 
     </span>
     <span class='ocr_line' id='line_1_15' title="bbox 293 1863 2492 1931; baseline -0.001 -18"><span class='ocrx_word' id='word_1_118' title='bbox 293 1865 477 1928; x_wconf 86' lang='lat' dir='ltr'><strong>Stepb.</strong></span> <span class='ocrx_word' id='word_1_119' title='bbox 504 1864 725 1915; x_wconf 86' lang='lat' dir='ltr'><strong>Casaub.</strong></span> <span class='ocrx_word' id='word_1_120' title='bbox 763 1874 819 1915; x_wconf 88' lang='lat' dir='ltr'><strong>et</strong></span> <span class='ocrx_word' id='word_1_121' title='bbox 851 1881 998 1931; x_wconf 85' lang='lat' dir='ltr'><strong>seqq.</strong></span> <span class='ocrx_word' id='word_1_122' title='bbox 1022 1868 1115 1915; x_wconf 85' lang='lat' dir='ltr'><strong>nisi</strong></span> <span class='ocrx_word' id='word_1_123' title='bbox 1138 1866 1274 1930; x_wconf 89' lang='lat' dir='ltr'><strong>quod</strong></span> <span class='ocrx_word' id='word_1_124' title='bbox 1298 1868 1476 1915; x_wconf 89' lang='lat' dir='ltr'><strong>Burm.</strong></span> <span class='ocrx_word' id='word_1_125' title='bbox 1500 1865 1756 1916; x_wconf 85' lang='lat' dir='ltr'><strong>revocarit</strong></span> <span class='ocrx_word' id='word_1_126' title='bbox 1780 1867 1927 1914; x_wconf 89' lang='lat' dir='ltr'><strong>Vett.</strong></span> <span class='ocrx_word' id='word_1_127' title='bbox 1949 1863 2081 1914; x_wconf 87' lang='lat' dir='ltr'><strong>Edd.</strong></span> <span class='ocrx_word' id='word_1_128' title='bbox 2112 1866 2233 1914; x_wconf 85' lang='lat' dir='ltr'><strong>lect.</strong></span> <span class='ocrx_word' id='word_1_129' title='bbox 2252 1866 2335 1913; x_wconf 83' lang='lat' dir='ltr'><strong>sed</strong></span> <span class='ocrx_word' id='word_1_130' title='bbox 2355 1869 2405 1913; x_wconf 81' lang='lat' dir='ltr'><strong>et</strong></span> <span class='ocrx_word' id='word_1_131' title='bbox 2426 1879 2492 1912; x_wconf 83' lang='lat' dir='ltr'><strong>ex</strong></span> 
     </span>
     <span class='ocr_line' id='line_1_16' title="bbox 296 1928 2490 1991; baseline -0 -13"><span class='ocrx_word' id='word_1_132' title='bbox 296 1930 535 1978; x_wconf 85' lang='lat' dir='ltr'><strong>Harlem.</strong></span> <span class='ocrx_word' id='word_1_133' title='bbox 572 1932 656 1979; x_wconf 89' lang='lat' dir='ltr'><strong>cui</strong></span> <span class='ocrx_word' id='word_1_134' title='bbox 695 1933 1027 1981; x_wconf 88' lang='lat' dir='ltr'><strong>consentiunt</strong></span> <span class='ocrx_word' id='word_1_135' title='bbox 1064 1933 1152 1980; x_wconf 85' lang='lat' dir='ltr'><strong>soli</strong></span> <span class='ocrx_word' id='word_1_136' title='bbox 1180 1932 1334 1981; x_wconf 87' lang='lat' dir='ltr'><strong>Viud.</strong></span> <span class='ocrx_word' id='word_1_137' title='bbox 1362 1936 1405 1981; x_wconf 91' lang='lat'><strong>1.</strong></span> <span class='ocrx_word' id='word_1_138' title='bbox 1429 1932 1599 1981; x_wconf 76' lang='lat' dir='ltr'><strong>Per-iz.</strong></span> <span class='ocrx_word' id='word_1_139' title='bbox 1620 1931 1767 1981; x_wconf 89' lang='lat' dir='ltr'><strong>Cort.</strong></span> <span class='ocrx_word' id='word_1_140' title='bbox 1791 1945 1891 1980; x_wconf 77' lang='lat' dir='ltr'><strong>esse</strong></span> <span class='ocrx_word' id='word_1_141' title='bbox 1919 1929 2149 1979; x_wconf 76' lang='lat' dir='ltr'><strong>homiuem</strong></span> <span class='ocrx_word' id='word_1_142' title='bbox 2169 1929 2299 1991; x_wconf 88' lang='lat' dir='ltr'><strong>Cop.</strong></span> <span class='ocrx_word' id='word_1_143' title='bbox 2320 1928 2412 1978; x_wconf 87' lang='lat' dir='ltr'><strong>sed</strong></span> <span class='ocrx_word' id='word_1_144' title='bbox 2437 1930 2490 1977; x_wconf 90' lang='lat' dir='ltr'><strong>in</strong></span> 
     </span>
     <span class='ocr_line' id='line_1_17' title="bbox 294 1994 2495 2061; baseline 0 -19"><span class='ocrx_word' id='word_1_145' title='bbox 294 2009 464 2059; x_wconf 86' lang='lat' dir='ltr'><strong>marg.</strong></span> <span class='ocrx_word' id='word_1_146' title='bbox 487 1994 648 2058; x_wconf 76' lang='lat' dir='ltr'><strong>Apoll.</strong></span> <span class='ocrx_word' id='word_1_147' title='bbox 673 1996 1020 2046; x_wconf 81' lang='lat' dir='ltr'><strong>Desideratnr</strong></span> <span class='ocrx_word' id='word_1_148' title='bbox 1053 1999 1190 2061; x_wconf 74' lang='lat' dir='ltr'><strong>plone</strong></span> <span class='ocrx_word' id='word_1_149' title='bbox 1221 1999 1271 2045; x_wconf 88' lang='lat' dir='ltr'><strong>in</strong></span> <span class='ocrx_word' id='word_1_150' title='bbox 1295 1998 1476 2061; x_wconf 81' lang='lat' dir='ltr'><strong>script.</strong></span> <span class='ocrx_word' id='word_1_151' title='bbox 1511 2003 1566 2046; x_wconf 92' lang='lat' dir='ltr'><strong>et</strong></span> <span class='ocrx_word' id='word_1_152' title='bbox 1600 1997 1729 2046; x_wconf 87' lang='lat' dir='ltr'><strong>edit.</strong></span> <span class='ocrx_word' id='word_1_153' title='bbox 1761 1996 2082 2060; x_wconf 82' lang='lat' dir='ltr'><strong>quibusdam,</strong></span> <span class='ocrx_word' id='word_1_154' title='bbox 2109 2010 2201 2058; x_wconf 89' lang='lat' dir='ltr'><strong>pro</strong></span> <span class='ocrx_word' id='word_1_155' title='bbox 2226 2009 2325 2058; x_wconf 86' lang='lat' dir='ltr'><strong>qno</strong></span> <span class='ocrx_word' id='word_1_156' title='bbox 2347 1994 2495 2043; x_wconf 84' lang='lat' dir='ltr'><strong>malit</strong></span> 
     </span>
     <span class='ocr_line' id='line_1_18' title="bbox 294 2059 2496 2114; baseline 0 -6"><span class='ocrx_word' id='word_1_157' title='bbox 294 2060 475 2108; x_wconf 88' lang='lat' dir='ltr'><strong>Burm.</strong></span> <span class='ocrx_word' id='word_1_158' title='bbox 497 2066 720 2110; x_wconf 61' lang='lat' dir='ltr'><strong>sane—3</strong></span> <span class='ocrx_word' id='word_1_159' title='bbox 760 2062 1037 2112; x_wconf 76' lang='lat' dir='ltr'><strong>Celebratur</strong></span> <span class='ocrx_word' id='word_1_160' title='bbox 1058 2065 1201 2114; x_wconf 87' lang='lat' dir='ltr'><strong>Cort.</strong></span> <span class='ocrx_word' id='word_1_161' title='bbox 1229 2078 1345 2113; x_wconf 89' lang='lat' dir='ltr'><strong>cnm</strong></span> <span class='ocrx_word' id='word_1_162' title='bbox 1379 2077 1478 2111; x_wconf 91' lang='lat' dir='ltr'><strong>uno</strong></span> <span class='ocrx_word' id='word_1_163' title='bbox 1496 2063 1646 2112; x_wconf 86' lang='lat' dir='ltr'><strong>Torr.</strong></span> <span class='ocrx_word' id='word_1_164' title='bbox 1670 2069 1725 2111; x_wconf 89' lang='lat' dir='ltr'><strong>et</strong></span> <span class='ocrx_word' id='word_1_165' title='bbox 1746 2062 1879 2110; x_wconf 88' lang='lat' dir='ltr'><strong>Edd.</strong></span> <span class='ocrx_word' id='word_1_166' title='bbox 1907 2062 2050 2110; x_wconf 89' lang='lat' dir='ltr'><strong>Rom.</strong></span> <span class='ocrx_word' id='word_1_167' title='bbox 2094 2061 2257 2110; x_wconf 84' lang='lat' dir='ltr'><strong>Paulo</strong></span> <span class='ocrx_word' id='word_1_168' title='bbox 2282 2067 2402 2108; x_wconf 83' lang='lat' dir='ltr'><strong>ante</strong></span> <span class='ocrx_word' id='word_1_169' title='bbox 2426 2059 2496 2108; x_wconf 81' lang='lat' dir='ltr'><strong>eis</strong></span> 
     </span>
     <span class='ocr_line' id='line_1_19' title="bbox 294 2125 2495 2192; baseline -0 -18"><span class='ocrx_word' id='word_1_170' title='bbox 294 2126 430 2174; x_wconf 78' lang='lat' dir='ltr'><strong>Deus</strong></span> <span class='ocrx_word' id='word_1_171' title='bbox 452 2125 550 2175; x_wconf 88' lang='lat' dir='ltr'><strong>Ed.</strong></span> <span class='ocrx_word' id='word_1_172' title='bbox 572 2127 694 2176; x_wconf 86' lang='lat' dir='ltr'><strong>Bas.</strong></span> <span class='ocrx_word' id='word_1_173' title='bbox 727 2128 851 2176; x_wconf 84' lang='lat' dir='ltr'><strong>Tum</strong></span> <span class='ocrx_word' id='word_1_174' title='bbox 872 2138 993 2178; x_wconf 82' lang='lat' dir='ltr'><strong>ante</strong></span> <span class='ocrx_word' id='word_1_175' title='bbox 1013 2128 1205 2192; x_wconf 80' lang='lat' dir='ltr'><strong>pretios-</strong></span> <span class='ocrx_word' id='word_1_176' title='bbox 1229 2129 1343 2178; x_wconf 83' lang='lat' dir='ltr'><strong>Pal.</strong></span> <span class='ocrx_word' id='word_1_177' title='bbox 1366 2133 1412 2178; x_wconf 77' lang='lat'><strong>3.</strong></span> <span class='ocrx_word' id='word_1_178' title='bbox 1433 2142 1537 2178; x_wconf 89' lang='lat' dir='ltr'><strong>non</strong></span> <span class='ocrx_word' id='word_1_179' title='bbox 1557 2127 1716 2176; x_wconf 84' lang='lat' dir='ltr'><strong>habet</strong></span> <span class='ocrx_word' id='word_1_180' title='bbox 1739 2133 1813 2187; x_wconf 78' lang='lat' dir='ltr'><strong>ut,</strong></span> <span class='ocrx_word' id='word_1_181' title='bbox 1835 2126 2085 2190; x_wconf 81' lang='lat' dir='ltr'><strong>probante</strong></span> <span class='ocrx_word' id='word_1_182' title='bbox 2101 2126 2257 2176; x_wconf 88' lang='lat' dir='ltr'><strong>Grut.</strong></span> <span class='ocrx_word' id='word_1_183' title='bbox 2292 2125 2495 2188; x_wconf 80' lang='lat' dir='ltr'><strong>Agnos·</strong></span> 
     </span>
     <span class='ocr_line' id='line_1_20' title="bbox 295 2190 2490 2257; baseline 0.001 -19"><span class='ocrx_word' id='word_1_184' title='bbox 295 2198 426 2239; x_wconf 90' lang='lat' dir='ltr'><strong>cnnt</strong></span> <span class='ocrx_word' id='word_1_185' title='bbox 448 2192 685 2253; x_wconf 86' lang='lat' dir='ltr'><strong>copulam</strong></span> <span class='ocrx_word' id='word_1_186' title='bbox 708 2200 755 2241; x_wconf 75' lang='lat' dir='ltr'><strong>et</strong></span> <span class='ocrx_word' id='word_1_187' title='bbox 781 2202 896 2253; x_wconf 84' lang='lat' dir='ltr'><strong>post</strong></span> <span class='ocrx_word' id='word_1_188' title='bbox 921 2200 991 2243; x_wconf 81' lang='lat' dir='ltr'><strong>est</strong></span> <span class='ocrx_word' id='word_1_189' title='bbox 1024 2194 1149 2242; x_wconf 85' lang='lat' dir='ltr'><strong>Mss.</strong></span> <span class='ocrx_word' id='word_1_190' title='bbox 1184 2192 1252 2242; x_wconf 89' lang='grc' dir='ltr'><strong>Ο.</strong></span> <span class='ocrx_word' id='word_1_191' title='bbox 1288 2201 1481 2257; x_wconf 84' lang='lat' dir='ltr'><strong>praeter</strong></span> <span class='ocrx_word' id='word_1_192' title='bbox 1504 2192 1700 2242; x_wconf 89' lang='lat' dir='ltr'><strong>Medic.</strong></span> <span class='ocrx_word' id='word_1_193' title='bbox 1720 2197 1769 2242; x_wconf 84' lang='lat'><strong>2.</strong></span> <span class='ocrx_word' id='word_1_194' title='bbox 1795 2200 1850 2241; x_wconf 89' lang='lat' dir='ltr'><strong>et</strong></span> <span class='ocrx_word' id='word_1_195' title='bbox 1873 2192 2007 2241; x_wconf 91' lang='lat' dir='ltr'><strong>Edd.</strong></span> <span class='ocrx_word' id='word_1_196' title='bbox 2031 2192 2264 2255; x_wconf 83' lang='lat' dir='ltr'><strong>exceptis</strong></span> <span class='ocrx_word' id='word_1_197' title='bbox 2288 2190 2490 2255; x_wconf 83' lang='lat' dir='ltr'><strong>Grypb.</strong></span> 
     </span>
     <span class='ocr_line' id='line_1_21' title="bbox 294 2254 2494 2323; baseline 0 -21"><span class='ocrx_word' id='word_1_198' title='bbox 294 2254 473 2305; x_wconf 83' lang='lat' dir='ltr'><strong>Plant.</strong></span> <span class='ocrx_word' id='word_1_199' title='bbox 498 2257 715 2307; x_wconf 80' lang='lat' dir='ltr'><strong>casaub.</strong></span> <span class='ocrx_word' id='word_1_200' title='bbox 737 2258 899 2321; x_wconf 86' lang='lat' dir='ltr'><strong>Raph.</strong></span> <span class='ocrx_word' id='word_1_201' title='bbox 924 2274 1082 2323; x_wconf 88' lang='lat' dir='ltr'><strong>usqne</strong></span> <span class='ocrx_word' id='word_1_202' title='bbox 1106 2258 1169 2308; x_wconf 86' lang='lat' dir='ltr'><strong>ad</strong></span> <span class='ocrx_word' id='word_1_203' title='bbox 1195 2260 1471 2310; x_wconf 50' lang='lat' dir='ltr'><strong>Graiu—4</strong></span> <span class='ocrx_word' id='word_1_204' title='bbox 1508 2258 1723 2307; x_wconf 82' lang='lat' dir='ltr'><strong>Habent</strong></span> <span class='ocrx_word' id='word_1_205' title='bbox 1741 2258 1871 2307; x_wconf 84' lang='lat' dir='ltr'><strong>Exc.</strong></span> <span class='ocrx_word' id='word_1_206' title='bbox 1899 2257 2016 2320; x_wconf 91' lang='lat' dir='ltr'><strong>an.</strong></span> <span class='ocrx_word' id='word_1_207' title='bbox 2032 2256 2338 2320; x_wconf 71' lang='lat' dir='ltr'><strong>suppellectili</strong></span> <span class='ocrx_word' id='word_1_208' title='bbox 2363 2255 2494 2304; x_wconf 83' lang='lat' dir='ltr'><strong>scili-</strong></span> 
     </span>
     <span class='ocr_line' id='line_1_22' title="bbox 291 2321 2494 2389; baseline 0.001 -19"><span class='ocrx_word' id='word_1_209' title='bbox 291 2326 364 2370; x_wconf 78' lang='lat' dir='ltr'><strong>cet</strong></span> <span class='ocrx_word' id='word_1_210' title='bbox 393 2323 507 2371; x_wconf 85' lang='lat' dir='ltr'><strong>Cor.</strong></span> <span class='ocrx_word' id='word_1_211' title='bbox 544 2323 677 2372; x_wconf 89' lang='lat' dir='ltr'><strong>Dein</strong></span> <span class='ocrx_word' id='word_1_212' title='bbox 697 2323 886 2386; x_wconf 85' lang='lat' dir='ltr'><strong>legitur</strong></span> <span class='ocrx_word' id='word_1_213' title='bbox 902 2325 1184 2389; x_wconf 82' lang='lat' dir='ltr'><strong>percupidus</strong></span> <span class='ocrx_word' id='word_1_214' title='bbox 1200 2325 1250 2373; x_wconf 89' lang='lat' dir='ltr'><strong>in</strong></span> <span class='ocrx_word' id='word_1_215' title='bbox 1285 2339 1447 2388; x_wconf 82' lang='lat' dir='ltr'><strong>marg.</strong></span> <span class='ocrx_word' id='word_1_216' title='bbox 1466 2322 1563 2373; x_wconf 89' lang='lat' dir='ltr'><strong>Ed.</strong></span> <span class='ocrx_word' id='word_1_217' title='bbox 1587 2324 1739 2374; x_wconf 85' lang='lat' dir='ltr'><strong>Torr.</strong></span> <span class='ocrx_word' id='word_1_218' title='bbox 1789 2323 1915 2374; x_wconf 81' lang='lat' dir='ltr'><strong>Mox</strong></span> <span class='ocrx_word' id='word_1_219' title='bbox 1929 2322 2157 2386; x_wconf 77' lang='lat' dir='ltr'><strong>scriptum</strong></span> <span class='ocrx_word' id='word_1_220' title='bbox 2176 2322 2328 2372; x_wconf 86' lang='lat' dir='ltr'><strong>Huls.</strong></span> <span class='ocrx_word' id='word_1_221' title='bbox 2348 2321 2494 2372; x_wconf 73' lang='lat' dir='ltr'><strong>Cort-</strong></span> 
     </span>
    </p>
   </div>
   <div class='ocr_carea' id='block_1_5' title="bbox 1284 2522 1496 2572">
    <p class='ocr_par' dir='ltr' id='par_1_5' title="bbox 1284 2522 1496 2572">
     <span class='ocr_line' id='line_1_23' title="bbox 1284 2522 1496 2572; baseline 0 0"><span class='ocrx_word' id='word_1_222' title='bbox 1284 2522 1335 2572; x_wconf 92' lang='lat' dir='ltr'>N</span> <span class='ocrx_word' id='word_1_223' title='bbox 1341 2522 1496 2572; x_wconf 71' lang='lat' dir='ltr'><strong>0⁵1*AE</strong></span> 
     </span>
    </p>
   </div>
   <div class='ocr_carea' id='block_1_6' title="bbox 297 2647 2495 2791">
    <p class='ocr_par' dir='ltr' id='par_1_6' title="bbox 297 2647 2495 2791">
     <span class='ocr_line' id='line_1_24' title="bbox 356 2647 2495 2715; baseline -0.004 -8"><span class='ocrx_word' id='word_1_224' title='bbox 356 2657 381 2682; x_wconf 85' lang='lat'><strong>¹¹</strong></span> <span class='ocrx_word' id='word_1_225' title='bbox 419 2650 525 2706; x_wconf 62' lang='lat' dir='ltr'><strong>Quo</strong></span> <span class='ocrx_word' id='word_1_226' title='bbox 544 2651 839 2715; x_wconf 75' lang='lat' dir='ltr'><strong>cognomine]</strong></span> <span class='ocrx_word' id='word_1_227' title='bbox 874 2653 948 2702; x_wconf 90' lang='lat' dir='ltr'><strong>Ut</strong></span> <span class='ocrx_word' id='word_1_228' title='bbox 985 2651 1052 2701; x_wconf 88' lang='lat' dir='ltr'><strong>de</strong></span> <span class='ocrx_word' id='word_1_229' title='bbox 1086 2652 1352 2702; x_wconf 79' lang='lat' dir='ltr'><strong>Sandalia—</strong></span> <span class='ocrx_word' id='word_1_230' title='bbox 1427 2652 1682 2715; x_wconf 82' lang='lat' dir='ltr'><strong>loquens:</strong></span> <span class='ocrx_word' id='word_1_231' title='bbox 1708 2651 1723 2679; x_wconf 80' lang='lat'>⁸</span> <span class='ocrx_word' id='word_1_232' title='bbox 1744 2650 1981 2702; x_wconf 84' lang='lat' dir='ltr'><strong>Quantas</strong></span> <span class='ocrx_word' id='word_1_233' title='bbox 2002 2663 2127 2713; x_wconf 81' lang='lat' dir='ltr'><strong>opes</strong></span> <span class='ocrx_word' id='word_1_234' title='bbox 2140 2647 2415 2698; x_wconf 77' lang='lat' dir='ltr'><strong>abstulerit</strong></span> <span class='ocrx_word' id='word_1_235' title='bbox 2439 2654 2495 2698; x_wconf 86' lang='lat' dir='ltr'><strong>et</strong></span> 
     </span>
     <span class='ocr_line' id='line_1_25' title="bbox 297 2721 2489 2791; baseline -0.003 -15"><span class='ocrx_word' id='word_1_236' title='bbox 297 2726 373 2777; x_wconf 91' lang='lat' dir='ltr'><strong>rio</strong></span> <span class='ocrx_word' id='word_1_237' title='bbox 398 2743 557 2791; x_wconf 74' lang='lat' dir='ltr'><strong>supra</strong></span> <span class='ocrx_word' id='word_1_238' title='bbox 579 2745 626 2778; x_wconf 84' lang='lat' dir='ltr'><strong>c.</strong></span> <span class='ocrx_word' id='word_1_239' title='bbox 651 2733 732 2779; x_wconf 80' lang='grc'><strong>57.</strong></span> <span class='ocrx_word' id='word_1_240' title='bbox 755 2730 947 2779; x_wconf 87' lang='lat' dir='ltr'><strong>dictum</strong></span> <span class='ocrx_word' id='word_1_241' title='bbox 967 2738 1063 2779; x_wconf 88' lang='lat' dir='ltr'><strong>est.</strong></span> <span class='ocrx_word' id='word_1_242' title='bbox 1430 2725 1742 2776; x_wconf 75' lang='lat' dir='ltr'><strong>cremaverit</strong></span> <span class='ocrx_word' id='word_1_243' title='bbox 1765 2726 1882 2774; x_wconf 86' lang='lat' dir='ltr'><strong>hinc</strong></span> <span class='ocrx_word' id='word_1_244' title='bbox 1907 2724 2058 2785; x_wconf 86' lang='lat' dir='ltr'><strong>scias,</strong></span> <span class='ocrx_word' id='word_1_245' title='bbox 2089 2721 2223 2787; x_wconf 88' lang='lat' dir='ltr'><strong>quod</strong></span> <span class='ocrx_word' id='word_1_246' title='bbox 2248 2723 2489 2787; x_wconf 86' lang='lat' dir='ltr'><strong>quicquid</strong></span> 
     </span>
    </p>
   </div>
   <div class='ocr_carea' id='block_1_7' title="bbox 254 2806 1353 4406">
    <p class='ocr_par' dir='ltr' id='par_1_7' title="bbox 254 2806 1353 3699">
     <span class='ocr_line' id='line_1_26' title="bbox 357 2806 1352 2871; baseline 0 -16"><span class='ocrx_word' id='word_1_247' title='bbox 357 2814 382 2839; x_wconf 79' lang='lat' dir='ltr'>v</span> <span class='ocrx_word' id='word_1_248' title='bbox 418 2806 637 2861; x_wconf 73' lang='lat' dir='ltr'><strong>Quadam</strong></span> <span class='ocrx_word' id='word_1_249' title='bbox 665 2813 802 2869; x_wconf 74' lang='lat' dir='ltr'><strong>parts</strong></span> <span class='ocrx_word' id='word_1_250' title='bbox 826 2808 988 2871; x_wconf 80' lang='lat' dir='ltr'><strong>Urbis]</strong></span> <span class='ocrx_word' id='word_1_251' title='bbox 1027 2807 1200 2871; x_wconf 87' lang='lat' dir='ltr'><strong>Prope</strong></span> <span class='ocrx_word' id='word_1_252' title='bbox 1219 2806 1352 2856; x_wconf 90' lang='lat' dir='ltr'><strong>Sub·</strong></span> 
     </span>
     <span class='ocr_line' id='line_1_27' title="bbox 292 2884 1353 2947; baseline 0.001 -17"><span class='ocrx_word' id='word_1_253' title='bbox 292 2896 437 2930; x_wconf 85' lang='lat' dir='ltr'><strong>uram</strong></span> <span class='ocrx_word' id='word_1_254' title='bbox 464 2884 830 2944; x_wconf 81' lang='lat' dir='ltr'><strong>verisimiliter,</strong></span> <span class='ocrx_word' id='word_1_255' title='bbox 861 2886 1074 2947; x_wconf 80' lang='lat' dir='ltr'><strong>colligas</strong></span> <span class='ocrx_word' id='word_1_256' title='bbox 1110 2898 1175 2932; x_wconf 77' lang='lat' dir='ltr'><strong>ex</strong></span> <span class='ocrx_word' id='word_1_257' title='bbox 1210 2884 1353 2932; x_wconf 83' lang='lat' dir='ltr'><strong>Mar-</strong></span> 
     </span>
     <span class='ocr_line' id='line_1_28' title="bbox 293 2959 1352 3022; baseline -0.001 -13"><span class='ocrx_word' id='word_1_258' title='bbox 293 2959 406 3009; x_wconf 82' lang='lat' dir='ltr'><strong>tial.</strong></span> <span class='ocrx_word' id='word_1_259' title='bbox 439 2960 594 3022; x_wconf 83' lang='lat' dir='ltr'><strong>Epig.</strong></span> <span class='ocrx_word' id='word_1_260' title='bbox 621 2964 699 3010; x_wconf 80' lang='lat'><strong>17.</strong></span> <span class='ocrx_word' id='word_1_261' title='bbox 724 2961 810 3010; x_wconf 84' lang='lat' dir='ltr'><strong>lib.</strong></span> <span class='ocrx_word' id='word_1_262' title='bbox 830 2975 893 3012; x_wconf 85' lang='lat' dir='ltr'><strong>rt.</strong></span> <span class='ocrx_word' id='word_1_263' title='bbox 927 2961 1199 3010; x_wconf 79' lang='lat' dir='ltr'><strong>‘Tonstrix</strong></span> <span class='ocrx_word' id='word_1_264' title='bbox 1220 2960 1352 3009; x_wconf 85' lang='lat' dir='ltr'><strong>Sub·</strong></span> 
     </span>
     <span class='ocr_line' id='line_1_29' title="bbox 254 3033 1353 3101; baseline 0.006 -19"><span class='ocrx_word' id='word_1_265' title='bbox 254 3074 257 3081; x_wconf 89' lang='lat'><em>.</em></span> <span class='ocrx_word' id='word_1_266' title='bbox 292 3049 401 3083; x_wconf 82' lang='lat' dir='ltr'><strong>urae</strong></span> <span class='ocrx_word' id='word_1_267' title='bbox 439 3033 674 3085; x_wconf 85' lang='lat' dir='ltr'><strong>faucibus</strong></span> <span class='ocrx_word' id='word_1_268' title='bbox 704 3037 852 3087; x_wconf 85' lang='lat' dir='ltr'><strong>sedet</strong></span> <span class='ocrx_word' id='word_1_269' title='bbox 890 3038 1085 3101; x_wconf 87' lang='lat' dir='ltr'><strong>primis,</strong></span> <span class='ocrx_word' id='word_1_270' title='bbox 1123 3038 1353 3089; x_wconf 75' lang='lat' dir='ltr'><strong>Cruenta</strong></span> 
     </span>
     <span class='ocr_line' id='line_1_30' title="bbox 292 3113 1352 3179; baseline 0.004 -18"><span class='ocrx_word' id='word_1_271' title='bbox 292 3113 524 3175; x_wconf 86' lang='lat' dir='ltr'><strong>pendent</strong></span> <span class='ocrx_word' id='word_1_272' title='bbox 549 3130 649 3177; x_wconf 83' lang='lat' dir='ltr'><strong>qua</strong></span> <span class='ocrx_word' id='word_1_273' title='bbox 671 3114 875 3179; x_wconf 80' lang='lat' dir='ltr'><strong>flagella</strong></span> <span class='ocrx_word' id='word_1_274' title='bbox 898 3113 1189 3165; x_wconf 88' lang='lat' dir='ltr'><strong>tortorum.’</strong></span> <span class='ocrx_word' id='word_1_275' title='bbox 1221 3115 1352 3165; x_wconf 88' lang='lat' dir='ltr'><strong>Cum</strong></span> 
     </span>
     <span class='ocr_line' id='line_1_31' title="bbox 292 3192 1350 3256; baseline 0.005 -18"><span class='ocrx_word' id='word_1_276' title='bbox 292 3198 468 3239; x_wconf 86' lang='lat' dir='ltr'><strong>autern</strong></span> <span class='ocrx_word' id='word_1_277' title='bbox 491 3192 543 3240; x_wconf 91' lang='lat' dir='ltr'><strong>in</strong></span> <span class='ocrx_word' id='word_1_278' title='bbox 567 3193 773 3242; x_wconf 82' lang='lat' dir='ltr'><strong>Subura</strong></span> <span class='ocrx_word' id='word_1_279' title='bbox 803 3195 969 3256; x_wconf 88' lang='lat' dir='ltr'><strong>primo</strong></span> <span class='ocrx_word' id='word_1_280' title='bbox 999 3194 1167 3245; x_wconf 78' lang='lat' dir='ltr'><strong>Julius</strong></span> <span class='ocrx_word' id='word_1_281' title='bbox 1207 3193 1350 3243; x_wconf 84' lang='lat' dir='ltr'><strong>habi·</strong></span> 
     </span>
     <span class='ocr_line' id='line_1_32' title="bbox 292 3268 1352 3327; baseline 0 -9"><span class='ocrx_word' id='word_1_282' title='bbox 292 3272 472 3327; x_wconf 77' lang='lat' dir='ltr'><strong>tasset,</strong></span> <span class='ocrx_word' id='word_1_283' title='bbox 496 3277 554 3316; x_wconf 89' lang='lat' dir='ltr'><strong>ut</strong></span> <span class='ocrx_word' id='word_1_284' title='bbox 578 3269 628 3317; x_wconf 89' lang='lat' dir='ltr'><strong>in</strong></span> <span class='ocrx_word' id='word_1_285' title='bbox 648 3268 756 3319; x_wconf 86' lang='lat' dir='ltr'><strong>Jul.</strong></span> <span class='ocrx_word' id='word_1_286' title='bbox 782 3284 829 3318; x_wconf 90' lang='lat' dir='ltr'><strong>c.</strong></span> <span class='ocrx_word' id='word_1_287' title='bbox 852 3274 934 3319; x_wconf 80' lang='lat'><strong>46.</strong></span> <span class='ocrx_word' id='word_1_288' title='bbox 960 3271 999 3318; x_wconf 87' lang='lat' dir='ltr'><strong>si</strong></span> <span class='ocrx_word' id='word_1_289' title='bbox 1025 3269 1352 3319; x_wconf 84' lang='lat' dir='ltr'><strong>existimetur</strong></span> 
     </span>
     <span class='ocr_line' id='line_1_33' title="bbox 292 3342 1349 3408; baseline 0.001 -16"><span class='ocrx_word' id='word_1_290' title='bbox 292 3356 356 3392; x_wconf 84' lang='lat' dir='ltr'><strong>eo</strong></span> <span class='ocrx_word' id='word_1_291' title='bbox 397 3344 495 3391; x_wconf 87' lang='lat' dir='ltr'><strong>loci</strong></span> <span class='ocrx_word' id='word_1_292' title='bbox 530 3342 669 3394; x_wconf 81' lang='lat' dir='ltr'><strong>faeta</strong></span> <span class='ocrx_word' id='word_1_293' title='bbox 707 3344 822 3394; x_wconf 83' lang='lat' dir='ltr'><strong>haec</strong></span> <span class='ocrx_word' id='word_1_294' title='bbox 863 3360 1028 3405; x_wconf 85' lang='lat' dir='ltr'><strong>coena,</strong></span> <span class='ocrx_word' id='word_1_295' title='bbox 1063 3360 1126 3395; x_wconf 89' lang='lat' dir='ltr'><strong>eo</strong></span> <span class='ocrx_word' id='word_1_296' title='bbox 1161 3345 1349 3408; x_wconf 83' lang='lat' dir='ltr'><strong>potiori</strong></span> 
     </span>
     <span class='ocr_line' id='line_1_34' title="bbox 283 3418 1349 3484; baseline 0.003 -18"><span class='ocrx_word' id='word_1_297' title='bbox 283 3418 406 3481; x_wconf 90' lang='lat' dir='ltr'><strong>jure</strong></span> <span class='ocrx_word' id='word_1_298' title='bbox 420 3420 595 3470; x_wconf 88' lang='lat' dir='ltr'><strong>dictus</strong></span> <span class='ocrx_word' id='word_1_299' title='bbox 615 3419 773 3470; x_wconf 85' lang='lat' dir='ltr'><strong>fuerit</strong></span> <span class='ocrx_word' id='word_1_300' title='bbox 790 3421 974 3484; x_wconf 83' lang='lat' dir='ltr'><strong>Apollo</strong></span> <span class='ocrx_word' id='word_1_301' title='bbox 991 3422 1197 3483; x_wconf 83' lang='lat' dir='ltr'><strong>Tortor,</strong></span> <span class='ocrx_word' id='word_1_302' title='bbox 1213 3421 1349 3484; x_wconf 90' lang='lat' dir='ltr'><strong>quod</strong></span> 
     </span>
     <span class='ocr_line' id='line_1_35' title="bbox 293 3494 1351 3560; baseline 0.002 -17"><span class='ocrx_word' id='word_1_303' title='bbox 293 3494 345 3543; x_wconf 91' lang='lat' dir='ltr'><strong>in</strong></span> <span class='ocrx_word' id='word_1_304' title='bbox 370 3495 553 3545; x_wconf 88' lang='lat' dir='ltr'><strong>eodem</strong></span> <span class='ocrx_word' id='word_1_305' title='bbox 580 3497 694 3546; x_wconf 87' lang='lat' dir='ltr'><strong>vico</strong></span> <span class='ocrx_word' id='word_1_306' title='bbox 729 3495 917 3560; x_wconf 77' lang='lat' dir='ltr'><strong>Apollo</strong></span> <span class='ocrx_word' id='word_1_307' title='bbox 947 3495 1098 3546; x_wconf 84' lang='lat' dir='ltr'><strong>fictus</strong></span> <span class='ocrx_word' id='word_1_308' title='bbox 1117 3504 1275 3559; x_wconf 79' lang='lat' dir='ltr'><strong>esset,</strong></span> <span class='ocrx_word' id='word_1_309' title='bbox 1298 3497 1351 3545; x_wconf 88' lang='lat' dir='ltr'><strong>in</strong></span> 
     </span>
     <span class='ocr_line' id='line_1_36' title="bbox 289 3570 1353 3637; baseline 0.002 -17"><span class='ocrx_word' id='word_1_310' title='bbox 289 3587 391 3634; x_wconf 87' lang='lat' dir='ltr'><strong>quo</strong></span> <span class='ocrx_word' id='word_1_311' title='bbox 414 3573 510 3622; x_wconf 91' lang='lat' dir='ltr'><strong>sub</strong></span> <span class='ocrx_word' id='word_1_312' title='bbox 539 3573 786 3637; x_wconf 85' lang='lat' dir='ltr'><strong>ejusmodi</strong></span> <span class='ocrx_word' id='word_1_313' title='bbox 823 3573 1127 3635; x_wconf 78' lang='lat' dir='ltr'><strong>cognomine</strong></span> <span class='ocrx_word' id='word_1_314' title='bbox 1159 3570 1353 3636; x_wconf 87' lang='lat' dir='ltr'><strong>Apollo</strong></span> 
     </span>
     <span class='ocr_line' id='line_1_37' title="bbox 291 3649 633 3699; baseline 0.006 -2"><span class='ocrx_word' id='word_1_315' title='bbox 291 3649 481 3698; x_wconf 76' lang='lat' dir='ltr'><strong>Tortor</strong></span> <span class='ocrx_word' id='word_1_316' title='bbox 498 3660 633 3699; x_wconf 90' lang='lat' dir='ltr'><strong>erat.</strong></span> 
     </span>
    </p>

    <p class='ocr_par' dir='ltr' id='par_1_8' title="bbox 291 3726 1351 4406">
     <span class='ocr_line' id='line_1_38' title="bbox 357 3726 1350 3790; baseline 0.003 -16"><span class='ocrx_word' id='word_1_317' title='bbox 357 3734 388 3757; x_wconf 75' lang='lat'><strong>&#39;¹&#39;</strong></span> <span class='ocrx_word' id='word_1_318' title='bbox 406 3729 411 3733; x_wconf 84' lang='lat'><em>&#39;</em></span> <span class='ocrx_word' id='word_1_319' title='bbox 426 3726 894 3790; x_wconf 72' lang='lat' dir='ltr'><strong>Corinthiorumque]</strong></span> <span class='ocrx_word' id='word_1_320' title='bbox 918 3727 1187 3778; x_wconf 88' lang='lat' dir='ltr'><strong>Corinthia</strong></span> <span class='ocrx_word' id='word_1_321' title='bbox 1212 3727 1350 3777; x_wconf 89' lang='lat' dir='ltr'><strong>dice-</strong></span> 
     </span>
     <span class='ocr_line' id='line_1_39' title="bbox 292 3801 1350 3868; baseline 0.003 -17"><span class='ocrx_word' id='word_1_322' title='bbox 292 3801 480 3852; x_wconf 83' lang='lat' dir='ltr'><strong>bantur</strong></span> <span class='ocrx_word' id='word_1_323' title='bbox 534 3803 840 3866; x_wconf 86' lang='lat' dir='ltr'><strong>simpliciter</strong></span> <span class='ocrx_word' id='word_1_324' title='bbox 876 3804 1122 3868; x_wconf 86' lang='lat' dir='ltr'><strong>ejusmodi</strong></span> <span class='ocrx_word' id='word_1_325' title='bbox 1171 3820 1350 3867; x_wconf 85' lang='lat' dir='ltr'><strong>opera,</strong></span> 
     </span>
     <span class='ocr_line' id='line_1_40' title="bbox 291 3879 1351 3944; baseline 0 -16"><span class='ocrx_word' id='word_1_326' title='bbox 291 3895 405 3944; x_wconf 84' lang='lat' dir='ltr'><strong>quae</strong></span> <span class='ocrx_word' id='word_1_327' title='bbox 442 3895 510 3928; x_wconf 89' lang='lat' dir='ltr'><strong>ex</strong></span> <span class='ocrx_word' id='word_1_328' title='bbox 555 3879 786 3943; x_wconf 89' lang='lat' dir='ltr'><strong>pretioso</strong></span> <span class='ocrx_word' id='word_1_329' title='bbox 817 3881 906 3929; x_wconf 88' lang='lat' dir='ltr'><strong>illo</strong></span> <span class='ocrx_word' id='word_1_330' title='bbox 941 3895 1046 3931; x_wconf 78' lang='lat' dir='ltr'><strong>aere</strong></span> <span class='ocrx_word' id='word_1_331' title='bbox 1081 3880 1351 3930; x_wconf 87' lang='lat' dir='ltr'><strong>Corinthio</strong></span> 
     </span>
     <span class='ocr_line' id='line_1_41' title="bbox 293 3953 1350 4020; baseline -0.002 -14"><span class='ocrx_word' id='word_1_332' title='bbox 293 3953 513 4006; x_wconf 83' lang='lat' dir='ltr'><strong>conflata</strong></span> <span class='ocrx_word' id='word_1_333' title='bbox 538 3964 707 4017; x_wconf 83' lang='lat' dir='ltr'><strong>erant,</strong></span> <span class='ocrx_word' id='word_1_334' title='bbox 730 3956 867 4020; x_wconf 89' lang='lat' dir='ltr'><strong>qnod</strong></span> <span class='ocrx_word' id='word_1_335' title='bbox 903 3957 919 3983; x_wconf 88' lang='lat'>‘</span> <span class='ocrx_word' id='word_1_336' title='bbox 938 3971 1085 4005; x_wconf 86' lang='lat' dir='ltr'><strong>casus</strong></span> <span class='ocrx_word' id='word_1_337' title='bbox 1109 3954 1350 4014; x_wconf 87' lang='lat' dir='ltr'><strong>miscuit,’</strong></span> 
     </span>
     <span class='ocr_line' id='line_1_42' title="bbox 294 4032 1348 4096; baseline 0.005 -18"><span class='ocrx_word' id='word_1_338' title='bbox 294 4040 351 4080; x_wconf 91' lang='lat' dir='ltr'><strong>nt</strong></span> <span class='ocrx_word' id='word_1_339' title='bbox 391 4034 466 4081; x_wconf 88' lang='lat' dir='ltr'><strong>ait</strong></span> <span class='ocrx_word' id='word_1_340' title='bbox 513 4033 714 4081; x_wconf 79' lang='lat' dir='ltr'><strong>Plinius</strong></span> <span class='ocrx_word' id='word_1_341' title='bbox 761 4032 849 4084; x_wconf 88' lang='lat' dir='ltr'><strong>lib.</strong></span> <span class='ocrx_word' id='word_1_342' title='bbox 889 4046 1102 4082; x_wconf 77' lang='lat' dir='ltr'><strong>xxxiv.</strong></span> <span class='ocrx_word' id='word_1_343' title='bbox 1143 4048 1257 4096; x_wconf 89' lang='lat' dir='ltr'><strong>cap.</strong></span> <span class='ocrx_word' id='word_1_344' title='bbox 1298 4037 1348 4083; x_wconf 89' lang='grc'><strong>2.</strong></span> 
     </span>
     <span class='ocr_line' id='line_1_43' title="bbox 296 4109 1350 4173; baseline 0.001 -15"><span class='ocrx_word' id='word_1_345' title='bbox 296 4109 459 4173; x_wconf 88' lang='lat' dir='ltr'><strong>Capta</strong></span> <span class='ocrx_word' id='word_1_346' title='bbox 499 4110 705 4159; x_wconf 87' lang='lat' dir='ltr'><strong>scilicet</strong></span> <span class='ocrx_word' id='word_1_347' title='bbox 747 4117 802 4159; x_wconf 90' lang='lat' dir='ltr'><strong>et</strong></span> <span class='ocrx_word' id='word_1_348' title='bbox 847 4111 1057 4160; x_wconf 88' lang='lat' dir='ltr'><strong>inventa</strong></span> <span class='ocrx_word' id='word_1_349' title='bbox 1104 4110 1350 4160; x_wconf 87' lang='lat' dir='ltr'><strong>Corintho</strong></span> 
     </span>
     <span class='ocr_line' id='line_1_44' title="bbox 296 4186 1347 4255; baseline 0.002 -21"><span class='ocrx_word' id='word_1_350' title='bbox 296 4186 427 4235; x_wconf 86' lang='lat' dir='ltr'><strong>circa</strong></span> <span class='ocrx_word' id='word_1_351' title='bbox 449 4201 637 4255; x_wconf 86' lang='lat' dir='ltr'><strong>annum</strong></span> <span class='ocrx_word' id='word_1_352' title='bbox 659 4187 723 4234; x_wconf 93' lang='lat' dir='ltr'><strong>U.</strong></span> <span class='ocrx_word' id='word_1_353' title='bbox 749 4187 808 4235; x_wconf 91' lang='lat' dir='ltr'><strong>C.</strong></span> <span class='ocrx_word' id='word_1_354' title='bbox 831 4190 945 4237; x_wconf 88' lang='grc'><strong>608.</strong></span> <span class='ocrx_word' id='word_1_355' title='bbox 982 4195 1040 4236; x_wconf 88' lang='lat' dir='ltr'><strong>ut</strong></span> <span class='ocrx_word' id='word_1_356' title='bbox 1065 4186 1139 4238; x_wconf 86' lang='lat' dir='ltr'><strong>ait</strong></span> <span class='ocrx_word' id='word_1_357' title='bbox 1161 4188 1347 4236; x_wconf 86' lang='lat' dir='ltr'><strong>ibidem</strong></span> 
     </span>
     <span class='ocr_line' id='line_1_45' title="bbox 295 4262 1348 4324; baseline 0.003 -14"><span class='ocrx_word' id='word_1_358' title='bbox 295 4262 512 4312; x_wconf 84' lang='lat' dir='ltr'><strong>Plinius.</strong></span> <span class='ocrx_word' id='word_1_359' title='bbox 582 4264 664 4311; x_wconf 88' lang='lat' dir='ltr'><strong>De</strong></span> <span class='ocrx_word' id='word_1_360' title='bbox 702 4277 804 4324; x_wconf 80' lang='lat' dir='ltr'><strong>quo</strong></span> <span class='ocrx_word' id='word_1_361' title='bbox 837 4270 894 4312; x_wconf 88' lang='lat' dir='ltr'><strong>et</strong></span> <span class='ocrx_word' id='word_1_362' title='bbox 935 4264 1117 4313; x_wconf 87' lang='lat' dir='ltr'><strong>Florus</strong></span> <span class='ocrx_word' id='word_1_363' title='bbox 1157 4264 1248 4312; x_wconf 85' lang='lat' dir='ltr'><strong>lib.</strong></span> <span class='ocrx_word' id='word_1_364' title='bbox 1285 4278 1348 4314; x_wconf 82' lang='grc' dir='ltr'><strong>ιι.</strong></span> 
     </span>
     <span class='ocr_line' id='line_1_46' title="bbox 296 4338 1348 4406; baseline 0.006 -20"><span class='ocrx_word' id='word_1_365' title='bbox 296 4352 341 4386; x_wconf 84' lang='lat' dir='ltr'><strong>c.</strong></span> <span class='ocrx_word' id='word_1_366' title='bbox 366 4343 443 4389; x_wconf 88' lang='grc'><strong>16.</strong></span> <span class='ocrx_word' id='word_1_367' title='bbox 465 4338 531 4389; x_wconf 88' lang='lat' dir='ltr'><strong>de</strong></span> <span class='ocrx_word' id='word_1_368' title='bbox 557 4338 810 4390; x_wconf 88' lang='lat' dir='ltr'><strong>Mummio</strong></span> <span class='ocrx_word' id='word_1_369' title='bbox 831 4340 965 4390; x_wconf 83' lang='lat' dir='ltr'><strong>illius</strong></span> <span class='ocrx_word' id='word_1_370' title='bbox 986 4348 1348 4406; x_wconf 75' lang='lat' dir='ltr'><strong>expugnatore</strong></span> 
     </span>
    </p>
   </div>
   <div class='ocr_carea' id='block_1_8' title="bbox 1425 2801 2492 4405">
    <p class='ocr_par' dir='ltr' id='par_1_9' title="bbox 1428 2801 2492 3772">
     <span class='ocr_line' id='line_1_47' title="bbox 1433 2801 2489 2861; baseline -0.005 -7"><span class='ocrx_word' id='word_1_371' title='bbox 1433 2803 1692 2854; x_wconf 82' lang='lat' dir='ltr'><strong>Corinthii</strong></span> <span class='ocrx_word' id='word_1_372' title='bbox 1718 2803 1835 2853; x_wconf 76' lang='lat' dir='ltr'><strong>aeris</strong></span> <span class='ocrx_word' id='word_1_373' title='bbox 1858 2809 1969 2851; x_wconf 84' lang='lat' dir='ltr'><strong>toto</strong></span> <span class='ocrx_word' id='word_1_374' title='bbox 1990 2801 2115 2850; x_wconf 89' lang='lat' dir='ltr'><strong>orbe</strong></span> <span class='ocrx_word' id='word_1_375' title='bbox 2131 2801 2393 2861; x_wconf 85' lang='lat' dir='ltr'><strong>landatur,</strong></span> <span class='ocrx_word' id='word_1_376' title='bbox 2413 2802 2489 2849; x_wconf 88' lang='lat' dir='ltr'><strong>in·</strong></span> 
     </span>
     <span class='ocr_line' id='line_1_48' title="bbox 1432 2878 2489 2944; baseline -0.002 -14"><span class='ocrx_word' id='word_1_377' title='bbox 1432 2881 1621 2930; x_wconf 86' lang='lat' dir='ltr'><strong>cendio</strong></span> <span class='ocrx_word' id='word_1_378' title='bbox 1643 2878 1963 2944; x_wconf 73' lang='lat' dir='ltr'><strong>superfuisse</strong></span> <span class='ocrx_word' id='word_1_379' title='bbox 1980 2879 2323 2942; x_wconf 88' lang='lat' dir='ltr'><strong>comperimus</strong></span> <span class='ocrx_word' id='word_1_380' title='bbox 2338 2895 2352 2940; x_wconf 80' lang='lat'>3</span> <span class='ocrx_word' id='word_1_381' title='bbox 2371 2893 2489 2928; x_wconf 86' lang='lat' dir='ltr'><strong>nam</strong></span> 
     </span>
     <span class='ocr_line' id='line_1_49' title="bbox 1431 2955 2490 3020; baseline -0.002 -15"><span class='ocrx_word' id='word_1_382' title='bbox 1431 2966 1487 3007; x_wconf 88' lang='lat' dir='ltr'><strong>et</strong></span> <span class='ocrx_word' id='word_1_383' title='bbox 1506 2958 1624 3006; x_wconf 79' lang='lat' dir='ltr'><strong>aeris</strong></span> <span class='ocrx_word' id='word_1_384' title='bbox 1650 2956 2006 3020; x_wconf 84' lang='lat' dir='ltr'><strong>pretiosiorem</strong></span> <span class='ocrx_word' id='word_1_385' title='bbox 2031 2963 2206 3004; x_wconf 89' lang='lat' dir='ltr'><strong>notam</strong></span> <span class='ocrx_word' id='word_1_386' title='bbox 2230 2955 2340 3018; x_wconf 89' lang='lat' dir='ltr'><strong>ipsa</strong></span> <span class='ocrx_word' id='word_1_387' title='bbox 2362 2970 2490 3018; x_wconf 84' lang='lat' dir='ltr'><strong>opn-</strong></span> 
     </span>
     <span class='ocr_line' id='line_1_50' title="bbox 1430 3031 2492 3096; baseline -0.006 -9"><span class='ocrx_word' id='word_1_388' title='bbox 1430 3035 1730 3087; x_wconf 76' lang='lat' dir='ltr'><strong>lentissimoe</strong></span> <span class='ocrx_word' id='word_1_389' title='bbox 1777 3033 1917 3082; x_wconf 90' lang='lat' dir='ltr'><strong>urbis</strong></span> <span class='ocrx_word' id='word_1_390' title='bbox 1956 3031 2085 3083; x_wconf 81' lang='lat' dir='ltr'><strong>fecit</strong></span> <span class='ocrx_word' id='word_1_391' title='bbox 2122 3033 2330 3096; x_wconf 84' lang='lat' dir='ltr'><strong>injuria,</strong></span> <span class='ocrx_word' id='word_1_392' title='bbox 2368 3034 2492 3095; x_wconf 87' lang='lat' dir='ltr'><strong>quia</strong></span> 
     </span>
     <span class='ocr_line' id='line_1_51' title="bbox 1432 3109 2491 3175; baseline -0.003 -14"><span class='ocrx_word' id='word_1_393' title='bbox 1432 3110 1675 3161; x_wconf 88' lang='lat' dir='ltr'><strong>incendio</strong></span> <span class='ocrx_word' id='word_1_394' title='bbox 1720 3110 1977 3175; x_wconf 76' lang='lat' dir='ltr'><strong>permistis</strong></span> <span class='ocrx_word' id='word_1_395' title='bbox 2024 3109 2254 3173; x_wconf 84' lang='lat' dir='ltr'><strong>plurimis</strong></span> <span class='ocrx_word' id='word_1_396' title='bbox 2302 3110 2491 3158; x_wconf 78' lang='lat' dir='ltr'><strong>statuis</strong></span> 
     </span>
     <span class='ocr_line' id='line_1_52' title="bbox 1431 3186 2491 3255; baseline -0.005 -16"><span class='ocrx_word' id='word_1_397' title='bbox 1431 3197 1590 3255; x_wconf 87' lang='lat' dir='ltr'><strong>atque</strong></span> <span class='ocrx_word' id='word_1_398' title='bbox 1609 3189 1914 3246; x_wconf 84' lang='lat' dir='ltr'><strong>simulacris,</strong></span> <span class='ocrx_word' id='word_1_399' title='bbox 1952 3188 2088 3250; x_wconf 79' lang='lat' dir='ltr'><strong>aeris,</strong></span> <span class='ocrx_word' id='word_1_400' title='bbox 2115 3186 2243 3249; x_wconf 86' lang='lat' dir='ltr'><strong>auri,</strong></span> <span class='ocrx_word' id='word_1_401' title='bbox 2265 3186 2491 3249; x_wconf 79' lang='lat' dir='ltr'><strong>argenti·</strong></span> 
     </span>
     <span class='ocr_line' id='line_1_53' title="bbox 1429 3262 2492 3331; baseline -0.003 -16"><span class='ocrx_word' id='word_1_402' title='bbox 1429 3282 1531 3331; x_wconf 87' lang='lat' dir='ltr'><strong>que</strong></span> <span class='ocrx_word' id='word_1_403' title='bbox 1556 3282 1700 3316; x_wconf 72' lang='lat' dir='ltr'><strong>venae</strong></span> <span class='ocrx_word' id='word_1_404' title='bbox 1725 3267 1775 3316; x_wconf 90' lang='lat' dir='ltr'><strong>in</strong></span> <span class='ocrx_word' id='word_1_405' title='bbox 1800 3280 2068 3315; x_wconf 85' lang='lat' dir='ltr'><strong>commune</strong></span> <span class='ocrx_word' id='word_1_406' title='bbox 2090 3263 2323 3314; x_wconf 59' lang='lat' dir='ltr'><strong>fluxere?</strong></span> <span class='ocrx_word' id='word_1_407' title='bbox 2385 3262 2492 3313; x_wconf 89' lang='lat' dir='ltr'><strong>Alii</strong></span> 
     </span>
     <span class='ocr_line' id='line_1_54' title="bbox 1429 3339 2488 3402; baseline -0.002 -12"><span class='ocrx_word' id='word_1_408' title='bbox 1429 3358 1533 3392; x_wconf 91' lang='lat' dir='ltr'><strong>non</strong></span> <span class='ocrx_word' id='word_1_409' title='bbox 1575 3358 1716 3402; x_wconf 87' lang='lat' dir='ltr'><strong>casu,</strong></span> <span class='ocrx_word' id='word_1_410' title='bbox 1761 3342 1854 3390; x_wconf 89' lang='lat' dir='ltr'><strong>sed</strong></span> <span class='ocrx_word' id='word_1_411' title='bbox 1912 3342 2166 3390; x_wconf 85' lang='lat' dir='ltr'><strong>industria</strong></span> <span class='ocrx_word' id='word_1_412' title='bbox 2216 3339 2488 3402; x_wconf 88' lang='lat' dir='ltr'><strong>cujusdam</strong></span> 
     </span>
     <span class='ocr_line' id='line_1_55' title="bbox 1429 3416 2488 3479; baseline -0.005 -11"><span class='ocrx_word' id='word_1_413' title='bbox 1429 3419 1598 3468; x_wconf 83' lang='lat' dir='ltr'><strong>aerarii</strong></span> <span class='ocrx_word' id='word_1_414' title='bbox 1624 3416 1840 3467; x_wconf 86' lang='lat' dir='ltr'><strong>artificis</strong></span> <span class='ocrx_word' id='word_1_415' title='bbox 1863 3418 2087 3479; x_wconf 86' lang='lat' dir='ltr'><strong>mistum,</strong></span> <span class='ocrx_word' id='word_1_416' title='bbox 2101 3417 2185 3464; x_wconf 89' lang='lat' dir='ltr'><strong>alii</strong></span> <span class='ocrx_word' id='word_1_417' title='bbox 2210 3431 2309 3465; x_wconf 89' lang='lat' dir='ltr'><strong>non</strong></span> <span class='ocrx_word' id='word_1_418' title='bbox 2330 3416 2488 3478; x_wconf 87' lang='lat' dir='ltr'><strong>urbis,</strong></span> 
     </span>
     <span class='ocr_line' id='line_1_56' title="bbox 1429 3491 2488 3556; baseline -0.001 -14"><span class='ocrx_word' id='word_1_419' title='bbox 1429 3494 1520 3542; x_wconf 88' lang='lat' dir='ltr'><strong>sed</strong></span> <span class='ocrx_word' id='word_1_420' title='bbox 1563 3493 1711 3542; x_wconf 87' lang='lat' dir='ltr'><strong>unius</strong></span> <span class='ocrx_word' id='word_1_421' title='bbox 1756 3491 1983 3553; x_wconf 85' lang='lat' dir='ltr'><strong>aedificii,</strong></span> <span class='ocrx_word' id='word_1_422' title='bbox 2031 3493 2081 3541; x_wconf 88' lang='lat' dir='ltr'><strong>in</strong></span> <span class='ocrx_word' id='word_1_423' title='bbox 2122 3507 2223 3556; x_wconf 91' lang='lat' dir='ltr'><strong>quo</strong></span> <span class='ocrx_word' id='word_1_424' title='bbox 2267 3491 2488 3554; x_wconf 87' lang='lat' dir='ltr'><strong>plurima</strong></span> 
     </span>
     <span class='ocr_line' id='line_1_57' title="bbox 1429 3565 2490 3632; baseline -0.002 -15"><span class='ocrx_word' id='word_1_425' title='bbox 1429 3575 1581 3619; x_wconf 85' lang='lat' dir='ltr'><strong>erant</strong></span> <span class='ocrx_word' id='word_1_426' title='bbox 1600 3571 1762 3632; x_wconf 81' lang='lat' dir='ltr'><strong>signa,</strong></span> <span class='ocrx_word' id='word_1_427' title='bbox 1798 3568 2042 3618; x_wconf 86' lang='lat' dir='ltr'><strong>incendio</strong></span> <span class='ocrx_word' id='word_1_428' title='bbox 2062 3565 2252 3616; x_wconf 81' lang='lat' dir='ltr'><strong>factam</strong></span> <span class='ocrx_word' id='word_1_429' title='bbox 2276 3575 2490 3616; x_wconf 86' lang='lat' dir='ltr'><strong>narrant</strong></span> 
     </span>
     <span class='ocr_line' id='line_1_58' title="bbox 1432 3643 2489 3709; baseline -0.004 -14"><span class='ocrx_word' id='word_1_430' title='bbox 1432 3646 1743 3706; x_wconf 84' lang='lat' dir='ltr'><strong>mistionem,</strong></span> <span class='ocrx_word' id='word_1_431' title='bbox 1778 3645 1845 3695; x_wconf 90' lang='lat' dir='ltr'><strong>de</strong></span> <span class='ocrx_word' id='word_1_432' title='bbox 1884 3660 1987 3709; x_wconf 88' lang='lat' dir='ltr'><strong>qua</strong></span> <span class='ocrx_word' id='word_1_433' title='bbox 2010 3643 2325 3693; x_wconf 81' lang='lat' dir='ltr'><strong>dissensione</strong></span> <span class='ocrx_word' id='word_1_434' title='bbox 2347 3643 2489 3692; x_wconf 83' lang='lat' dir='ltr'><strong>vide-</strong></span> 
     </span>
     <span class='ocr_line' id='line_1_59' title="bbox 1428 3720 2456 3772; baseline -0.002 -1"><span class='ocrx_word' id='word_1_435' title='bbox 1428 3722 1498 3771; x_wconf 85' lang='lat' dir='ltr'><strong>sis</strong></span> <span class='ocrx_word' id='word_1_436' title='bbox 1523 3723 1789 3772; x_wconf 88' lang='lat' dir='ltr'><strong>Muretum</strong></span> <span class='ocrx_word' id='word_1_437' title='bbox 1817 3721 1907 3769; x_wconf 89' lang='lat' dir='ltr'><strong>lib.</strong></span> <span class='ocrx_word' id='word_1_438' title='bbox 1928 3735 2018 3770; x_wconf 85' lang='lat'><strong>111.</strong></span> <span class='ocrx_word' id='word_1_439' title='bbox 2056 3721 2178 3770; x_wconf 88' lang='lat' dir='ltr'><strong>Var.</strong></span> <span class='ocrx_word' id='word_1_440' title='bbox 2194 3720 2319 3769; x_wconf 85' lang='lat' dir='ltr'><strong>lect.</strong></span> <span class='ocrx_word' id='word_1_441' title='bbox 2343 3735 2388 3769; x_wconf 86' lang='lat' dir='ltr'><strong>c.</strong></span> <span class='ocrx_word' id='word_1_442' title='bbox 2408 3726 2456 3769; x_wconf 81' lang='grc'><strong>5.</strong></span> 
     </span>
    </p>

    <p class='ocr_par' dir='ltr' id='par_1_10' title="bbox 1491 3795 2246 3860">
     <span class='ocr_line' id='line_1_60' title="bbox 1491 3795 2246 3860; baseline -0.008 -11"><span class='ocrx_word' id='word_1_443' title='bbox 1491 3806 1519 3832; x_wconf 75' lang='lat'>¹</span> <span class='ocrx_word' id='word_1_444' title='bbox 1552 3795 1899 3860; x_wconf 72' lang='lat' dir='ltr'><strong>Argentarius]</strong></span> <span class='ocrx_word' id='word_1_445' title='bbox 1935 3797 2104 3859; x_wconf 85' lang='lat' dir='ltr'><strong>Supra</strong></span> <span class='ocrx_word' id='word_1_446' title='bbox 2125 3809 2173 3845; x_wconf 87' lang='lat' dir='ltr'><strong>c.</strong></span> <span class='ocrx_word' id='word_1_447' title='bbox 2196 3799 2246 3844; x_wconf 74' lang='grc'><strong>3.</strong></span> 
     </span>
    </p>

    <p class='ocr_par' dir='ltr' id='par_1_11' title="bbox 1425 3873 2488 4317">
     <span class='ocr_line' id='line_1_61' title="bbox 1490 3873 2486 3938; baseline -0.004 -10"><span class='ocrx_word' id='word_1_448' title='bbox 1490 3888 1515 3924; x_wconf 73' lang='lat'>5</span> <span class='ocrx_word' id='word_1_449' title='bbox 1553 3876 1929 3938; x_wconf 77' lang='lat' dir='ltr'><strong>Corinthiarius]</strong></span> <span class='ocrx_word' id='word_1_450' title='bbox 1964 3873 2344 3924; x_wconf 85' lang='lat' dir='ltr'><strong>Corinthiorum</strong></span> <span class='ocrx_word' id='word_1_451' title='bbox 2364 3876 2486 3925; x_wconf 85' lang='lat' dir='ltr'><strong>arti-</strong></span> 
     </span>
     <span class='ocr_line' id='line_1_62' title="bbox 1428 3952 2488 4016; baseline -0.004 -9"><span class='ocrx_word' id='word_1_452' title='bbox 1428 3956 1556 4007; x_wconf 81' lang='lat' dir='ltr'><strong>fex:</strong></span> <span class='ocrx_word' id='word_1_453' title='bbox 1604 3955 1695 4005; x_wconf 90' lang='lat' dir='ltr'><strong>sed</strong></span> <span class='ocrx_word' id='word_1_454' title='bbox 1719 3965 1775 4004; x_wconf 87' lang='lat' dir='ltr'><strong>et</strong></span> <span class='ocrx_word' id='word_1_455' title='bbox 1809 3954 2045 4003; x_wconf 88' lang='lat' dir='ltr'><strong>minister</strong></span> <span class='ocrx_word' id='word_1_456' title='bbox 2077 3952 2162 4001; x_wconf 89' lang='lat' dir='ltr'><strong>ille</strong></span> <span class='ocrx_word' id='word_1_457' title='bbox 2195 3962 2377 4016; x_wconf 85' lang='lat' dir='ltr'><strong>postea</strong></span> <span class='ocrx_word' id='word_1_458' title='bbox 2410 3955 2488 4003; x_wconf 86' lang='lat' dir='ltr'><strong>sic</strong></span> 
     </span>
     <span class='ocr_line' id='line_1_63' title="bbox 1428 4030 2487 4097; baseline -0.007 -12"><span class='ocrx_word' id='word_1_459' title='bbox 1428 4035 1603 4085; x_wconf 88' lang='lat' dir='ltr'><strong>dictus</strong></span> <span class='ocrx_word' id='word_1_460' title='bbox 1630 4041 1733 4093; x_wconf 89' lang='lat' dir='ltr'><strong>est,</strong></span> <span class='ocrx_word' id='word_1_461' title='bbox 1760 4031 1849 4097; x_wconf 88' lang='lat' dir='ltr'><strong>qui</strong></span> <span class='ocrx_word' id='word_1_462' title='bbox 1872 4032 1926 4080; x_wconf 88' lang='lat' dir='ltr'><strong>in</strong></span> <span class='ocrx_word' id='word_1_463' title='bbox 1947 4031 2065 4080; x_wconf 88' lang='lat' dir='ltr'><strong>aula</strong></span> <span class='ocrx_word' id='word_1_464' title='bbox 2086 4030 2376 4093; x_wconf 85' lang='lat' dir='ltr'><strong>principum</strong></span> <span class='ocrx_word' id='word_1_465' title='bbox 2400 4045 2487 4080; x_wconf 85' lang='lat' dir='ltr'><strong>cu·</strong></span> 
     </span>
     <span class='ocr_line' id='line_1_64' title="bbox 1429 4108 2486 4173; baseline -0.006 -11"><span class='ocrx_word' id='word_1_466' title='bbox 1429 4128 1538 4162; x_wconf 83' lang='lat' dir='ltr'><strong>ram</strong></span> <span class='ocrx_word' id='word_1_467' title='bbox 1578 4114 1758 4162; x_wconf 82' lang='lat' dir='ltr'><strong>borum</strong></span> <span class='ocrx_word' id='word_1_468' title='bbox 1799 4123 2012 4173; x_wconf 89' lang='lat' dir='ltr'><strong>operum</strong></span> <span class='ocrx_word' id='word_1_469' title='bbox 2054 4108 2294 4169; x_wconf 78' lang='lat' dir='ltr'><strong>gerebat:</strong></span> <span class='ocrx_word' id='word_1_470' title='bbox 2342 4116 2486 4158; x_wconf 84' lang='lat' dir='ltr'><strong>vete-</strong></span> 
     </span>
     <span class='ocr_line' id='line_1_65' title="bbox 1427 4185 2486 4252; baseline -0.004 -13"><span class='ocrx_word' id='word_1_471' title='bbox 1427 4204 1538 4239; x_wconf 89' lang='lat' dir='ltr'><strong>rem</strong></span> <span class='ocrx_word' id='word_1_472' title='bbox 1553 4187 1773 4252; x_wconf 85' lang='lat' dir='ltr'><strong>lapidem</strong></span> <span class='ocrx_word' id='word_1_473' title='bbox 1798 4186 1973 4235; x_wconf 84' lang='lat' dir='ltr'><strong>laudat</strong></span> <span class='ocrx_word' id='word_1_474' title='bbox 1998 4185 2346 4247; x_wconf 81' lang='lat' dir='ltr'><strong>casaubonus,</strong></span> <span class='ocrx_word' id='word_1_475' title='bbox 2362 4198 2486 4235; x_wconf 70' lang='lat' dir='ltr'><strong>cu.-</strong></span> 
     </span>
     <span class='ocr_line' id='line_1_66' title="bbox 1425 4274 2363 4317; baseline -0.007 0"><span class='ocrx_word' id='word_1_476' title='bbox 1425 4278 1667 4317; x_wconf 70' lang='lat' dir='ltr'><strong>LtTcht</strong></span> <span class='ocrx_word' id='word_1_477' title='bbox 1693 4276 1854 4313; x_wconf 80' lang='lat' dir='ltr'><strong>zorm.</strong></span> <span class='ocrx_word' id='word_1_478' title='bbox 1881 4274 2105 4312; x_wconf 62' lang='lat' dir='ltr'><strong>commu</strong></span> <span class='ocrx_word' id='word_1_479' title='bbox 2131 4275 2363 4311; x_wconf 66' lang='lat' dir='ltr'><strong>Acmen.</strong></span> 
     </span>
    </p>

    <p class='ocr_par' dir='ltr' id='par_1_12' title="bbox 1489 4337 2484 4405">
     <span class='ocr_line' id='line_1_67' title="bbox 1489 4337 2484 4405; baseline -0.008 -10"><span class='ocrx_word' id='word_1_480' title='bbox 1489 4351 1511 4377; x_wconf 81' lang='lat'><em>²</em></span> <span class='ocrx_word' id='word_1_481' title='bbox 1550 4341 1675 4394; x_wconf 78' lang='lat' dir='ltr'><strong>Vasa</strong></span> <span class='ocrx_word' id='word_1_482' title='bbox 1717 4339 1993 4405; x_wconf 70' lang='lat' dir='ltr'><strong>Corinthia]</strong></span> <span class='ocrx_word' id='word_1_483' title='bbox 2037 4340 2258 4391; x_wconf 85' lang='lat' dir='ltr'><strong>Veteres</strong></span> <span class='ocrx_word' id='word_1_484' title='bbox 2300 4337 2484 4391; x_wconf 86' lang='lat' dir='ltr'><strong>Critici</strong></span> 
     </span>
    </p>
   </div>
  </div>
 </body>
</html>
