3019 4922
1187 406 1583 459 oc'rAvms.
2351 407 2483 474 275

281 558 351 603 ra
382 559 694 622 agrorum
739 555 1149 614 cessaretzw
1171 559 1197 586 ¹²
1245 571 1458 637 neque
1496 563 1717 622 tamen
1751 577 2269 645 perseverasse‚.¹
2317 573 2477 653 quia

280 651 532 706 certum
558 644 848 727 haberet,
879 659 1118 733 posse²
1147 675 1277 738 per*
1292 659 1719 725 ambitionem
1748 667 2154 751 quandoque
2174 673 2478 738 restitui.’‹

276 740 497 828 Atque
525 748 627 811 ita
655 749 984 831 posthac³
1033 774 1169 845 rem
1223 762 1645 841 temperavit,
1693 771 1771 828 ut
1818 785 1950 831 non
1980 772 2293 838 minorem
2328 794 2473 839 ara-

275 850 584 912 torum4⁰
627 870 707 914 ac
759 857 1256 936 negotiantium,
1304 882 1503 944 quam
1556 868 1849 949 popum
1891 872 2205 937 rationem
2263 876 2465 941 duce-

271 958 419 1013 ret.⁵
439 958 466 996 ‘1
553 951 724 1034 [43.]
770 956 1328 1039 Spectaculorum
1358 970 1425 1029 et
1455 965 1878 1047 assiduitate,
1915 976 1981 1035 et
2011 975 2336 1041 varietate
2370 986 2471 1056 ate

1184 1142 1560 1167 cotetae-eme

269 1251 396 1297 -10
432 1249 652 1301 Cesserat
675 1252 870 1308 Medic.
903 1263 1009 1308 tres
1041 1259 1160 1311 Pin.
1198 1262 1341 1311 Cort.
1376 1263 1514 1312 Dnn.
1553 1265 1708 1316 Hnls.
1743 1266 1909 1317 Periz.
1931 1270 2062 1333 Cop.
2088 1278 2141 1320 et
2169 1271 2301 1321 Edd.
2324 1275 2469 1326 Vett.

269 1326 363 1361 nec
386 1312 635 1377 displicet
658 1318 801 1369 Torr.
823 1324 1020 1384 cessauit
1044 1326 1201 1375 Fonc.
1233 1329 1430 1376 cessarit
1455 1330 1688 1379 Harlem.
1712 1340 1975 1383 cessaverat
1993 1335 2125 1384 Bon.
2149 1336 2313 1388 Paria.
2360 1341 2468 1389 Sed

266 1385 467 1426 cessarat
493 1381 618 1429 Bas.
644 1391 697 1432 et
723 1391 963 1450 seqq.-l
1004 1390 1349 1441 Perseceraaset
1384 1395 1579 1444 Medic.
1607 1400 1654 1444 l.
1677 1400 1725 1444 3.
1749 1398 1904 1446 vind.
1928 1404 1978 1447 2.
2002 1400 2131 1463 Cop.
2152 1416 2468 1463 perseverasse

266 1442 447 1507 scribit,
471 1450 518 1492 et
556 1446 666 1507 quia
702 1449 826 1498 Exc.
862 1451 1080 1515 cnj.—-2
1121 1456 1272 1505 Posse
1305 1458 1585 1508 omiserunt
1619 1460 1768 1511 Junt.
1802 1461 1923 1511 Ald.
1961 1464 2213 1526 probante
2247 1468 2466 1535 Baumg.

268 1506 420 1555 Vind.
447 1512 494 1555 1.
526 1510 681 1559 habet
710 1520 817 1575 post
833 1530 882 1564 se
905 1516 1040 1578 quod
1061 1519 1116 1566 in
1142 1525 1338 1570 textum
1365 1524 1555 1586 recipit
1579 1524 1727 1575 Wolf.
1748 1541 1922 1589 quoque
1939 1534 2052 1577 rest.
2073 1529 2171 1580 Ed.
2196 1532 2326 1581 Ven.
2350 1538 2466 1583 l.—

267 1573 295 1616 3
331 1570 413 1619 lta
438 1574 544 1623 Ms.
568 1576 742 1626 Ursin.
767 1579 960 1630 Medic.
989 1586 1035 1630 2.
1072 1584 1229 1635 Fouc.
1263 1586 1362 1636 Ed.
1395 1588 1578 1652 Stepb.
1613 1597 1668 1640 et
1704 1591 1929 1641 reddidit
1951 1593 2103 1643 Wolf.
2128 1609 2157 1644 e
2182 1598 2285 1644 suis
2310 1598 2464 1650 codd.

267 1632 668 1699 suffragantibus
701 1642 866 1693 Scriv.
902 1652 957 1694 et
982 1648 1203 1699 Casanb.
1243 1651 1417 1701 Burm.
1451 1654 1585 1718 conj.
1616 1656 1774 1716 potins
1816 1671 1931 1706 rem.
2000 1658 2101 1707 Alii
2125 1658 2319 1709 habent
2356 1671 2462 1723 post

263 1699 379 1747 hanc
396 1714 516 1751 rem.
560 1705 730 1754 Deest
753 1722 850 1757 rem
877 1709 995 1760 Ald.
1018 1722 1071 1762 et
1098 1715 1346 1777 temptavit
1372 1717 1421 1764 in
1451 1718 1679 1769 Harlem.
1706 1720 1838 1768 Edd.
1859 1721 1990 1771 Ven.
2008 1726 2120 1771 2-3.
2147 1725 2291 1775 Med.
2312 1726 2460 1779 Cald.

267 1764 494 1815 Bone—4
528 1770 814 1821 Aratrorum
849 1774 1020 1824 Periz.
1054 1778 1289 1828 Harlem.
1314 1780 1408 1830 Ed.
1433 1782 1566 1832 Veu.
1590 1787 1636 1831 1.
1662 1785 1899 1833 arantium
1922 1800 2081 1849 marg.
2106 1788 2228 1837 Bas.
2254 1800 2307 1838 et
2332 1790 2460 1842 Ant.

269 1827 563 1892 Gryph.—5
603 1835 755 1886 Hanc
792 1838 1067 1891 lectionem
1103 1843 1266 1894 edidit
1306 1847 1496 1907 primus
1532 1845 1686 1897 Wolf.
1721 1858 1774 1897 et
1808 1849 2016 1899 tii-mant
2050 1851 2201 1901 codd.
2235 1855 2384 1903 Torr.
2405 1866 2460 1905 et

263 1893 434 1943 Ursin.
454 1897 555 1947 Ed.
571 1898 753 1963 Stepli.
763 1910 818 1951 et
835 1919 999 1968 marg.
1020 1905 1145 1958 Ant.
1167 1908 1368 1972 Grypb.
1387 1909 1782 1975 suffragantibus
1796 1912 1932 1963 Oud.
1951 1916 2155 1968 Rulink.
2172 1924 2225 1965 et
2242 1919 2459 1983 Baumg.

263 1957 413 2023 vulg.
448 1963 716 2030 deduceret,
751 1969 886 2031 quod
921 1968 1157 2022 defendit
1191 1974 1352 2024 Gron.
1389 1976 1523 2027 Obs.
1554 1992 1619 2027 ιι.
1657 1982 1734 2029 10.
1766 1980 2046 2031 deducerent
2080 1981 2179 2033 Ed.
2213 1983 2459 2049 Camp.—-

1249 2137 1464 2188 NOTAE

320 2230 344 2280 ¹?
380 2223 587 2274 Cultura
606 2241 830 2288 agrorum
853 2235 1078 2297 cessaret]
1113 2236 1229 2284 Uno
1264 2236 1316 2285 in

257 2298 347 2348 lib.
367 2300 675 2351 Torrentius
699 2303 825 2367 legit
841 2316 1046 2358 cessarat
1062 2328 1083 2370 ;
1104 2326 1200 2360 nec
1217 2312 1316 2361 dis·

260 2377 435 2437 plicet.
536 2379 666 2428 Cum
722 2381 881 2445 igitur
933 2387 1021 2449 qni
1070 2388 1315 2438 colendos

259 2468 407 2514 agros
428 2456 798 2520 suscipiebant,
822 2461 856 2509 ii
883 2463 1028 2525 plura
1050 2466 1154 2514 suis
1179 2466 1316 2514 labo-

261 2531 419 2588 ribus,
441 2547 595 2596 quam
638 2535 851 2585 aliorum
888 2539 994 2587 otio
1027 2547 1082 2589 et
1116 2541 1316 2591 desidia

260 2621 356 2655 non
382 2611 670 2670 comparari
708 2612 961 2673 viderent,
984 2613 1313 2666 frumentati-

256 2698 406 2733 onum
432 2684 641 2748 flducia,
662 2688 838 2738 urbem
859 2698 912 2739 et
934 2690 1031 2752 ipsi
1048 2707 1111 2741 eo
1137 2692 1314 2742 luben·

257 2760 361 2809 tius
390 2761 710 2821 incolebant,
735 2765 871 2826 quod
894 2767 1170 2817 ambitione
1194 2783 1313 2817 con-

259 2837 582 2887 tendentium
603 2840 813 2902 siugulis
844 2842 1024 2894 diebus
1048 2845 1151 2894 illae
1175 2861 1314 2895 cres-

258 2921 455 2964 cerent.
546 2915 740 2965 Causas
785 2919 972 2970 videsis
1013 2923 1139 2971 alias
1174 2923 1313 2986 apud

256 2989 509 3053 Plinium,
532 2991 622 3041 lib.
649 3006 811 3044 xviri.
834 3011 950 3060 cap.
975 3002 1024 3050 3.
1056 3000 1107 3048 in
1128 2999 1247 3051 fine.

312 3074 337 3099 ⁰
368 3067 661 3133 Arctorum]
695 3069 742 3118 Ii
790 3081 928 3132 snut,
957 3075 1043 3137 qui
1078 3090 1108 3123 a
1146 3075 1312 3138 publi·

255 3144 392 3191 canis
410 3157 652 3207 agrorum
675 3147 928 3209 culturam
954 3150 1308 3201 redimebant:

254 3235 362 3269 eum
387 3224 530 3271 enim
554 3223 629 3271 illi
669 3225 945 3288 vectigalia
967 3229 1133 3277 omnia
1157 3230 1223 3280 P.
1246 3232 1310 3280 R.

254 3297 631 3362 conducerent,
646 3314 705 3349 ea
728 3302 811 3350 vel
837 3317 933 3366 pet·
955 3303 1176 3354 familias
1193 3322 1310 3356 suas

252 3374 588 3432 exercebant,
612 3377 693 3425 vel
718 3376 919 3426 civibus
952 3379 1064 3429 aliis
1084 3395 1176 3442 per
1199 3396 1310 3443 pat·-

255 3455 330 3498 tes
353 3450 628 3501 elocabant
652 3468 666 3502 ε
704 3453 824 3505 hinc
850 3462 1101 3519 aratores,
1123 3457 1310 3519 coloni,

253 3527 513 3590 agricolae,
534 3528 620 3591 qni
646 3544 828 3593 agi-033
856 3540 1089 3595 pastores
1107 3547 1198 3581 sen
1222 3547 1310 3596 pe-

253 3604 433 3664 cuarii,
447 3605 531 3667 qui
553 3620 736 3666 pascua
751 3623 766 3668 ;
791 3608 1083 3670 portitores,
1096 3610 1180 3672 qui
1198 3624 1315 3672 poi·-

255 3680 758 3730 toriaconducebant
773 3699 788 3743 3
804 3683 1209 3750 decumani,(qui
1225 3687 1313 3736 de-

257 3755 438 3804 cimam
466 3764 669 3819 partem
701 3757 961 3809 fructuum
986 3762 1314 3828 redderent,)

257 3844 353 3880 nou
399 3832 606 3896 quidem
646 3835 784 3898 quod
826 3846 1036 3887 ararent
1067 3839 1184 3903 ipsi,
1222 3850 1312 3891 aut

258 3912 668 3972 pascerent,&e.
705 3911 796 3959 sed
823 3914 961 3977 quod
989 3930 1049 3964 ea
1072 3915 1311 3967 facienda

257 3991 518 4045 curarent,
536 3986 668 4049 quod
695 3987 950 4039 hominum
973 4006 1133 4052 genus
1159 3993 1210 4042 in
1232 3995 1309 4043 Si-

257 4059 376 4107 cilia
417 4064 705 4122 praesertim
726 4065 962 4129 invaluit,
986 4077 1043 4118 ut
1068 4071 1309 4133 colligere

257 4143 337 4184 est
373 4149 440 4184 ex
483 4138 736 4188 Cicerone
782 4141 834 4189 in
881 4143 1117 4192 Verrem.
1206 4145 1257 4193 H
1264 4146 1310 4194 ie

258 4208 390 4256 enim
414 4219 626 4273 propter
649 4212 761 4262 illos
785 4224 1074 4266 contemtos
1098 4226 1152 4268 et
1176 4220 1309 4268 male

236 4283 456 4353 ·ltabitos
481 4287 783 4349 gravissime
809 4291 1158 4357 vituperatur.
1230 4295 1305 4344 Ut

1398 2236 1560 2301 igitur
1578 2239 1642 2288 ad
1668 2241 1782 2292 haec
1802 2248 1859 2290 ut
1883 2246 2005 2291 ante
2030 2242 2357 2308 suscipienda
2383 2244 2456 2293 in·

1397 2314 1701 2373 vitarentur,
1744 2319 1980 2380 promisit
2027 2318 2292 2382 Angustus
2350 2322 2460 2370 illo·

1398 2405 1507 2438 rum
1556 2405 1612 2440 se
1662 2392 1711 2439 in
1758 2392 2244 2443 frumentationibus
2303 2397 2457 2444 ratio·

1397 2479 1535 2528 nem,
1555 2481 1653 2516 non
1676 2482 1825 2517 secus
1859 2484 1922 2517 ac
1958 2469 2000 2517 si
2035 2470 2292 2529 adessent,
2317 2473 2466 2525 habi-⁷

1399 2550 1588 2593 turum.
2453 2592 2458 2595 .

1460 2626 1486 2658 9
1520 2620 1717 2683 Populi]
1758 2619 1931 2684 Hujus
1967 2623 2317 2685 appellatione
2352 2625 2454 2689 liic,

1397 2701 1454 2744 ut
1477 2704 1532 2743 et
1557 2695 1699 2757 alibi,
1720 2711 1819 2744 non
1853 2697 2013 2745 semel
2045 2698 2291 2761 iutelligit
2323 2701 2453 2749 otio-

1397 2785 1504 2819 sam
1532 2771 1668 2819 illam
1706 2772 2046 2835 plebeculam,
2076 2789 2190 2837 quae
2228 2774 2455 2824 fruinen-

1395 2846 1684 2896 tationibus
1720 2848 1985 2897 alebatur:
2021 2864 2137 2898 cum
2180 2851 2312 2898 enim
2352 2851 2455 2898 Ro-

1394 2910 1531 2972 mani
1554 2931 1756 2973 ceteras
1793 2930 1950 2979 artes,
1989 2934 2214 2988 excepta
2250 2928 2454 2991 militia,

1395 2999 1559 3047 servis
1603 3006 1823 3062 tantum,
1866 3015 1966 3050 non
2027 3002 2223 3051 civibus
2272 3005 2452 3066 dignas

1385 3076 1710 3140 judicarent,
1738 3078 1855 3128 ideo
1879 3080 2179 3144 plerumque
2204 3081 2361 3132 fiebat
2396 3093 2455 3133 ut

1400 3152 1672 3217 stipendiis
1720 3156 1964 3218 peractis,
2020 3159 2170 3221 egeni
2225 3174 2454 3209 remane-

1394 3236 1531 3290 rent,
1567 3245 1804 3295 magnum
1830 3248 1969 3296 saepe
1991 3244 2045 3282 et
2070 3235 2299 3297 parabile
2320 3237 2455 3285 sedi-

1392 3305 1536 3353 tiosis
1549 3305 1929 3368 adjumentum3
1956 3309 2091 3372 quod
2115 3319 2167 3359 ut
2193 3320 2453 3371 caverent,

1392 3380 1537 3441 leges
1563 3380 1815 3440 Agrariae,
1839 3385 2024 3447 quibus
2048 3385 2300 3447 ejusmodi
2322 3388 2452 3434 mul-

1394 3454 1565 3504 titudo
1579 3456 1909 3518 ablegaretur
1924 3461 2099 3522 procul
2114 3460 2177 3507 ab
2195 3461 2339 3520 urbe,
2350 3462 2453 3523 pri-

1393 3544 1531 3578 mum
1549 3531 1775 3580 inventae
1793 3541 2003 3595 sunt,ac
2017 3534 2204 3582 deinde
2225 3535 2451 3584 frumen-

1352 3650 1355 3651 γ
1395 3607 1636 3671 tationes,
1653 3613 1710 3657 ut
1729 3609 1779 3657 in
1800 3609 2284 3673 urbeqniescerent.
2320 3612 2450 3661 Quae

1395 3684 1565 3733 omnia
1589 3697 1687 3733 uon
1712 3685 1874 3733 minus
1897 3685 2130 3746 corrupit
2154 3687 2383 3736 ambitio.

1456 3767 1481 3803 <l
1518 3761 1723 3810 Duceret
1779 3759 2097 3825 [Deduc-eret]
2149 3761 2450 3810 Torrentius

1391 3837 1520 3900 legit
1556 3838 1607 3884 in
1641 3852 1739 3886 uno
1762 3839 1971 3899 duceret,
1994 3836 2145 3898 bene,
2167 3837 2209 3884 si
2233 3851 2331 3885 non
2359 3837 2452 3885 ob-

1391 3922 1494 3964 stet
1515 3914 1726 3963 aliorum
1750 3906 2063 3964 auctoritas:
2098 3915 2450 3978 unde-Casan,-

1390 3990 1525 4038 bono
1556 3989 1942 4059 assentiendum
1963 3989 2186 4051 videtur,
2206 3991 2292 4054 qui
2320 4006 2450 4042 nove

1390 4065 1589 4115 dictum
1614 4065 1891 4124 existimat,
1913 4065 2340 4129 quemadmodum
2370 4085 2450 4117 sn·

1391 4156 1485 4204 pra
1497 4141 1545 4189 in
1558 4142 1592 4193 J
1598 4141 1699 4190 ulio
1716 4147 1731 4168 ‘
1744 4142 2115 4191 decedentibus
2129 4141 2143 4164 '
2155 4158 2250 4206 pro
2262 4145 2452 4194 ceden-

1389 4217 1546 4275 tibus,
1580 4224 1636 4267 et
1673 4218 1793 4267 alibi
1830 4220 2170 4282 compositum
2208 4237 2303 4284 pro
2326 4222 2448 4269 sim-

1390 4295 1533 4360 plici,
1559 4303 1615 4346 ut
1638 4294 1774 4359 apud
1794 4296 2131 4348 Columellam
2164 4297 2180 4324 ‘
2196 4298 2448 4362 deputare
