3019 4922
514 355 643 421 296

514 514 971 583 Alexandri:q
1024 515 1382 580 novissime
1439 536 1586 592 sua,
1633 509 2092 579 Dioscuridis‘
2137 527 2335 574 manu
2379 506 2703 591 sculpta,⁶

515 640 647 705 qua
670 620 928 699 signare
958 618 1236 681 insecuti
1268 638 1536 701 quoque
1568 616 1913 697 Principes
1946 618 2499 696 perseverarunt.⁷
2566 607 2701 671 Ad

515 722 834 807 epistolas
881 739 1116 784 omnes
1159 718 1468 784 horarum
1513 736 1782 802 quoque
1825 721 2184 791 momenta,
2229 732 2351 776 nec
2395 711 2528 775 diei
2558 730 2703 774 mo-

515 825 626 901 do,
673 823 792 888 sed
849 829 916 887 et
962 823 1204 898 noctis,
1268 822 1516 904 quibus
1570 820 1747 883 datae
1804 816 2343 899 significarentur,
2374 812 2702 878 addebat.

512 926 672 1008 [51.]
720 924 1106 990 Clementiae
1139 923 1653 1006 civilitatisque⁸
1699 920 1845 1002 ejus
1880 919 2095 981 multa
2132 922 2198 981 et
2227 934 2468 998 magna
2497 913 2702 978 docu-

1377 372 1438 418 C.
1487 366 1845 419 SUETONII

1443 2333 1448 2338 ”
1496 2320 1716 2372 NOTAE

577 2422 601 2456 ‘³
634 2415 922 2481 Alexandri]
962 2416 1042 2467 An
1073 2425 1292 2482 propter
1325 2420 1565 2484 majesta-

513 2498 640 2556 tem,
678 2507 742 2542 an
772 2495 926 2545 etiam
959 2508 1021 2544 ea
1054 2496 1416 2558 superstitione
1440 2497 1567 2548 duc·

511 2576 611 2626 tus,
642 2571 706 2619 de
743 2586 841 2635 qua
874 2571 1160 2621 Trebellius
1190 2573 1358 2622 Pollio
1388 2573 1476 2622 lib.
1497 2573 1566 2622 de

511 2652 591 2696 30.
615 2649 850 2712 tyrannis
871 2663 917 2699 c.
948 2654 1023 2698 13.
1063 2650 1146 2698 ubi
1170 2649 1308 2698 -dicit
1343 2651 1565 2700 Macria-

509 2739 690 2774 norum
711 2723 970 2788 familiam,
995 2726 1129 2775 viros
1153 2732 1208 2775 et
1231 2726 1488 2789 mulieres,
1511 2727 1566 2776 in

511 2802 646 2850 omni
677 2809 1092 2852 ornamentorum
1115 2817 1305 2866 genere
1329 2804 1566 2866 exsculp-

511 2883 616 2926 tam
652 2893 777 2928 auro
810 2880 895 2928 vel
945 2886 1164 2942 argento
1195 2881 1372 2929 tulisse
1406 2879 1565 2929 Alex-

509 2954 659 3003 andri
700 2955 1002 3004 Macedonis
1046 2956 1338 3019 imaginem,
1385 2956 1561 3021 ‘quod

507 3029 745 3091 idcirco,’
779 3032 964 3095 inquit..
996 3033 1012 3059 ‘
1039 3033 1203 3094 posui,
1234 3033 1354 3098 quia
1383 3033 1561 3082 dicun-

511 3113 597 3154 tur
643 3106 817 3167 juvari
872 3106 923 3155 in
981 3108 1118 3156 omni
1161 3113 1280 3157 actu
1324 3123 1433 3172 suo,
1476 3108 1563 3172 qui

509 3182 864 3232 Alexandrum
888 3196 1187 3246 expressum
1213 3185 1293 3232 vel
1313 3199 1436 3233 auro
1453 3199 1563 3247 ges-

507 3259 681 3314 titant,
707 3260 787 3308 vel
815 3259 1065 3324 argento!
1131 3261 1286 3311 Certe
1317 3261 1453 3311 hunc
1488 3262 1566 3310 in·

508 3345 593 3385 ter
616 3335 830 3386 Graecos
866 3338 1012 3386 inulti
1041 3339 1258 3388 numinis
1292 3339 1457 3388 instar
1481 3354 1565 3388 ve·

507 3412 677 3462 nei-ati
716 3420 854 3463 sunt.
924 3414 1368 3465 circumferebant
1393 3425 1567 3466 autem

507 3505 609 3539 non
653 3505 766 3540 raro
810 3491 920 3554 ejus
966 3493 1065 3541 Dei
1111 3493 1489 3553 simulachrum,
1536 3510 1567 3542 a

508 3582 608 3632 quo
636 3568 887 3635 juvarise
913 3576 1174 3631 putarem,
1200 3577 1255 3618 ut
1289 3569 1356 3618 de
1385 3570 1565 3620 Ascle-

507 3645 665 3708 piade
714 3645 1028 3707 Pliilosoplio
1073 3645 1234 3694 refert
1272 3647 1567 3696 Ammianus

505 3721 599 3772 lib.
623 3734 765 3770 xxu.
803 3721 816 3747 ‘
840 3722 974 3772 Deae
1010 3721 1234 3771 coelestis
1263 3730 1566 3786 argenteum

506 3797 666 3847 breve
709 3797 1010 3860 figmentum
1066 3813 1389 3863 quocumque
1433 3800 1564 3864 ibat,

509 3888 682 3924 secum
707 3877 910 3925 solitum
935 3873 1154 3925 afferre?
1221 3877 1291 3926 Et
1314 3878 1379 3925 ‹le
1396 3879 1565 3940 seipso

507 3951 762 4014 Apuleius
786 3951 838 4000 in
862 3950 1120 4015 Apologia
1143 3952 1304 4002 simile
1329 3954 1453 4018 quid
1488 3954 1563 4002 in-

507 4027 640 4087 nuit,
671 4025 686 4052 ‘
708 4027 883 4074 habuit
913 4026 1168 4090 Apuleius
1199 4030 1435 4093 quaedam
1470 4029 1565 4078 liu·

509 4101 647 4150 teolo
692 4101 964 4158 involuta,’
999 4105 1099 4164 &⁰-
1185 4102 1337 4153 Quod
1378 4105 1563 4170 magiae

509 4175 906 4239 suspicabantur
929 4178 1037 4240 ejus
1059 4187 1402 4232 accusatores.

573 4257 594 4313 Τ
647 4251 946 4301 Dioscuridis
1001 4253 1320 4319 [Discoridis]
1389 4259 1562 4324 Hujus

1648 2418 1879 2470 meminit
1919 2416 2117 2469 Plinius
2152 2414 2242 2464 lib.
2276 2410 2456 2463 ultimo
2490 2423 2536 2458 c.
2570 2411 2615 2455 1.
2650 2412 2704 2456 et

1649 2497 1664 2523 ‘
1702 2495 2031 2546 Dioscorides
2048 2492 2061 2514 ’
2116 2492 2303 2541 dicitur
2324 2506 2336 2535 ε
2389 2487 2571 2549 legunt
2616 2481 2703 2533 alii

1647 2573 1964 2624 Dioscuridis.
2009 2570 2254 2634 Sculptor
2271 2565 2372 2616 fuit
2387 2575 2703 2627 geminarum

1648 2649 1865 2700 artificio
1888 2647 2211 2713 praecellens

1710 2735 1728 2760 ⁸
1764 2722 2135 2787 Civilitatisque]
2168 2718 2403 2770 Civilitas
2424 2720 2506 2765 est
2529 2727 2705 2776 aequa-

1644 2804 1763 2855 litas
1786 2804 1951 2853 civilis
1965 2802 2119 2867 juris,
2149 2800 2277 2861 sive,
2302 2804 2358 2846 ut
2378 2796 2454 2845 ait
2473 2793 2705 2843 Velleius

1645 2882 1734 2933 lib.
1761 2896 1821 2932 u.
1858 2896 1975 2944 cap.
2005 2884 2054 2929 7.
2094 2875 2261 2927 civilis
2299 2871 2565 2935 dignitatis
2596 2883 2705 2918 mo-

1646 2959 1759 3020 dus„
1800 2966 1855 3008 et
1894 2955 2113 3007 incivilis
2153 2953 2241 3019 qui
2281 2952 2418 3000 hunc
2459 2947 2706 3008 excessit,

1645 3050 1746 3099 quo
1768 3050 1918 3083 sensu
1940 3036 2181 3083 Lucanus
2210 3030 2275 3079 de
2298 3029 2332 3080 J
2340 3026 2440 3076 ulio
2464 3041 2478 3073 ε
2526 3023 2543 3051 ⁴
2568 3024 2704 3073 Con·

1646 3127 1791 3161 cessa
1814 3111 1977 3175 pudet
1999 3111 2073 3160 ire
2090 3109 2189 3168 via,
2216 3105 2485 3168 civemque
2506 3098 2707 3150 videri!

1645 3189 1708 3238 In
1727 3188 1761 3239 J
1768 3188 1835 3238 ul.
1858 3204 1906 3238 c.
1926 3193 2009 3238 75.
2029 3193 2139 3237 toto
2162 3186 2258 3234 hoc
2282 3181 2456 3244 capite
2475 3175 2705 3240 Augusti

1650 3264 1864 3329 exponit
1895 3261 2225 3315 clementiam
2246 3255 2540 3316 Suetonius,
2561 3253 2604 3302 si
2629 3260 2705 3301 ta-

1650 3356 1767 3392 men
1795 3341 2117 3392 clementiam
2150 3337 2309 3393 dicas,
2331 3347 2481 3399 quam
2504 3332 2707 3380 Seneca

1648 3420 1736 3470 lib.
1762 3434 1797 3468 ι.
1819 3419 1883 3469 de
1903 3415 2190 3467 Clementia
2212 3430 2258 3463 c.
2279 3416 2356 3461 11.
2379 3413 2565 3459 lassam
2590 3420 2704 3456 cru-

1647 3497 1915 3546 delitatem
1972 3492 2277 3558 appellavit.
2358 3484 2491 3535 Vide
2535 3497 2708 3545 supra

1648 3589 1759 3638 cap.
1780 3578 1858 3623 13.
1884 3572 2185 3621 civilitatem
2210 3580 2333 3616 vero
2358 3563 2423 3612 ad
2446 3561 2600 3610 finem
2624 3563 2704 3607 56.

1646 3665 1788 3699 more
1828 3663 1939 3708 suo,
1976 3647 2180 3711 quoties
2216 3644 2351 3692 enim
2393 3646 2571 3704 partes
2605 3638 2706 3686 hoc

1646 3725 1798 3775 modo
1824 3722 2186 3788 conjunctione
2210 3715 2489 3782 expressit,
2524 3712 2615 3763 has
2641 3713 2705 3761 si·

1647 3801 1857 3866 gillatim
1886 3798 2177 3864 exequitur,
2211 3805 2270 3846 ut
2294 3795 2407 3859 jam
2437 3805 2593 3855 supra
2615 3803 2702 3839 no-

1646 3884 1809 3927 tatum
1836 3882 1930 3925 est.

1709 3953 1726 3985 ²
1762 3953 1887 4008 Quot
1911 3955 1959 4000 et
1981 3965 2093 4014 quos
2114 3944 2429 4008 diversarum]
2466 3943 2583 3994 Hoc
2608 3948 2703 3992 vest

1644 4030 1974 4078 adversarum
1998 4027 2239 4090 partium,
2260 4030 2319 4073 ut
2342 4036 2500 4086 supra
2522 4022 2577 4070 in
2595 4021 2700 4072 Jul.

1646 4121 1760 4170 cap.
1781 4110 1827 4154 1.
1882 4104 2083 4153 Seneca
2122 4101 2312 4152 ibidem
2352 4114 2466 4162 cap.
2491 4101 2571 4145 10.
2607 4098 2622 4124 ‘
2645 4095 2699 4144 Si

1644 4198 1744 4234 non
1769 4180 2050 4246 ignovisset
2072 4179 2256 4245 quibus
2280 4172 2619 4239 imperasset.'

1707 4268 1731 4294 ¹¹
1764 4255 2020 4323 Agrippae]
2047 4253 2270 4320 Augusti
2292 4265 2455 4317 nepos
2478 4255 2613 4307 erat,
2636 4246 2698 4296 tle
