3019 4922
1248 387 1542 438 sumus.
2369 381 2493 446 111

325 547 487 591 orem
509 527 526 562 ‘
582 527 782 610 regiae
850 526 1156 610 lecticae,'
1180 540 1205 567 ⁰
1273 551 1353 598 ac
1374 541 1404 583 ⁹
1465 532 1672 598 Curio
1730 537 1751 568 ‘
1782 535 2116 600 stabulum
2178 535 2496 602 Nicome-

324 630 457 708 dis:
499 637 570 694 et
610 634 629 665 ‘
662 630 1094 716 Bithynicum
1139 632 1498 700 fornicem’
1550 636 1803 701 dicunt.
1894 636 2112 702 Missa
2158 639 2359 703 etiam
2396 642 2490 705 fa-

324 735 418 797 cio
465 734 689 798 edicta
748 734 1031 812 Bibuli,v
1088 738 1328 820 quibus
1388 740 1786 822 proscripsit
1817 746 1867 778 ¹⁰
1925 741 2252 823 collegam
2303 763 2495 809 suum

322 840 339 869 ‘
368 835 792 920 Bithynicam
840 837 1168 919 reginam:
1215 840 1412 922 eique
1469 839 1720 922 Regem
1769 848 1970 908 antea
2014 844 2226 908 fuisse
2288 846 2496 924 cordi,

319 958 480 1004 nunc
505 959 663 1004 esse
695 939 1011 1022 regnum-⁹
1098 938 1256 1019 Quo
1285 948 1609 1025 tempore,
1634 949 1708 1007 ut
1733 942 1831 1006 Μ.
1848 944 2092 1008 Brutus
2117 935 2335 1025 refert,
2363 947 2497 1012 Oc-

319 1045 526 1108 tavius
591 1044 801 1108 etiam
845 1028 1170 1126 quidam,
1195 1044 1577 1108 valetudine
1640 1045 1879 1110 mentis
1937 1048 2212 1112 liberius
2266 1049 2496 1128 dicax,

321 1151 631 1210 conventu
661 1146 956 1209 maximo
976 1164 1125 1209 cum
1148 1144 1540 1229 Pompeium
1573 1166 1784 1229 regem
1818 1149 2251 1232 appellasset,
2272 1153 2497 1236 ipsum

319 1249 596 1331 reginam
632 1249 973 1313 salutavit.
1064 1248 1198 1313 Sed
1222 1256 1241 1286 ¹
1302 1247 1379 1314 C.
1427 1249 1786 1313 Memmius
1818 1251 2039 1330 etiam,
2071 1252 2153 1316 ad
2184 1255 2499 1338 cyathum

321 1357 380 1414 et
407 1352 631 1417 vinum
654 1358 679 1386 ²
713 1350 1062 1417 Nicomedi
1095 1352 1380 1431 stetisse,
1405 1353 1680 1436 objecit,
1706 1374 1859 1418 cum
1889 1355 2163 1439 reliquis
2191 1357 2499 1434 exoletis,

320 1455 508 1535 pleno
544 1454 884 1532 convivio,
909 1456 1397 1521 accubantibus
1428 1457 1764 1522 nonnullis
1796 1458 2049 1523 urbicis
2078 1451 2501 1540 negotiatori-

320 1558 453 1631 bus,
481 1575 765 1641 quorum
799 1555 993 1622 refert
1041 1559 1323 1624 nomina.
1412 1558 1648 1624 Cicero
1683 1580 1839 1625 vero
1868 1581 1999 1625 non
2028 1567 2400 1640 contentuS,
2432 1563 2500 1627 in

317 1659 711 1741 quibusdam
745 1659 1048 1743 epistolis
1079 1660 1461 1743 scripsisse,
1507 1681 1549 1725 a
1592 1662 1995 1727 satellitibus
2027 1683 2176 1729 eum
2206 1666 2272 1729 in
2303 1665 2494 1731 cubi·
2526 1653 2531 1660 ’

321 1762 529 1827 culum
562 1762 812 1845 regium
844 1763 1202 1841 eductum,³
1233 1764 1302 1827 in
1335 1784 1539 1829 aureo
1568 1765 1773 1844 lecto,
1805 1772 1991 1831 veste
2020 1786 2358 1851 purpurea
2387 1767 2505 1832 de-

322 1866 650 1944 cubuisse,
692 1864 1056 1950 floremque
1106 1866 1327 1932 aetatis
1381 1887 1422 1932 a
1461 1867 1735 1933 'Venere
1779 1871 2012 1934 orti⁴w
2067 1871 2133 1934 in
2180 1870 2503 1954 Bithynia

1221 2016 1252 2037 0
1258 2015 1579 2038 OOOOOOOOOOO

320 2097 469 2149 Fouc.
487 2099 625 2149 Ven.
657 2104 879 2150 trem—9
911 2099 1080 2164 Vulgo
1110 2115 1184 2162 ac,
1210 2094 1354 2166 ‘quod
1387 2099 1592 2165 recepit
1613 2100 1831 2163 Banmg.
1874 2101 1976 2150 Aut
1998 2100 2114 2152 Pal.
2133 2104 2181 2150 2.
2202 2100 2267 2150 ad
2288 2100 2502 2151 Memm.

321 2164 490 2214 Barth.
512 2181 544 2213 α
573 2165 687 2215 Cur.
707 2165 930 2228 Lugd.et
948 2164 1068 2215 Ald.
1089 2164 1214 2227 Arg.
1233 2165 1266 2217 J
1273 2173 1381 2215 unt.
1397 2173 1447 2216 at
1466 2168 1608 2216 clare
1626 2175 1872 2216 exaratur
1886 2167 1937 2215 in
1954 2165 2113 2217 Vind.
2133 2171 2179 2217 1.
2193 2166 2345 2215 Voss.
2368 2166 2505 2216 Edd.

320 2228 488 2293 Camp.
521 2230 659 2281 Bon.
684 2246 839 2295 quare
863 2231 936 2280 ita
960 2240 1305 2293 reposuerunt
1329 2232 1481 2282 Grut.
1513 2233 1673 2281 Salm.
1708 2232 1888 2280 Burm.
1914 2239 1966 2279 et
1994 2230 2262 2280 Ond.—1o
2296 2232 2504 2281 Malunt

320 2295 398 2343 alii
418 2296 729 2358 prescripsit,
750 2296 837 2345 alii
867 2296 1120 2360 persen-ips.
1144 2297 1558 2361 improbantibus
1587 2298 1809 2347 Casaub.
1829 2297 1984 2347 Grut.
2014 2297 2192 2346 Burm.
2248 2296 2387 2345 Dein
2410 2297 2505 2347 Bi·

320 2361 525 2424 thyniam
550 2375 653 2421 reg.
675 2362 885 2411 Memm.
924 2361 1065 2410 Med.
1090 2366 1137 2411 1.
1161 2365 1209 2411 3.
1248 2362 1430 2427 Copes.
1451 2362 1605 2411 Huls.
1635 2377 1737 2424 reg.
1758 2362 1907 2426 Byth.
1943 2361 2101 2410 vind.
2123 2365 2171 2410 2.
2205 2360 2340 2410 Item
2364 2367 2508 2411 antea

317 2438 465 2487 regem
496 2426 642 2477 Med.
674 2440 870 2492 omnes,
899 2426 1055 2477 vind.
1076 2431 1125 2477 2.
1153 2428 1387 2478 Cort.—1
1427 2429 1498 2478 Et
1523 2429 1580 2478 C.
1616 2427 1732 2478 cod.
1769 2442 1901 2477 unus
1934 2428 2085 2476 Torr.
2111 2426 2196 2492 qui
2230 2427 2506 2490 legendum

319 2498 465 2552 putat
484 2493 571 2540 sed
590 2497 656 2551 et,
680 2491 856 2542 deleta
881 2492 1104 2542 dictione
1126 2495 1286 2544 etiam.
1349 2495 1804 2557 Super-vacaneum
1829 2507 1944 2543 esse
1970 2494 2054 2542 sed
2078 2492 2326 2541 censebat
2349 2492 2507 2542 Grut-

320 2555 406 2605 θεά
423 2556 616 2605 Meuius
648 2558 748 2607 Ed.
787 2560 928 2606 Rom.
967 2559 1027 2606 C.
1051 2559 1266 2607 Metinus
1294 2559 1410 2609 Pal.
1439 2563 1586 2608 1.—2
1621 2559 1683 2607 In
1721 2559 1934 2607 Memm.
1965 2566 2018 2606 et
2054 2555 2198 2605 Med.
2231 2560 2279 2607 8.
2314 2556 2508 2620 legitur

321 2621 420 2669 sine
443 2636 599 2670 sensu
615 2627 666 2670 et
686 2626 736 2671 vi
761 2623 874 2673 Nic.
909 2622 1046 2671 unde
1069 2620 1296 2673 faciebat
1320 2625 1477 2674 Salm-
1508 2626 1571 2673 (τά
1592 2640 1664 2688 cy.
1695 2638 1799 2673 eum
1824 2624 1937 2671 Nic.
1990 2621 2173 2670 Barth.
2192 2627 2243 2671 et
2268 2621 2353 2670 uni
2375 2621 2506 2683 colii,

320 2686 539 2750 Guelph.
564 2689 612 2734 2.
634 2687 763 2748 vina,
795 2695 849 2737 et
882 2687 997 2736 cod.
1028 2688 1078 2735 in
1115 2687 1349 2738 biblioth.
1386 2690 1523 2739 Dec.
1559 2696 1613 2736 et
1646 2689 1776 2749 Cap.
1812 2686 2176 2735 Dunelmensis
2215 2693 2510 2736 reservatus

321 2765 498 2800 vernum.
566 2751 743 2801 Verba
781 2754 891 2801 haec
927 2758 971 2801 et
1011 2753 1110 2801 vin.
1148 2768 1211 2802 ex
1251 2754 1419 2814 glossa
1454 2753 1653 2802 venisse
1695 2751 1932 2799 videntur
1979 2751 2119 2812 Lips.
2171 2752 2319 2799 Torr.
2369 2750 2508 2799 Ond.

321 2816 469 2865 Wolf.
500 2823 563 2865 et
595 2816 813 2880 Baumg.
866 2817 993 2864 'rum
1016 2814 1177 2875 objicit
1199 2815 1334 2864 Vind
1356 2820 1406 2865 2.
1439 2814 1580 2864 Edd.
1616 2815 1862 2865 Rome-3
1895 2816 2042 2862 Torr.
2065 2821 2119 2861 et
2154 2814 2331 2862 Graev.
2355 2814 2515 2863 unius-

319 2881 427 2929 cod.
452 2877 768 2930 anctoritate
792 2879 1076 2946 proeferunt
1095 2882 1357 2930 deductum.
1424 2880 1597 2929 Prave
1621 2878 1738 2929 Pal.
1760 2882 1810 2931 2.
1831 2878 1938 2939 regi
1952 2881 2375 2927 reuocandum—4
2414 2880 2510 2927 Or,-

321 2948 379 2992 1oe
400 2945 516 2996 Pal.
543 2950 590 2997 l.
611 2948 663 2996 2.
682 2946 876 3011 Copes.
912 2945 1065 2996 nnis.
1092 2945 1237 2998 Med.
1274 2951 1324 2998 1.
1345 2950 1393 2998 3.
1417 2944 1575 2995 Vind.
1600 2948 1649 2994 2.
1674 2943 1822 2995 Cort.
1849 2943 2009 2994 Polit.
2042 2958 2157 2993 cum
2192 2941 2327 2992 Edd.
2357 2941 2508 2993 Rom.

1300 3077 1521 3129 NOTAE

380 3186 396 3217 ⁸
440 3183 674 3248 &pendam
720 3184 1018 3255 interim-em}
1073 3186 1204 3238 Quae
1250 3200 1369 3249 pars
1442 3184 1463 3215 ¹
1488 3198 1710 3249 namque
1749 3198 1878 3246 puer
1911 3184 2091 3247 pluteo
2133 3180 2336 3230 vindice
2372 3186 2512 3231 tutus

322 3252 568 3311 lectoruiu
608 3260 793 3323 parieti
829 3262 1065 3323 proxima
1096 3269 1210 3310 erat
1233 3260 1369 3324 apud
1451 3262 1566 3311 erat
1580 3260 1618 3323 ς’
1636 3262 1730 3310 hac
1750 3262 1882 3310 enim
1903 3267 2049 3323 parte
2061 3260 2302 3308 mulieres
2315 3265 2369 3308 et
2386 3274 2514 3323 pue·

322 3340 555 3403 antiquos
577 3339 689 3387 haec
712 3338 981 3389 dicebatur
1017 3339 1216 3402 sponda
1239 3339 1372 3406 iute—
1454 3353 1537 3388 ros
1574 3338 1765 3389 cubare
1802 3337 1956 3387 moris
1996 3335 2126 3386 fnit:
2172 3337 2309 3385 viros
2338 3347 2513 3386 autem

322 3416 424 3463 rior
453 3414 518 3464 ad
542 3412 883 3464 differentiam
911 3415 1120 3464 alterius
1142 3430 1257 3482 quae
1282 3430 1370 3465 ex·

325 3495 519 3542 terior:
563 3493 681 3542 hinc
714 3493 977 3543 Tibullus:
1021 3495 1037 3523 ‘
1065 3496 1133 3544 Et
1169 3508 1372 3558 pressus

324 3570 462 3633 prior
486 3578 582 3631 est,
605 3570 923 3633 interiorque
957 3569 1138 3621 torus.’
1206 3569 1374 3619 Isido-

323 3659 406 3694 rus
439 3645 527 3694 lib.
571 3659 669 3696 xx.
709 3646 773 3695 de
813 3645 1114 3710 Originibus
1149 3661 1265 3709 cap.
1299 3648 1378 3694 11.

322 3721 546 3769 exterius
579 3721 832 3772 duntaxat
867 3723 989 3773 lecti
1025 3725 1157 3772 latus
1188 3724 1204 3751 ⁸
1225 3738 1378 3786 spon·

323 3796 467 3846 dam’
517 3799 765 3861 appellat,
808 3799 1021 3848 interius
1062 3813 1186 3848 vero
1225 3799 1242 3827 ‘
1269 3798 1380 3863 plu-

325 3871 503 3928 teum:
518 3873 645 3936 qrrod
668 3887 849 3937 nempe
866 3874 1057 3925 tabulis
1072 3875 1377 3939 quibusdam

325 3949 642 4010 muniretur3
679 3950 883 4013 pluteus
919 3951 1053 3999 enim
1085 3950 1223 4014 apud
1258 3952 1378 4000 Fes-

324 4033 433 4076 tum
479 4027 494 4052 ‘
519 4027 709 4075 tahnlae
747 4027 933 4089 quibus
967 4027 1088 4092 quid
1133 4028 1379 4091 praesepi-

324 4104 451 4167 tur:
471 4111 529 4153 et
544 4104 796 4154 Martialis
815 4105 1111 4154 interiorem
1131 4106 1259 4154 hanc
1278 4106 1379 4154 lee-

325 4184 365 4231 ti
412 4190 613 4245 partem
652 4185 667 4208 ‘
694 4180 890 4244 plutei’
930 4181 1255 4246 indigitatam
1288 4196 1378 4232 no·

326 4260 465 4313 minc
491 4266 665 4323 aperte
684 4257 879 4313 indicat
901 4257 986 4307 lib.
1015 4272 1103 4309 ιιι.
1120 4257 1270 4321 Epig.
1296 4261 1376 4310 89.

1454 3422 1606 3481 parte
1643 3415 1835 3478 priore,
1873 3429 2024 3480 quam
2048 3420 2064 3443 ‘
2089 3412 2339 3478 spondam
2379 3413 2516 3477 prio·

1454 3507 1562 3542 rem
1583 3492 1596 3513 ’
1642 3492 1843 3543 Nonius
1902 3492 2180 3541 Marcellus
2237 3490 2384 3551 dicit,
2438 3492 2454 3519 ⁸
2473 3490 2515 3539 si

1452 3568 1703 3634 spondam
1737 3568 1954 3633 priorem
1979 3582 2080 3632 qua
2103 3568 2182 3615 vir
2211 3565 2369 3616 cubat
2399 3579 2516 3628 per-

1456 3642 1702 3707 unxeris,’
1723 3651 1779 3692 et
1802 3643 1955 3702 unde,
1973 3650 2131 3707 atque
2166 3656 2230 3689 ex
2268 3641 2363 3688 hoc
2393 3641 2516 3689 Sue·

1454 3721 1582 3771 ‚tonii
1603 3721 1733 3784 loco,
1753 3728 1920 3784 patet,
1939 3721 2072 3770 latus
2095 3719 2219 3768 lecti
2242 3725 2516 3783 utrumque

1458 3805 1472 3828 ‘
1497 3797 1748 3860 spondam
1763 3795 1777 3818 ’
1800 3798 2135 3860 appellatum.

1520 3880 1546 3905 ⁴¹
1577 3871 1809 3935 Lecticae]
1840 3870 2068 3922 Isidorus
2106 3869 2231 3921 ibid.
2267 3870 2283 3898 ‘
2310 3869 2515 3925 lecticae

1459 3946 1625 4015 plutei
1650 3949 1795 3998 lecti.

1522 4035 1546 4059 ⁷
1581 4025 1759 4075 Edicta
1781 4023 1970 4087 Bibuli]
2021 4023 2191 4089 Supra
2227 4039 2343 4089 cap.
2378 4029 2429 4078 9.
2462 4031 2518 4074 et

1458 4119 1575 4166 cap.
1601 4108 1681 4154 ll.
1704 4102 1792 4152 ubi
1810 4102 1932 4169 quid
1955 4102 2021 4152 sit
2046 4102 2388 4167 proscribere.

1522 4185 1554 4211 '¹
1587 4179 1631 4228 A
1681 4179 1859 4229 Venere
1893 4179 2023 4243 orti]
2064 4178 2285 4229 Caesaris
2329 4192 2517 4241 nempe

1460 4269 1555 4319 per
1574 4255 1771 4308 Julium
1802 4254 2099 4317 Ascanium,
2118 4253 2184 4303 de
2205 4269 2305 4319 quo
2324 4270 2444 4319 cap.
2463 4257 2515 4303 δ.
