3019 4922
846 388 1181 457 privum
1235 389 1325 436 ΕΤ
1373 387 1710 436 scamus
1764 388 2147 436 suffroNn.
2511 370 2596 433 15

384 542 698 598 recenset
727 533 976 599 Suidas
1005 556 1020 598 :
1069 536 1175 600 De
1207 534 1599 600 Graecorum
1629 535 1885 601 lusibus
1915 536 2157 603 librum
2186 555 2383 600 unum
2417 556 2431 599 z
2487 536 2593 600 De

392 633 857 702 Romanorum
917 639 1386 704 certaminibus
1437 648 1508 704 et
1567 641 1971 724 spectaculis
2018 640 2225 704 duos:
2275 639 2381 703 De
2416 657 2596 703 anno

398 737 714 805 Romano
742 762 988 807 unum:
1037 742 1143 807 De
1189 743 1369 806 notis
1421 762 1665 806 unum:
1715 743 1821 807 De
1879 742 2262 825 Republica
2323 741 2590 808 Cicero·

399 844 618 920 niana,
664 851 897 909 contra
944 845 1332 929 Didymum,
1393 864 1641 908 unum:
1709 844 1811 908 De
1853 846 2235 910 nominibus
2286 849 2599 929 propriis,

326 1004 335 1015 ,
401 949 619 1032 deque
666 949 955 1013 vestium
998 949 1382 1031 generibus:
1438 950 1546 1014 De
1591 949 1921 1012 ominosis
1965 951 2240 1015 verbis:
2288 951 2392 1013 De
2435 952 2598 1015 urbe

403 1049 625 1115 Roma
655 1057 720 1116 et
747 1051 892 1136 ejus
920 1052 1242 1115 institutis
1272 1051 1731 1132 moribusque,
1760 1051 1968 1114 libros
2007 1049 2218 1117 duos:
2262 1052 2370 1116 De
2401 1059 2600 1117 stem-

403 1155 697 1218 matibus
739 1155 1096 1219 illustrium
1143 1153 1630 1218 Romanorum.‘
1716 1150 2024 1216 Citantur
2074 1160 2138 1218 et
2177 1155 2244 1218 hi
2290 1154 2598 1221 Suetonii

401 1256 587 1323 libri:
640 1258 746 1322 De
794 1257 1102 1340 Regibus
1153 1264 1310 1333 treS,
1341 1256 1427 1321 ab
1457 1254 1812 1336 Ausonio;
1860 1257 1969 1321 De
2001 1258 2420 1323 institutione
2454 1258 2599 1324 offi-

405 1360 682 1437 ciorum,
715 1381 758 1425 a
787 1359 1183 1440 Priscian03
1230 1368 1303 1423 et
1347 1360 1433 1425 ab
1481 1359 1719 1423 eodem
1753 1360 1860 1424 De
1891 1359 2299 1425 Praetoribus
2329 1362 2599 1445 plures:

402 1480 556 1526 nam
586 1463 792 1527 etiam
822 1469 1139 1547 octavum
1170 1463 1432 1544 allegat.
1496 1461 1964 1527 Attribuuntur
1994 1463 2261 1545 insuper
2285 1462 2599 1527 Suetonio

401 1563 577 1642 libri,
611 1566 717 1630 De
746 1567 1130 1651 triumphis:
1179 1568 1284 1633 De
1311 1564 1582 1630 Poetis:
1614 1566 1722 1630 De
1752 1565 1938 1629 vitiis
1966 1564 2455 1648 corporalibus:
2488 1566 2598 1630 De

403 1669 600 1732 rebus
653 1671 879 1733 variis.
972 1668 1105 1733 Sed
1159 1676 1232 1734 ut
1266 1669 1400 1733 duo
1442 1670 1846 1753 posteriores
1877 1688 1921 1732 a
1947 1666 2124 1731 futili
2154 1674 2410 1732 tantum
2439 1687 2602 1732 auc-

403 1775 550 1834 tore
575 1769 809 1836 Servio
837 1771 1146 1849 citantur,
1174 1774 1405 1838 itaDe
1426 1771 1841 1837 institutione
1861 1770 2254 1848 officiorum,
2277 1778 2350 1835 et
2369 1771 2602 1835 trium-

403 1871 579 1954 phis,
608 1894 646 1937 e
673 1875 861 1939 libris
891 1875 999 1939 De
1024 1877 1187 1939 urbe
1212 1877 1438 1941 Roma
1464 1875 1757 1939 fortasse
1781 1874 1974 1957 petiti
2019 1874 2153 1937 sint
2177 1893 2195 1952 ;
2242 1879 2447 1956 atque
2487 1874 2604 1940 ,De

405 1972 646 2039 Poetis
668 1977 1132 2060 comprehensi
1158 1977 1399 2042 fuerint
1426 1977 1675 2041 libellis
1704 1977 1810 2042 De
1841 1975 2311 2041 Grammaticis
2336 1982 2405 2039 et
2423 1974 2603 2039 Rhe-

404 2077 684 2163 toribUS,
731 2083 848 2144 διο.
908 2100 1189 2165 quorum
1242 2081 1553 2165 quaedam
1607 2081 1955 2145 habemus.v
2042 2076 2268 2142 Alium
2330 2097 2600 2162 quoque

405 2178 796 2245 Suetonium
848 2182 1012 2248 citat
1056 2182 1427 2268 Vopiscus,
1471 2184 1673 2248 etiam
1729 2181 2172 2258 Historicum,
2210 2179 2330 2244 sed
2362 2199 2602 2262 cogno·

401 2288 624 2344 mento
676 2281 1087 2349 Octavium:
1135 2284 1283 2368 ejus
1330 2285 1489 2349 nihil
1534 2290 1783 2350 exstat.
1869 2282 2133 2348 Verum
2164 2301 2315 2347 cum
2352 2284 2601 2346 mentio

403 2378 693 2465 Vopisci
719 2382 899 2449 facta
927 2386 1036 2465 sit,
1080 2386 1270 2450 lubet
1299 2387 1445 2451 haec
1480 2386 1905 2451 collectanea
1933 2386 2164 2469 ipsius·
2182 2384 2265 2449 de
2295 2384 2428 2449 hoc
2446 2398 2603 2449 nos*

405 2489 506 2546 tro
536 2486 928 2552 testimonio
958 2489 1164 2553 finire.
1218 2488 1444 2556 Vocat
1472 2491 1677 2573 igitur
1704 2476 2324 2554 emendatissimum
2352 2497 2419 2553 et
2445 2508 2603 2553 can-

402 2581 822 2653 didissimum
852 2592 1267 2675 scriptorem.
1358 2591 1514 2671 Quo
1538 2592 1763 2676 elogio
1793 2591 2013 2656 omnia
2042 2590 2238 2656 dixit.
