3019 4922
524 410 657 477 4¹70
1374 428 1436 475 c.
1481 425 1767 476 svaros
1784 425 1839 474 11

528 579 606 637 ut
634 569 720 636 ad
752 570 1097 636 evitandas
1122 571 1340 652 legum
1367 588 1605 654 poenas
1626 565 1643 605 ¹
1659 569 1808 655 jure
1837 588 1917 634 ac
1946 568 2263 651 dignitate
2292 574 2643 638 matronali
2660 582 2708 612 ¹¹*

531 675 1044 750 exsolverentur,
1096 673 1536 738 lenocinium¹²
1583 673 1875 758 profiteri
1918 682 2301 758 coeperant:
2358 683 2425 739 et
2470 696 2556 738 ex
2592 678 2699 760 Ju-

528 780 793 840 ventute
822 775 1169 859 utriusque
1199 775 1446 840 ordinis
1473 774 2059 859 profligatissimus
2088 779 2393 861 quisque,
2423 799 2555 861 quo
2585 780 2701 842 mi-

530 897 653 942 nus
698 878 766 941 in
807 887 1048 961 opera³
1096 898 1316 943 scenae
1364 899 1717 964 arenaeque
1763 879 2015 945 edenda
2054 880 2701 945 Senamsconsulto⁰

530 984 955 1059 tenerentur‚4
1008 983 1254 1046 famosi
1295 982 1532 1068 judicii
1581 990 1807 1046 notam
1856 990 2097 1066 sponte
2148 984 2477 1047 subibant.
2566 982 2703 1046 Eos
2783 1051 2789 1066 ,

531 1102 781 1166 easque
823 1093 1098 1161 omneS‚p
1141 1105 1221 1148 ne
1252 1085 1432 1169 quod
1475 1084 1794 1168 refugium
1836 1087 1901 1149 in
1946 1085 2069 1149 tali
2110 1084 2344 1149 fraude
2388 1085 2703 1168 cuiquam

532 1191 737 1263 esset,
768 1186 971 1250 exilio
1003 1186 1245 1251 affecit.
1306 1187 1608 1252 Senatori
1637 1188 1848 1251 latum
1879 1188 2145 1253 clavum
2166 1194 2192 1232 ‘¹
2219 1187 2483 1264 ademit,
2516 1206 2661 1250 cum
2681 1192 2704 1233 ⁵

533 1288 976 1370 cognovisset,
1021 1291 1145 1354 sub
1190 1288 1539 1355 Kalendas
1582 1289 1629 1355 J
1634 1290 1802 1355 ulias
1826 1298 1848 1325 ¹·
1908 1290 2305 1372 demigrasse
2349 1291 2416 1354 in
2457 1290 2705 1367 hortOS,

1439 1454 1772 1477 ‘motem‘
1778 1457 1804 1478 Ρ

534 1586 667 1635 Dein
693 1587 754 1635 ad
775 1588 992 1638 vitandas
1014 1588 1146 1638 idem
1186 1589 1322 1639 Dun.
1353 1589 1549 1639 Medic.
1573 1595 1619 1641 1.
1650 1589 1806 1639 Vind.
1831 1593 1879 1639 1.
1915 1589 2012 1639 Ed.
2052 1587 2329 1653 διερὴν-3
2368 1590 2524 1651 Opere
2557 1588 2709 1638 Huls.

535 1652 650 1714 Cuj.
674 1652 864 1701 Medic.
892 1658 934 1703 1.
959 1658 1008 1703 3.
1036 1656 1189 1704 Polit.
1213 1654 1367 1703 vind.
1395 1660 1437 1703 1.
1461 1656 1511 1705 in
1536 1671 1635 1719 quo
1655 1657 1809 1704 etiam
1832 1657 2024 1705 edendo.
2071 1655 2241 1717 Supra
2259 1659 2307 1703 et
2325 1660 2378 1702 ut
2400 1670 2460 1703 ex
2484 1654 2638 1703 vind.
2658 1658 2707 1703 2.

533 1716 659 1764 Mox
679 1731 888 1766 arenaeve
909 1734 1068 1783 marg.
1090 1722 1331 1769 Torta—4
1370 1721 1626 1769 Tenentur
1650 1728 1752 1770 tres
1769 1721 1958 1769 Medic.
1979 1720 2131 1768 vind.
2154 1724 2201 1770 2.
2224 1720 2353 1781 Cop.
2382 1720 2526 1767 Dun.
2550 1719 2633 1783 qui
2656 1726 2711 1768 et

531 1780 714 1831 iuditii.
759 1784 886 1831 Tum
910 1782 1145 1843 famosam
1168 1785 1310 1835 Cort.
1335 1786 1499 1834 Periz.
1529 1786 1750 1834 Harlem.
1771 1801 1884 1835 cum
1911 1785 2045 1836 Edd.
2070 1786 2216 1834 Rom.
2239 1785 2373 1834 Ven.
2398 1784 2546 1834 Cald.
2579 1784 2710 1833 Bon.

534 1845 587 1893 in
607 1846 791 1910 quibus
816 1849 970 1898 etiam
994 1851 1183 1912 legitur
1200 1864 1259 1899 ne
1278 1849 1436 1913 refug.
1460 1851 1587 1900 Cod.
1608 1852 1725 1901 Urs.
1741 1850 2027 1914 perfugium.
2077 1851 2319 1900 Ceterum
2341 1849 2529 1897 subibat
2551 1849 2707 1897 vind.

534 1913 680 1960 2.-6
708 1912 856 1968 Quem
877 1928 943 1964 ex
967 1914 1120 1965 duob.
1138 1916 1268 1965 Mss.
1290 1917 1477 1980 probat
1497 1918 1650 1966 Torr.
1670 1925 1729 1968 nt
1746 1924 1827 1967 est
1847 1918 1900 1966 in
1925 1916 2057 1966 Edd.
2077 1917 2243 1980 Lugd.
2263 1914 2412 1965 Junt.
2437 1915 2560 1963 Bas.
2582 1920 2714 1977 post.

1517 2059 1733 2113 NOTAE

536 2172 697 2236 magis
718 2173 853 2238 quod
874 2172 927 2223 in
949 2176 1113 2225 veteri
1145 2176 1322 2226 codice
1357 2190 1456 2227 non
1476 2178 1585 2241 legi

536 2246 772 2298 affirmet.

601 2324 618 2358 ¹
646 2325 828 2389 Legum
843 2328 1025 2391 Μαι]
1060 2330 1252 2382 Quales
1276 2339 1426 2382 erant
1455 2332 1585 2382 rele-

1658 2178 1808 2242 plura
1830 2190 1885 2228 et
1906 2176 2251 2241 jureconsulti
2278 2176 2392 2240 lege
2426 2189 2508 2225 lv.
2543 2176 2571 2238 ς
2597 2178 2643 2224 1.
2662 2170 2715 2221 ff.

1659 2256 1744 2304 De
1764 2256 1842 2304 his
1863 2256 1948 2320 qui
1971 2260 2216 2304 notantur
2235 2252 2458 2308 infamia,
2476 2256 2574 2302 διο.

1721 2340 1746 2365 ⁰
1776 2330 2204 2394 Senatusconsulto]
2238 2331 2354 2382 Quo
2376 2336 2584 2378 cantum
2609 2335 2712 2389 est,

538 2403 693 2469 gatio,
733 2405 814 2453 vel
852 2406 1166 2470 deportatio,
1205 2407 1271 2457 de
1309 2409 1491 2474 quibus
1532 2410 1587 2459 in

537 2479 772 2544 Augusto
794 2497 910 2546 cap.
931 2489 979 2534 5.
1041 2484 1138 2533 His
1163 2486 1325 2548 poenis
1348 2488 1586 2537 mulieres

535 2555 773 2615 infames,
798 2566 1043 2625 tanquam
1067 2576 1284 2612 censura
1318 2564 1587 2627 legumin-

537 2634 735 2700 dignas,
756 2652 858 2688 non
893 2641 1205 2692 astrinxerat
1231 2643 1312 2691 lex
1350 2643 1487 2694 Julia
1522 2642 1587 2693 de

538 2711 822 2764 adulteriis.
926 2717 1264 2782 Quapropter
1338 2725 1588 2770 matronae

537 2793 775 2856 quaedam
798 2794 1073 2859 impudicae
1108 2799 1414 2848 lenocinium
1436 2813 1590 2862 spon·

537 2874 589 2918 te
609 2869 982 2932 profitebantur
1017 2875 1154 2938 apud
1187 2874 1414 2925 AEdiles:
1451 2875 1589 2940 qnod

536 2945 649 2997 fieri
690 2950 982 3014 oportebat,
1015 2959 1074 3001 ut
1107 2950 1320 3002 infames
1343 2952 1494 3003 factae
1530 2953 1588 3002 li-

535 3024 697 3074 bidini
739 3041 844 3076 suae
889 3035 1000 3078 tuto
1041 3036 1249 3093 possent
1300 3029 1588 3094 indulgere.

536 3105 748 3154 Tacitus
773 3121 834 3156 ιι.
853 3107 1033 3158 Annal.
1067 3112 1081 3138 ‘
1103 3109 1312 3159 Vistilia
1334 3108 1586 3158 licentiam

537 3181 701 3244 stupri
722 3182 857 3243 apud
881 3183 1070 3232 AEdiles
1103 3185 1424 3248 vulgaverat,
1448 3200 1588 3234 more

536 3259 673 3308 inter
696 3259 914 3308 Veteres
947 3268 1181 3322 recepto,
1202 3261 1290 3325 qui
1324 3261 1446 3310 satis
1481 3277 1589 3324 poe·

538 3350 717 3385 narum
763 3335 1008 3386 adversus
1052 3337 1335 3401 impudicas
1383 3339 1434 3387 in
1477 3340 1589 3404 ipsa

537 3413 854 3480 professione
873 3414 1058 3480 flagitii
1080 3415 1401 3466 credebant!

601 3497 636 3524 ¹¹¹
665 3493 787 3541 Jure
809 3508 864 3542 ac
885 3492 1122 3555 dignitate
1141 3494 1415 3557 matronali]
1468 3492 1587 3544 Hoc

536 3570 689 3619 situm
727 3576 841 3619 erat
875 3571 926 3618 in
955 3571 1260 3641 peragendis
1282 3572 1586 3636 quibusdam

535 3647 818 3709 sacrificiis,
849 3655 905 3698 et
942 3648 993 3697 in
1031 3664 1126 3698 usu
1158 3650 1321 3712 stolae,
1342 3664 1442 3714 qua
1481 3665 1587 3698 ma-

537 3730 701 3776 tronae
732 3725 1099 3788 induebantur,
1123 3725 1186 3776 ad
1214 3726 1585 3791 impudicarum

537 3803 884 3853 differentiam
924 3809 1067 3867 toga,
1103 3817 1267 3868 eaque
1306 3804 1587 3868 succincta,

535 3882 811 3946 utentium,
832 3881 966 3933 stola
988 3881 1180 3946 qnippe
1203 3880 1266 3930 ad
1283 3881 1439 3945 pedes
1465 3881 1589 3931 imos

536 3959 923 4010 demittebatur.
976 3944 985 3959 .

598 4043 622 4068 ¹¹
642 4036 967 4099 Lenooinium]
995 4035 1323 4085 Lenocinium
1344 4036 1388 4085 is
1410 4033 1587 4084 facere

444 4132 460 4141 ι
534 4109 748 4172 dicitur,
785 4115 870 4178 qui
907 4114 1100 4164 liberos
1138 4115 1219 4162 vel
1260 4127 1434 4162 servos
1469 4127 1587 4176 pro·

533 4186 743 4234 stitutos
776 4187 952 4238 habet.
1016 4190 1215 4239 Seneca
1256 4190 1341 4238 lib.
1378 4204 1478 4240 vn.
1519 4188 1585 4238 de

535 4261 811 4310 Beneficiis
846 4278 960 4327 cap.
997 4269 1046 4314 4.
1085 4267 1189 4327 ‘Is,
1217 4266 1404 4330 inquis,
1437 4266 1584 4329 cujus

536 4337 830 4400 prostitutae
866 4346 1001 4402 sunt,
1038 4342 1151 4390 leno
1191 4343 1302 4391 est.’
1369 4345 1448 4392 De
1486 4356 1586 4406 quo

1659 2424 1724 2459 ne
1765 2410 2030 2475 Equestris
2082 2415 2171 2458 aut
2215 2408 2471 2457 Senatorii
2516 2404 2716 2455 ordinis

1660 2487 1754 2536 viri
1778 2486 2156 2536 descenderent
2189 2486 2240 2534 in
2271 2499 2497 2547 arenam,
2521 2483 2587 2532 de
2612 2497 2713 2547 qno

1660 2564 2017 2613 verosimiliter
2071 2578 2228 2626 supra
2284 2561 2417 2624 Aug.
2472 2575 2590 2623 cap.
2632 2563 2712 2608 43.

1663 2641 1779 2691 Hoc
1802 2648 1943 2690 certe
1956 2653 2244 2704 quanquam
2260 2636 2713 2687 senatusconsulto

1663 2718 1974 2783 prohibitum
2018 2725 2137 2766 ante
2181 2730 2281 2764 non
2326 2720 2480 2776 esset,
2521 2712 2713 2761 infame

1664 2801 1834 2843 tamen
1857 2800 1991 2856 erat,
2011 2799 2068 2842 ut
2088 2806 2154 2842 ex
2180 2792 2268 2841 lib.
2293 2804 2331 2840 ι.
2352 2806 2465 2854 cap.
2488 2794 2570 2840 39.
2596 2804 2714 2840 con·

1663 2878 1786 2922 stat.
2044 2921 2047 2923 Α

1729 2954 1756 2988 Ρ
1797 2948 1892 2995 Eos
1913 2960 2077 3008 easque
2097 2942 2273 3006 omnes]
2321 2943 2561 2991 Meminit
2594 2955 2715 3006 qno-

1664 3040 1765 3088 que
1790 3027 1901 3087 eJus
1926 3024 1999 3071 rei
2016 3021 2223 3070 Tacitus
2248 3018 2433 3069 Annal.
2458 3031 2521 3068 11.
2548 3018 2637 3067 nbi
2651 3017 2715 3066 de

1664 3103 1869 3151 Vistilia
1891 3101 2134 3166 loquitur.

1726 3188 1749 3221 ⁴³
1796 3179 1972 3228 Latum
2010 3176 2210 3240 clavum]
2263 3176 2434 3238 Supra
2479 3175 2530 3223 in
2576 3173 2715 3225 Julio

1664 3273 1780 3319 cap.
1799 3261 1881 3306 45.
1908 3265 1961 3306 et
1986 3257 2118 3319 Aug.
2143 3269 2193 3305 c.
2214 3257 2293 3303 38.
2318 3259 2371 3301 et
2392 3254 2473 3300 94.
2496 3252 2593 3302 &c-

1728 3340 1747 3366 ¹
1779 3333 1878 3384 Sub
1894 3333 2138 3381 Kalendas
2156 3329 2340 3392 Julius]
2377 3328 2494 3379 Quo
2518 3327 2604 3375 die
2629 3325 2717 3374 do·

1664 3410 1906 3460 micilium
1941 3416 2139 3457 mutare
2171 3406 2324 3479 moris
2364 3409 2478 3454 erat
2512 3404 2595 3466 iis,
2630 3402 2716 3466 qui

1664 3488 1715 3537 in
1751 3486 2008 3537 conducto
2031 3484 2347 3544 habitabant,
2375 3488 2432 3530 nt
2455 3481 2713 3530 Martialis

1664 3563 1860 3614 indicat
1876 3562 2059 3612 acerbo
2077 3561 2162 3609 illo
2178 3561 2563 3622 Epigrammata
2581 3559 2714 3622 quod

1663 3647 1743 3690 est
1774 3642 1855 3689 32.
1890 3639 2005 3687 libri
2030 3649 2133 3686 xn.
2178 3635 2193 3662 ‘
2211 3635 2258 3684 Ο
2281 3633 2533 3684 Juliarum
2559 3632 2714 3681 dede-

1663 3733 1754 3769 cus
1785 3714 2158 3774 Kalendarum,
2174 3710 2315 3772 Vidi,
2340 3710 2591 3767 Vacerra,
2615 3724 2719 3758 sar·

1662 3795 1802 3845 cinas
1838 3801 1966 3848 tuas,
2002 3788 2143 3852 vidi,'
2176 3791 2271 3838 ἃς.
2339 3787 2511 3848 Igitur
2541 3800 2715 3836 sensus

1662 3872 2071 3935 est,Senatorem
2098 3868 2238 3916 illum
2264 3864 2327 3913 ad
2353 3863 2715 3914 KalendasJu·

1661 3951 1752 3999 lias
1778 3949 1941 3998 aedem
1982 3961 2082 3995 non
2112 3942 2438 4004 conduxisse,
2460 3949 2538 4004 ut,
2575 3946 2716 3990 sueto

1663 4028 1972 4077 locationum
1999 4031 2230 4087 tempore
2259 4027 2542 4077 transacto,
2568 4020 2711 4068 vilius

1661 4113 1863 4169 postea,
1901 4103 2007 4151 sive
2051 4101 2114 4150 ab
2156 4098 2336 4148 eodem
2372 4097 2481 4147 sive
2520 4098 2585 4147 ab
2620 4096 2711 4145 alio

1659 4183 1912 4240 locumve,
1934 4178 2270 4236 conduceret,
2302 4189 2416 4224 cum
2430 4174 2540 4238 Jam
2572 4188 2626 4224 se
2645 4173 2710 4221 lo·

1668 4266 1867 4309 caturos
1890 4256 2025 4305 ultra
2048 4268 2150 4304 non
2173 4259 2461 4316 sperarent.
