3019 4922
1251 448 1636 498 'rrsnssrus
1995 425 1998 428 “
2400 435 2530 499 507

338 613 469 657 non
500 601 637 658 tam
669 594 892 677 ipsum
918 602 1023 658 a¹⁰
1053 592 1299 676 Sejano
1332 573 1645 658 concitari
1676 593 1972 669 solitum,
1990 612 2191 678 quam
2214 593 2530 679 Sejanum

340 697 660 779 quaerenti
708 698 1137 760 occasiones¹
1188 698 1758 761 subministrasse.
1853 697 1997 761 Etsi
2029 679 2529 778 commentario,

338 797 568 883 quemi
595 800 676 864 de
703 801 846 864 vita
869 819 994 864 sua
1022 802 1403 865 summatim
1433 802 1853 883 breviterque
1886 802 2292 883 composuit,
2324 820 2529 866 ausus

339 909 444 967 est
486 905 800 981 scribere,
843 910 863 938 ‘
890 905 1209 988 SeJanum
1256 924 1329 968 se
1372 907 1675 988 punisse,
1705 903 1885 987 quod
1929 906 2387 987 comperisset,
2431 907 2530 970 fu·
2601 915 2606 918 '

338 1013 524 1069 rere²
568 1006 897 1072 adversus
940 1009 1188 1072 liberos
1233 1008 1621 1074 Germanici
1667 1009 1788 1073 filii
1832 1007 1935 1072 sui
1963 1004 2001 1073 :’
2055 1028 2335 1090 quorum
2381 1010 2529 1093 ipse

340 1110 650 1187 alterum,
686 1119 1035 1194 suspecso³
1081 1111 1248 1195 jam,
1281 1112 1580 1189 alterum,
1615 1128 1943 1195 oppresso
1972 1111 2237 1175 demum
2268 1111 2529 1195 SejanO,

332 1213 684 1276 interemit.
730 1214 1135 1295 Singillatim
1168 1214 1516 1279 crudeliter
1541 1214 1723 1279 facta
1763 1213 1912 1298 ejus
1953 1215 2217 1297 exequi,
2261 1215 2529 1296 longum

334 1321 529 1379 est=4
587 1335 842 1396 genera,
895 1318 1082 1381 velut
1140 1318 1574 1400 exemplaria,
1627 1319 1910 1385 saevitiae
1965 1337 2374 1394 enumerare,
2426 1323 2532 1381 sat

335 1420 480 1482 erit.
570 1418 817 1482 Nullus
849 1439 892 1483 a
919 1439 1123 1502 poena
1165 1421 1554 1485 hominum⁵
1590 1422 1884 1486 cessavit
1928 1420 2098 1498 dies,
2141 1439 2223 1484 ne
2266 1420 2530 1502 religio-

336 1542 454 1585 sus
474 1519 499 1556 ¹¹
530 1522 797 1605 quidem
829 1543 909 1606 ac
941 1541 1155 1587 sacer.
1232 1522 1783 1589 Animadversum
1816 1525 1883 1587 in
1913 1523 2237 1607 quosdam
2266 1524 2530 1587 ineunte

337 1621 541 1688 anno¹
575 1646 750 1691 novo
772 1625 835 1692 :⁶
868 1628 1170 1692 accusati
1192 1635 1218 1676 ⁷
1251 1627 1675 1711 damnatique
1699 1628 1884 1692 multi
1907 1647 2058 1691 cum
2079 1627 2303 1691 liberis
2329 1632 2554 1709 atque)

1246 1827 1272 1847 O
1278 1827 1608 1849 OINOOO‘NO

334 1963 434 2010 διο.
452 1960 720 2020 familiaris
740 1958 893 2009 Vind.
913 1964 964 2009 2.
985 1965 1124 2024 atque
1143 1966 1274 2010 votos
1290 1959 1445 2009 Vind.
1469 1963 1650 2009 1.-10
1684 1959 1759 2009 Ab
1780 1959 1880 2023 Sej.
1903 1958 2115 2007 edidere
2139 1956 2276 2006 Ond.
2302 1965 2355 2006 et
2373 1955 2533 2009 wolf.

333 2025 435 2075 fide
461 2027 675 2075 Merum.
699 2026 893 2075 Medic.
914 2025 1070 2075 Vind.
1092 2030 1140 2074 1.
1163 2026 1279 2089 Cuj.
1302 2026 1452 2073 Voss.
1487 2026 1676 2089 quibus
1707 2026 1850 2073 Dun.
1871 2024 2091 2073 accedit.
2126 2025 2227 2087 ipso
2250 2038 2280 2071 α
2303 2023 2404 2083 Sej.
2425 2023 2528 2073 Po·

332 2092 409 2140 lit.
479 2092 611 2141 Dein
634 2106 711 2154 qu.
734 2090 905 2153 Sejano
929 2091 1123 2139 Medic.
1149 2095 1196 2139 1.
1220 2095 1266 2139 3.
1301 2090 1460 2139 Polit.
1499 2106 1627 2139 unus
1666 2090 1817 2139 Torr.
1851 2105 1966 2138 cum
2008 2089 2143 2138 Edd.
2178 2087 2299 2136 Bas.
2325 2089 2529 2151 Gryph.

335 2156 445 2205 Col.
471 2157 791 2220 aliisque.—l
823 2157 1125 2205 Occasionem
1146 2156 1299 2206 Vind.
1320 2159 1370 2204 2.
1422 2157 1485 2204 Et
1509 2156 1579 2205 sic
1601 2156 1795 2205 Medic.
1819 2160 1868 2204 3.
1893 2168 2050 2217 marg.
2069 2155 2166 2203 Ed·
2190 2153 2336 2204 Med.
2403 2154 2531 2203 Mox

330 2224 454 2283 quod
477 2221 528 2270 in
551 2230 659 2284 opt.
681 2222 826 2271 Torr.
853 2222 984 2271 Cod.
1008 2229 1064 2270 et
1086 2220 1334 2271 Vosne-2
1374 2221 1549 2270 Furem
1587 2222 1760 2269 Periz.
1799 2220 2029 2269 narrem.
2062 2219 2198 2268 Edd.
2223 2219 2365 2268 Rom.
2386 2219 2529 2269 Med.

332 2287 637 2336 Cald.Ven.
660 2287 792 2349 quod
818 2302 881 2333 ex
918 2286 1188 2348 compend.
1225 2288 1496 2349 scripturae
1540 2294 1715 2336 uatum
1758 2293 1909 2348 putat
1939 2285 2118 2335 Burm.
2156 2299 2248 2349 pro
2272 2283 2532 2344 furentem.

334 2352 581 2400 Proxime
619 2352 784 2400 Germ.
827 2352 910 2399 lib.
948 2352 1143 2401 habent
1182 2351 1349 2400 Codd.
1383 2351 1611 2400 nonnulli
1648 2360 1701 2401 et
1739 2351 1874 2401 Edd.
1898 2352 2045 2400 Vett.
2069 2351 2137 2399 Ο.
2169 2365 2282 2399 cnm
2308 2357 2533 2400 recentt.

333 2418 613 2482 plerisque,
646 2414 779 2465 unde
802 2417 946 2466 Torr.
967 2417 1169 2468 censuit
1196 2416 1438 2483 vocesfil.
1458 2418 1534 2467 sui
1571 2432 1599 2467 e
1634 2419 1801 2480 glossa
1838 2430 1950 2467 esse
1990 2415 2243 2479 adjectas,
2276 2416 2532 2478 probante

334 2482 476 2532 ond.
543 2482 602 2531 In
627 2482 784 2532 Vind.
811 2487 856 2531 1.
883 2483 1106 2542 Germ.f.
1132 2498 1171 2531 s.
1194 2483 1369 2532 lien—3
1405 2484 1572 2532 Altero
1595 2497 1719 2546 susp.
1748 2483 1891 2530 Cort.
1958 2483 2163 2530 Desunt
2185 2480 2271 2528 ina
2292 2482 2379 2529 ult.
2401 2495 2529 2543 susp.

318 2547 428 2607 jam
451 2548 600 2597 Huls.
663 2548 795 2596 Tum
822 2549 988 2596 deinde
1011 2548 1106 2609 δή.
1129 2549 1283 2596 Vind.
1310 2548 1445 2596 Edd.
1473 2549 1619 2597 Rom.
1685 2549 1791 2596 Pro
1829 2562 1961 2610 oppr.
2000 2547 2050 2595 in
2084 2545 2239 2594 Vind.
2264 2549 2311 2596 1.
2348 2560 2533 2608 «penso.

331 2613 469 2662 Edd.
507 2615 706 2677 aliquot
741 2619 796 2662 et
834 2613 1036 2676 Gryph.
1077 2612 1373 2673 singulatim.
1407 2611 1490 2662 Cf.
1521 2611 1654 2674 Aug.
1695 2628 1740 2662 c.
1775 2616 1923 2661 9.—4
1961 2612 2144 2675 Uterq.
2177 2610 2347 2659 Pulm.
2372 2610 2531 2659 Vind.

335 2679 478 2727 Cort.
502 2679 668 2728 Periz.
696 2677 925 2726 Harlem.
949 2688 1001 2726 et
1043 2679 1175 2727 Edd.
1206 2679 1350 2727 Vett.
1388 2692 1551 2741 usque
1588 2679 1650 2726 ad
1687 2679 1809 2726 Bas.
1845 2683 1979 2726 esset.
2045 2677 2233 2726 Statim
2267 2691 2359 2738 pro
2397 2676 2532 2739 vulg.

329 2744 595 2803 generatim
617 2744 877 2805 recipiunt
900 2743 1041 2791 Oud.
1066 2745 1191 2792 Ern.
1229 2750 1284 2791 et
1321 2757 1463 2807 seqq.
1492 2757 1687 2804 genera,
1717 2758 1830 2806 quae
1871 2743 2026 2791 lectio
2051 2751 2128 2790 est
2151 2741 2366 2789 Memm.
2384 2742 2530 2791 Dun.

334 2816 388 2856 et
417 2809 542 2857 Mss.
564 2809 632 2857 Ο.
654 2808 834 2856 Burm.
854 2814 908 2855 et
933 2808 1068 2855 Ond.
1096 2823 1208 2856 cum
1235 2808 1368 2856 Edd.
1393 2808 1553 2856 Vetti
1577 2808 1813 2870 exceptis
1849 2807 1968 2854 Bas.
2000 2807 2201 2870 Gryplr.
2224 2807 2333 2855 Col.
2360 2806 2536 2855 Plant.

334 2873 464 2921 Mox
497 2879 773 2922 enumerata
812 2872 1041 2922 Harleru.
1083 2873 1246 2922 Periz-
1280 2872 1415 2921 Edd.
1441 2874 1575 2922 Ven.
1615 2872 1759 2921 Med.
1791 2870 1937 2922 Cald.
1974 2874 2064 2920 sed
2101 2876 2234 2920 erata
2255 2870 2372 2919 duae
2397 2871 2532 2920 Ven.

332 2939 546 2988 uttimae.
616 2938 680 2987 In
707 2937 856 2986 Huls.
878 2939 1111 2987 satis.—5
1134 2939 1308 2988 Graev.
1329 2945 1381 2985 et
1407 2937 1592 2988 Heius.
1616 2938 1941 2999 corrigebant
1968 2938 2169 2985 omnino.
2233 2935 2368 2984 Dein
2385 2936 2533 2985 sacris

331 3003 614 3067 Camp.—6
646 3003 823 3052 Burm.
849 3010 997 3064 putat
1027 3018 1145 3052 novo
1186 3020 1215 3051 a
1250 3003 1533 3067 glossatore
1558 3003 1858 3066 ascriptum,
1892 3011 1944 3051 et
1970 3018 2030 3050 ea
2052 3017 2175 3051 voce
2198 3007 2378 3050 carent
2396 3001 2534 3052 Ven.

335 3072 381 3117 1.
409 3068 575 3131 Lugd.
599 3067 744 3120 Junt.
773 3067 894 3116 Ald.
916 3069 1096 3131 Steplr.
1133 3069 1224 3117 sed
1261 3076 1543 3131 agnoscunt
1581 3068 1711 3117 Mss.
1737 3068 1806 3118 Ο.
1875 3067 1938 3117 In
1966 3067 2119 3116 Vind.
2143 3071 2189 3117 1.
2212 3071 2395 3116 meante
2415 3082 2461 3114 a.
2481 3081 2533 3115 n.

333 3131 432 3182 Ed.
458 3135 579 3183 Bas.
606 3147 685 3196 pr.
709 3137 942 3182 πωπω-7
966 3134 1222 3183 Accusanti
1247 3134 1386 3183 Dnn.
1421 3149 1520 3182 acc.
1542 3134 1733 3197 quidam
1756 3133 1912 3183 Polit.
1933 3140 1987 3183 et
2010 3133 2057 3182 d.
2082 3132 2219 3182 multi
2240 3137 2352 3181 sunt
2379 3130 2533 3180 Vind.

331 3201 380 3246 2.
446 3199 507 3247 In
531 3198 690 3247 Vind.
715 3202 762 3247 1.
782 3200 943 3247 solnm
966 3198 1184 3248 habetur
1205 3199 1375 3257 multi,-
1406 3206 1547 3262 atque
1568 3200 1711 3248 etiam
1728 3215 1745 3247 .·
1784 3199 1937 3249 deest
1957 3198 2075 3262 Cuj.
2097 3213 2219 3247 cum.
2285 3197 2413 3245 Mox
2444 3196 2536 3245 dat

335 3263 551 3312 Memm.
574 3264 719 3312 etiam
740 3278 770 3311 α
790 3264 953 3312 liberis
973 3264 1090 3324 suis,
1122 3272 1177 3313 et
1215 3266 1265 3313 in
1295 3265 1414 3313 trib.
1442 3266 1637 3313 Medic.
1661 3265 1806 3313 Dun.
1828 3264 2061 3313 Har-lem.
2085 3265 2217 3325 Cop.
2240 3262 2393 3311 Huls.
2416 3261 2536 3324 an.

333 3328 467 3378 Edd.
487 3330 668 3393 Camp.
693 3330 824 3377 Ven.
844 3333 891 3378 1.
922 3327 1084 3377 liberis
1107 3342 1200 3392 pro
1219 3329 1409 3378 uxorib-
1432 3330 1729 3390 exhibetur,
1763 3330 1854 3379 sed
1888 3329 2073 3379 libertis
2107 3330 2252 3378 Cort.
2277 3335 2335 3374 ut
2357 3327 2535 3390 conje-

1327 3490 1544 3542 NOTAE

397 3587 411 3622 ¹
443 3589 806 3648 Commentario,
828 3587 984 3652 quem]
1016 3588 1317 3637 Torrentius
1341 3588 1392 3636 in
1541 3587 1555 3622 ¹
1586 3588 1784 3638 Ineunte
1801 3588 1947 3652 anno]
1978 3587 2096 3640 Quo
2110 3592 2348 3649 tempore
2366 3583 2537 3635 verbis

333 3666 531 3729 optimo
551 3665 685 3715 libro
711 3665 988 3728 legitquod.
1051 3665 1392 3714 Tiberiicom-
1472 3665 1632 3715 etiam
1676 3662 1904 3727 profanis
1945 3662 2190 3712 abstineri
2232 3673 2343 3710 mos
2379 3669 2536 3710 esset.

332 3742 612 3792 menterios
648 3742 976 3792 Domitianus
1008 3740 1210 3792 assidue
1249 3742 1394 3791 lecti·
1477 3743 1698 3794 Sabinus
1739 3744 1833 3791 hoc
1864 3742 1950 3792 die
1984 3741 2159 3805 Sejani
2185 3738 2379 3789 fraude
2413 3753 2536 3789 cou-

329 3818 493 3869 tabat.
559 3819 687 3869 Suos
718 3819 998 3880 scripserat
1028 3826 1082 3868 et
1108 3818 1394 3884 Augustus,
1476 3821 1768 3875 demnatus,
1802 3818 1938 3883 apud
1975 3818 2216 3868 Tacitum
2240 3815 2431 3866 Annei.
2455 3828 2533 3867 nr.

334 3897 385 3946 in
411 3897 650 3962 Augusto
675 3910 788 3958 cap.
810 3901 891 3945 85.
1474 3897 1617 3949 Nihil
1641 3897 1789 3947 triste
1826 3896 2066 3959 privatim
2100 3901 2188 3943 ant
2217 3893 2423 3956 publice
2448 3907 2535 3956 ag·

394 3971 420 4007 *
454 3970 751 4035 Refigiosus]
786 3971 920 4021 Vide
943 3972 994 4020 in
1017 3971 1251 4036 Augusto
1273 3988 1390 4038 cap.
1472 3974 1842 4039 grediebantnr
1878 3973 1963 4020 illo
2002 3970 2103 4026 die,
2141 3978 2283 4018 metu
2320 3982 2536 4031 praeser-

332 4055 415 4102 5⁷.
452 4049 840 4101 solennioribus
863 4048 1112 4110 ejusmodi
1141 4049 1389 4101 festorum
1470 4051 1563 4101 tim
1587 4049 1781 4098 sinistri
1823 4047 2079 4110 praesagii.
2148 4046 2295 4094 Hinc'
2326 4045 2535 4095 Plutar-

335 4126 536 4184 diebus,
580 4127 766 4176 vinctis
808 4125 962 4174 etiam
1004 4124 1180 4176 demta
1212 4127 1265 4176 in
1299 4141 1388 4177 eos
1469 4127 1681 4186 chus‚in
1705 4125 1894 4185 Mario,
1918 4129 2063 4172 notat
2086 4122 2331 4170 malorum
2355 4122 2536 4172 Roma-

336 4204 448 4253 dies
474 4204 677 4253 vincula
698 4209 876 4252 narrat
907 4203 1081 4253 Livius
1116 4202 1204 4252 lib.
1228 4217 1278 4254 v.
1301 4204 1389 4253 de·
1472 4204 1550 4254 nis
1571 4200 1975 4267 impendentium
2009 4197 2166 4249 fuisse
2207 4200 2535 4263 praesagium,

337 4278 453 4328 cad.
492 4293 531 4327 1.
597 4277 806 4326 Videsis
851 4284 908 4327 et
943 4293 1097 4342 super
1131 4278 1226 4329 hac
1263 4294 1390 4332 voce
1474 4279 1609 4344 quod
1636 4278 1831 4327 Marius
1857 4276 1942 4326 illo
1966 4275 2049 4326 die
2074 4274 2326 4326 Licinium
2351 4289 2380 4325 e
2409 4289 2534 4325 saxo

329 4356 566 4407 'Gellium
590 4355 680 4406 lib.
706 4367 781 4405 tv.
803 4368 918 4420 cap.
939 4359 987 4406 9.
1472 4357 1767 4423 dejecisset.
