3019 4922
507 411 641 482 252

1365 432 1428 480 C.
1477 429 1834 482 SUE'I'ONH

513 573 728 652 sidue,
756 580 825 637 et
851 573 922 637 in
952 577 1252 638 noctem⁵
1284 592 1792 660 nonnunquamg
1837 576 1896 641 si
1943 596 2172 660 parum
2202 599 2480 663 corpore
2514 581 2696 646 vale-³

510 682 629 753 ret,
656 676 897 741 lectica
923 696 1046 761 pro
1077 677 1389 743 tribunali
1425 677 1817 757 collocata,⁶
1847 680 1951 743 vel
1981 681 2186 745 etiam
2211 681 2394 746 domi
2416 684 2691 748 cubans.
2794 678 2800 682 ’

515 777 713 841 Dixit
755 785 975 843 autem
1010 777 1125 861 jus
1166 798 1296 843 non
1344 779 1688 862 diligentia
1727 782 1928 846 modo
1960 802 2247 864 summa,
2278 786 2398 848 sed
2425 794 2496 850 et
2526 786 2695 850 leni-

514 884 693 946 tate:
747 879 1077 964 siquidem
1120 882 1495 960 manifesti,⁷
1551 882 1894 967 parricidii
1938 904 2143 962 reum,
2186 906 2266 952 ne
2309 888 2505 952 culeo
2530 896 2555 923 ⁷·
2598 889 2700 952 in-

1435 1065 1779 1104 o'eoemaeoee

513 1206 759 1285 Reuss-5
788 1209 848 1258 Iu
871 1216 1003 1260 nocte
1019 1212 1247 1262 Harlem.
1271 1212 1439 1264 Periz.
1464 1215 1608 1264 Cort.
1627 1213 1765 1267 Edd.
1784 1213 1967 1280 Cainp.
1981 1216 2113 1266 Ven.
2131 1223 2195 1266 tr.
2217 1218 2340 1266 Bam
2364 1214 2530 1279 Lugd.
2548 1216 2696 1267 Junt.

514 1270 635 1323 Ald.
659 1281 944 1349 innocentem
966 1278 1095 1326 Exc.
1118 1278 1332 1341 Cuj.-—-6
1364 1280 1544 1331 Locata
1577 1281 1750 1330 Periz.
1789 1297 1821 1331 a
1843 1297 1908 1330 m.
1947 1296 2026 1345 pr.
2063 1284 2233 1332 collata
2262 1282 2496 1332 Harlem.
2563 1282 2696 1334 Mox

512 1340 597 1412 sed
616 1346 758 1388 ettam
781 1341 1035 1390 Fouce—'I
1070 1342 1327 1402 Manifesta
1351 1344 1563 1394 Merum.
1586 1346 1887 1406 manifestum
1910 1346 2105 1397 Medic.
2130 1350 2177 1398 3.
2201 1347 2424 1409 Guelph.
2441 1351 2490 1397 1.
2508 1351 2564 1395 et
2592 1346 2695 1395 Po·

510 1403 588 1453 lit.
611 1404 744 1470 quod
771 1405 962 1456 rectius
983 1414 1133 1471 putat
1147 1407 1302 1458 Wolf.
1353 1410 1596 1460 Ceterum
1618 1411 1670 1461 in
1691 1413 1859 1462 eculleo
1880 1410 2007 1462 dant
2024 1411 2219 1464 Medic.
2238 1416 2289 1461 2.
2312 1416 2360 1461 3.
2379 1413 2523 1463 culleo
2544 1411 2697 1460 Voss.

1500 1624 1711 1676 NOTAE

512 1745 632 1798 Hoc
655 1753 754 1813 est,
779 1749 867 1800 vix
899 1749 1134 1814 permisit
1163 1757 1221 1802 ut
1257 1767 1431 1803 mense
1456 1755 1563 1805 No-

511 1824 708 1896 yembri
762 1835 816 1875 et
861 1827 1143 1878 Decembri
1196 1830 1563 1880 omitterentur

512 1905 723 1967 negotia
745 1912 800 1955 et
821 1905 958 1971 lites,
998 1922 1114 1971 quae
1145 1907 1257 1957 aliis
1281 1908 1399 1956 anui
1420 1923 1564 1958 men-

512 1980 653 2029 sibus
677 1982 760 2045 agi
785 1983 1034 2044 solebant,
1068 1984 1084 2011 ‘
1102 1999 1204 2049 quo
1236 1999 1388 2033 sensu
1427 1984 1563 2035 dixit

512 2067 682 2105 rerum
697 2058 877 2115 actus,’
890 2060 991 2121 vel,
1005 2059 1284 2109 secundum
1300 2061 1563 2111 Casaubo-

511 2145 652 2195 num,
691 2140 749 2182 ut
784 2135 1036 2198 negotiosi
1073 2137 1320 2186 mensium
1360 2138 1563 2187 illorum

511 2208 620 2258 dies
646 2212 768 2261 nulli
801 2222 990 2265 essent.
1055 2215 1335 2280 Duplicem
1370 2217 1452 2267 hic
1480 2232 1567 2266 va·

510 2284 769 2336 cationem
803 2289 1060 2353 assignare
1084 2292 1318 2353 videtui-3
1354 2293 1565 2343 alteram

509 2374 747 2425 annuam,
760 2380 863 2429 qua
878 2368 1164 2429 gauderent
1180 2370 1392 2433 singulas
1409 2370 1567 2420 decu-

510 2437 602 2487 riae
645 2440 966 2494 alternatim:
1002 2460 1062 2496 ac
1101 2446 1315 2512 proinde
1366 2448 1567 2498 nonnisi

511 2521 697 2579 quarto
736 2534 938 2586 quoque
972 2538 1139 2586 anuo;
1173 2533 1396 2589 quatuor
1427 2526 1567 2575 enim

510 2590 677 2658 erant,
702 2602 761 2644 ut
782 2604 931 2667 patet
953 2613 1019 2648 ex
1041 2599 1137 2650 hoc
1160 2601 1311 2651 loco:
1349 2602 1567 2653 alteram

508 2681 634 2717 vero
675 2669 988 2737 bimestrem,
1032 2691 1133 2741 qua
1178 2676 1464 2741 gauderent
1498 2678 1566 2728 si·

506 2745 614 2793 mul
635 2761 810 2798 omnes
831 2749 1058 2803 decuriae
1080 2766 1389 2818 unoquoque
1414 2769 1564 2806 auno.

506 2819 789 2874 Postrema
812 2829 1081 2878 vacatione
1104 2830 1229 2878 nibil
1256 2828 1419 2880 ferme
1443 2845 1566 2880 con·

508 2897 746 2964 cedebat,
772 2900 969 2953 duobus
993 2905 1128 2954 enim
1151 2907 1251 2955 illis
1285 2906 1566 2968 mensibus,

506 2970 793 3024 Novembri
837 2986 892 3026 et
936 2981 1233 3046 Decembri,
1272 2982 1566 3047 paucissimi

509 3048 622 3098 dies
654 3052 806 3102 rebus
842 3057 1056 3118 agendis
1096 3058 1310 3118 addicti,
1332 3060 1427 3109 sed
1459 3075 1565 3110 om·

504 3136 602 3174 nes
626 3125 790 3178 ferme
815 3129 1007 3197 feriati,
1032 3143 1090 3184 ut
1113 3142 1258 3199 patet
1284 3151 1349 3186 ex
1373 3137 1567 3188 Kalen·

511 3200 656 3251 dario
684 3206 869 3267 veteri,
893 3205 1143 3272 Asconio,
1175 3217 1232 3261 et
1265 3212 1393 3261 aliis.
1458 3214 1566 3262 De-

510 3277 722 3328 cember
748 3282 1012 3346 praecipue
1037 3285 1383 3349 voluptatibus
1405 3287 1572 3352 depu-

508 3360 683 3418 tatus3
734 3354 935 3410 Seneca
978 3362 1131 3427 epist.
1173 3368 1252 3416 18.
1303 3364 1319 3391 ‘
1345 3366 1570 3417 Decem-

506 3430 604 3481 ber
639 3433 828 3485 mensis
868 3441 965 3499 est,
992 3453 1108 3488 cum
1131 3440 1352 3491 maxime
1383 3442 1568 3493 civitas

508 3509 749 3565 desudat.
812 3513 910 3565 Jus
950 3515 1166 3565 luxuriae
1213 3517 1434 3581 publicae
1478 3519 1567 3568 da-

508 3593 620 3638 tum
677 3597 783 3640 estz
819 3590 1015 3654 ingenti
1069 3600 1328 3657 apparatu
1380 3605 1569 3647 sonant

502 3664 699 3727 omnia,
745 3672 986 3732 tauquam
1031 3670 1305 3735 quicquam
1359 3671 1568 3722 intersit

467 3748 473 3754 ·
504 3737 645 3789 inter
665 3742 964 3793 Saturnalia
987 3750 1041 3794 et
1075 3744 1185 3795 dies
1218 3761 1387 3796 rerum
1411 3762 1568 3811 agen-

503 3814 708 3867 darum.
778 3818 926 3869 Adeo
961 3828 1020 3869 ut
1063 3836 1261 3871 errasse
1305 3822 1424 3871 mihi
1463 3838 1568 3872 non

503 3891 766 3958 videatur,
787 3896 874 3958 qui
897 3894 1033 3944 dixit
1053 3896 1173 3945 olim
1198 3910 1429 3946 mensem
1459 3898 1569 3947 De-

505 3967 768 4040 cembrem
807 3970 984 4030 fuisse,
1028 3987 1165 4022 nunc
1210 3973 1433 4023 annum?
1497 3974 1569 4024 Et

501 4042 744 4118 ‘Martiah
785 4046 873 4096 lib.
905 4048 1112 4112 Apoph.
1137 4049 1290 4112 Epig.
1316 4053 1362 4098 1.
1397 4049 1413 4076 ‘
1435 4049 1567 4114 Syn-

510 4119 742 4191 thesibus
765 4120 886 4171 dum
910 4122 1105 4186 gaudet
1117 4138 1296 4187 eques,
1311 4125 1569 4175 domiuus-

511 4206 613 4256 que
648 4196 900 4258 Senatus,'
920 4200 1021 4246 ὅτε.
1084 4197 1231 4249 Infra
1267 4214 1384 4264 cap.
1406 4205 1489 4251 ⁷1.
1514 4206 1570 4251 et

514 4267 719 4316 Claudii
739 4283 855 4333 cap.
875 4276 921 4318 6.
942 4273 1040 4319 διο.
1063 4272 1199 4321 unde
1223 4283 1465 4327 constare
1497 4264 1568 4325 vi-

511 4340 669 4393 detur
697 4343 848 4407 longe
888 4343 1132 4409 abfuisse,
1156 4354 1214 4398 ut
1236 4348 1364 4415 dies,
1387 4367 1515 4417 quos
1537 4367 1568 4402 e

1643 1755 1844 1806 duobus
1896 1754 1995 1807 illis
2038 1756 2300 1806 mensibus
2346 1755 2697 1818 subtraxerat,

1643 1834 1964 1898 aequaveriut
2002 1838 2083 1885 30.
2120 1835 2231 1883 illos
2255 1848 2380 1898 quos
2414 1847 2585 1883 rerum
2609 1846 2697 1882 ac·

1642 1912 1721 1960 tui
1742 1912 1879 1976 prius
1903 1911 2036 1961 dixit
2058 1909 2486 1961 accommodatos.

1704 1995 1726 2029 5
1758 1989 1851 2037 dus
1886 1987 2038 2051 dixit]
2073 1988 2149 2035 Ut
2182 1994 2236 2035 et
2273 1985 2448 2036 Julius
2479 1998 2596 2047 cap.
2614 1987 2698 2032 43.

1644 2064 1779 2127 quod
1804 2070 1859 2114 et
1881 2063 1948 2112 de
1970 2063 2178 2112 Tiberio
2206 2063 2424 2112 Tacitus
2445 2061 2635 2110 Annal.
2660 2074 2699 2109 1.

1645 2147 1699 2187 et
1723 2138 1807 2187 alii
1834 2137 2155 2202 postmodum
2173 2138 2526 2202 imperatores,
2542 2136 2698 2188 etiam

1647 2214 2214 2277 Constantinopolitaui.
2686 2273 2692 2280 ᾗ

1709 2300 1730 2324 2
1767 2291 1934 2354 Culeo]
1968 2291 2273 2340 Torrentius
2308 2290 2361 2339 in
2396 2292 2591 2355 optimo
2615 2305 2701 2339 co·

1646 2368 1782 2433 dice,
1803 2376 1859 2419 et
1891 2367 2109 2418 Ursinus
2139 2367 2191 2416 iu
2213 2368 2497 2431 veteribus,
2519 2368 2703 2431 legunt

1644 2447 1807 2498 culleo.
1843 2445 1981 2496 Nota
2000 2446 2112 2494 haec
2136 2443 2503 2508 parricidarum
2528 2458 2702 2509 poena,

1645 2531 1704 2573 ut
1733 2524 1898 2586 culeo,
1926 2522 2035 2571 sive
2071 2521 2207 2587 quod
2250 2521 2385 2572 idem
2423 2527 2521 2577 est.
2557 2523 2703 2570 corio

1646 2600 1729 2649 vel
1768 2599 1911 2649 bovis
1951 2600 2032 2649 vel
2073 2598 2220 2662 asini,
2254 2613 2355 2648 una
2400 2612 2516 2647 cum
2564 2596 2701 2660 gallo

1647 2674 1949 2739 gallinaceo,
1996 2674 2189 2740 vipera,
2243 2681 2300 2723 et
2352 2674 2502 2723 simia
2541 2673 2704 2723 insuti

1647 2753 2027 2817 ‘projicerentur
2050 2752 2103 2801 iu
2142 2766 2302 2801 mare.
2369 2751 2522 2800 Unde
2541 2751 2705 2802 Juve-

1646 2829 1748 2878 nal.
1763 2829 1872 2879 Sat.
1892 2841 2011 2877 vm.
2026 2827 2090 2877 de
2113 2828 2352 2877 Nerone:
2381 2827 2397 2854 ‘
2412 2827 2569 2892 Cujus
2585 2842 2704 2890 sup·

1647 2906 1814 2970 plicio'
1843 2919 1942 2955 uon
1978 2905 2156 2955 debuit
2189 2919 2290 2954 una
2324 2904 2494 2969 parari
2526 2902 2704 2968 Simia,

1645 2996 1748 3030 non
1772 2995 1986 3044 serpens
2019 2996 2165 3037 uuus,
2189 2996 2288 3031 non
2321 2982 2501 3030 culeus
2535 2978 2704 3044 uuus,’

1645 3061 1745 3107 διο.
1820 3059 1892 3108 Et
1927 3057 2097 3108 verbis
2134 3072 2255 3106 vere
2294 3057 2580 3121 magnificis
2619 3058 2705 3107 Ci-

1647 3146 1769 3181 cero
1804 3131 1858 3181 in
1897 3138 2030 3181 orat.
2069 3145 2163 3195 pro
2208 3132 2398 3182 Roscio
2436 3129 2703 3183 Amerino.

1647 3209 1745 3256 Vel
1790 3209 1833 3258 si
1879 3221 2019 3257 mare
2063 3207 2352 3270 proximum
2397 3221 2498 3257 non
2543 3213 2705 3270 esset,

1649 3283 1833 3334 bestiis
1870 3283 2241 3348 objicerentur,
2265 3289 2322 3333 ut
2344 3283 2418 3333 ait
2448 3282 2706 3333 Modesti·

1650 3375 1766 3423 nus,
1812 3361 1847 3411 l.
1895 3364 1945 3410 9.
1985 3357 2043 3410 ff.
2079 3360 2145 3409 de
2188 3360 2302 3423 lege
2346 3360 2595 3424 Pompeia
2637 3360 2707 3413 de

1650 3436 1959 3500 parricidiis.
2058 3436 2413 3499 MaJoraggius
2473 3435 2565 3485 lib.
2621 3449 2701 3486 tv.

1648 3513 1939 3566 Miscellau.
1981 3524 2097 3575 cap.
2129 3515 2179 3563 8.
2218 3511 2350 3561 hanc
2384 3527 2415 3560 a
2450 3512 2706 3576 Pompeio

1646 3591 1845 3653 Magno
1879 3588 2106 3653 “primum
2157 3588 2491 3638 constitutam
2533 3588 2707 3652 legem

1648 3664 1931 3728 existimat,
1950 3664 2043 3715 sed
2069 3679 2358 3729 repugnare
2377 3664 2585 3714 videtur
2599 3666 2706 3713 Va·

1647 3743 1741 3799 ier.
1761 3743 1906 3792 Max.
1924 3742 2013 3792 lib.
2037 3755 2073 3790 ι.
2088 3757 2136 3792 c.
2153 3746 2200 3791 1.
2224 3742 2310 3791 ubi
2330 3740 2406 3789 M.
2430 3740 2708 3805 quemdam

1646 3820 1868 3871 Tullium
1892 3821 2043 3870 culeo
2072 3828 2248 3868 narrat
2279 3818 2525 3877 insutum,
2548 3834 2709 3883 prop·

1649 3902 1730 3945 ter
1753 3896 1996 3945 violatam
2020 3893 2340 3958 religionem,
2364 3900 2379 3924 ‘
2396 3893 2590 3960 idque,'
2613 3895 2708 3960 ait,

1650 3973 1666 4000 ‘
1689 3972 1932 4037 supplicii
1954 3986 2131 4035 genus.
2147 3985 2249 4021 nou
2268 3970 2431 4020 multo
2454 3977 2575 4034 post
2590 3985 2711 4034 par·

1649 4049 1825 4099 ricidis
1849 4049 1964 4114 lege
1992 4049 2276 4111 irrogatum
2300 4053 2383 4096 est
2403 4047 2711 4111 justissime,

1648 4125 1768 4191 quia
1792 4124 1903 4189 pari
1928 4124 2158 4174 vindicta
2180 4128 2451 4188 parentum
2476 4137 2538 4173 ac
2568 4123 2708 4177 Deo-

1648 4216 1761 4251 rum
1803 4201 2009 4250 violatio
2055 4198 2318 4263 expianda
2358 4197 2477 4248 est!
2543 4199 2705 4248 Certe

1645 4277 1930 4341 Pompeius
1966 4275 2191 4338 Magnus
2224 4274 2387 4324 multo
2425 4275 2545 4338 post
2580 4269 2706 4337 Tar?

1649 4354 1877 4418 quinium
1919 4366 2060 4403 suam
2098 4350 2217 4401 tulit
2253 4350 2440 4414 legem.
2506 4348 2703 4398 Contra
