3019 4922
513 370 643 436 283
1371 390 1433 437 c·
1481 389 1840 438 sueronn

515 536 832 615 querente
861 515 1175 610 Praetore,
1221 532 1291 596 in
1338 531 1557 599 atrio’t
1607 535 1842 599 domus
1888 555 2054 607 suae,
2100 537 2358 601 nemine
2399 539 2711 617 excluse,

512 633 798 715 flagellis
831 636 1220 701 verberarit:
1242 643 1273 684 4
1303 643 1375 700 et
1403 637 1704 722 Pyladen
1728 646 1750 684 ⁵
1773 646 1801 682 y
1842 637 2021 703 Urbe
2054 647 2260 723 atque
2295 641 2497 706 Italia
2528 662 2710 712 sum-

511 740 814 816 moverit,
858 739 1042 823 quod
1093 745 1562 824 spectatorem,
1608 762 1651 806 a
1695 762 1830 826 quo
1872 744 2401 824 exsibilabatur,²
2433 745 2713 811 demon-

515 845 797 905 strasset
852 842 1112 924 digitO,a
1169 844 1737 929 conspicuumque
1791 845 2083 911 fecisset.
2176 846 2341 929 [46.]
2371 847 2484 912 Ad
2530 847 2709 912 huno

509 943 779 1008 modum
840 943 1024 1008 Urbe
1079 946 1489 1031 urbanisque
1541 948 1741 1011 rebus
1794 947 2326 1029 administrati&
2388 945 2712 1014 Italiamb

1438 1140 1466 1159 0
1472 1141 1493 1158 Ο
1498 1140 1647 1160 ΟθΝΟ
1653 1141 1803 1161 ”OO‘

511 1267 695 1317 Loens.
719 1268 906 1332 Epiph.
932 1284 1007 1319 ιν.
1031 1276 1078 1321 9.
1114 1273 1242 1321 Mox
1262 1279 1497 1336 quoerente
1520 1274 1748 1323 nonnulli
1767 1274 1986 1325 Casani).
2008 1276 2160 1326 codd.
2181 1276 2311 1327 Edd.
2335 1278 2466 1325 ven.
2491 1283 2556 1325 tr.
2575 1277 2710 1326 Bon.

507 1331 674 1394 Lugd.
701 1332 832 1397 Arg.
869 1335 1136 1387 Parim—4
1179 1337 1452 1388 Verberavit
1476 1338 1642 1387 Periz.
1672 1338 1900 1390 Harlem.
1923 1340 2056 1390 Edd.
2080 1343 2212 1390 Ven.
2232 1342 2395 1405 Lugd.
2416 1342 2450 1394 J
2458 1351 2568 1391 unt.
2594 1357 2709 1390 cum

510 1395 666 1445 vind.
693 1405 932 1463 utroque.
966 1401 1283 1452 verberaverit
1306 1404 1454 1453 Rom.
1479 1404 1611 1452 Bon.
1642 1410 1695 1452 et
1730 1405 1879 1454 mult.
1902 1405 1968 1454 al.
1992 1407 2129 1455 inter
2152 1422 2277 1469 quas
2302 1407 2482 1455 Pitisc.
2515 1407 2710 1457 Seliild.
2793 1409 2794 1412 ’

507 1468 604 1511 -5
644 1462 890 1513 Philadem
909 1465 1068 1515 vind.
1092 1470 1140 1515 2.
1163 1468 1365 1532 Camp.⁴
1397 1469 1529 1518 Dein
1553 1474 1761 1531 exspect.
1786 1471 1997 1520 Memm.
2020 1478 2076 1521 et
2098 1472 2453 1521 exhilarabatur
2479 1472 2633 1522 Vind.
2659 1476 2704 1521 l.

1492 1609 1711 1682 Nor-ze

509 1753 665 1803 supra
698 1754 815 1804 cap.
849 1746 930 1792 31.
954 1748 1008 1792 et
1032 1748 1112 1793 29.
1180 1744 1337 1794 Ovid.
1358 1759 1446 1795 ιιι.
1481 1746 1567 1796 De

508 1816 639 1866 Arte
688 1817 944 1871 Amandi=
1010 1822 1025 1849 ‘
1050 1821 1219 1870 Visite
1273 1824 1568 1886 conspicuis

506 1901 658 1942 terna
689 1895 893 1944 theatra
916 1895 1082 1947 lot-ise
1149 1898 1445 1948 Histriones
1468 1899 1568 1949 hoc

1648 1748 2021 1810 explodebant.
2102 1749 2286 1800 Cicero
2323 1766 2463 1802 num.
2500 1756 2581 1802 30.
2616 1766 2710 1815 pro

1649 1822 1716 1873 Q.
1744 1823 1932 1872 Roscio
1956 1824 2225 1882 Comoedo,
2247 1824 2264 1852 ‘
2281 1826 2431 1878 Quod
2471 1827 2598 1876 item
2618 1842 2708 1876 un·

1648 1912 1745 1961 per
1779 1898 1831 1948 in
1870 1900 2029 1950 Erote
2064 1902 2296 1951 comoedo
2332 1905 2592 1962 usuvenit,
2623 1905 2709 1969 qni

506 1970 659 2019 modo
686 1972 854 2034 puniri
882 1988 975 2036 per
1000 1974 1223 2036 theatra,
1260 1976 1417 2039 prisci
1441 1992 1566 2041 quo·

504 2060 625 2107 que,
667 2054 776 2096 tum
822 2049 958 2111 apud
1017 2049 1233 2100 Latinos
1271 2058 1379 2100 tum
1426 2052 1564 2114 apud

508 2119 740 2177 Graecos.
763 2123 919 2172 moris
941 2122 1119 2187 fuisse,
1143 2133 1291 2176 notat
1303 2128 1566 2178 Casaubo-

505 2210 601 2246 nus
647 2211 712 2245 ex
752 2199 967 2248 Philone
1012 2209 1066 2250 et
1112 2202 1358 2254 Luciano.
1424 2204 1564 2254 Illud

504 2279 584 2319 est
603 2272 741 2336 quod
777 2274 1036 2338 θεατρίζειν
1051 2285 1107 2327 et
1128 2277 1567 2341 παραδενγματίζειν

505 2346 699 2397 dixere.

569 2428 600 2453 w
638 2423 1010 2494 Pantomimum]
1046 2429 1126 2479 De
1158 2430 1327 2481 mimis
1350 2430 1401 2481 in
1421 2432 1564 2485 Julio

506 2512 621 2562 cap.
645 2503 725 2550 39.
749 2503 927 2552 horum
969 2507 1172 2570 species
1207 2508 1297 2558 isti
1319 2512 1561 2575 suut‚qui

505 2578 803 2638 quorumvis
840 2581 1069 2632 actiones
1102 2584 1469 2637 imitarentur:
1504 2594 1563 2638 et

499 2650 639 2702 infra
662 2669 763 2704 non
786 2658 965 2709 semel.

565 2737 591 2762 ¹
624 2730 796 2796 Atrio]
832 2733 971 2785 Quid
994 2736 1092 2786 hoc
1122 2736 1190 2786 sit
1220 2738 1332 2801 jam
1364 2739 1560 2790 dictum

500 2812 598 2855 est.
667 2807 785 2858 Huc
825 2824 939 2860 cum
980 2811 1119 2876 Hyla
1156 2814 1257 2865 iste
1295 2816 1394 2865 sibi
1439 2832 1563 2867 con-

500 2886 658 2949 scius,
673 2893 915 2952 tanquam
937 2890 987 2937 in
1000 2892 1215 2955 asylum,
1228 2893 1565 2958 confugisset,

500 2970 668 3010 motus
706 2970 875 3013 tamen
920 2969 1134 3030 querela
1174 2971 1435 3034 praetoris‚
1459 2972 1566 3022 Au·

498 3049 675 3100 gustus
700 3040 1024 3105 caedijussit.

562 3121 585 3154 5
624 3115 857 3180 Pyladen]
894 3118 1093 3168 Seneca
1142 3122 1448 3184 proefatione
1488 3127 1560 3178 in.

499 3202 587 3239 ιιι.
627 3190 921 3241 Declamat.
957 3195 1050 3246 lib.
1088 3197 1342 3261 ‘Pylades
1386 3201 1436 3250 in
1472 3218 1560 3252 co·

496 3264 706 3322 moedia,
742 3267 1016 3332 Bathyllus
1052 3272 1102 3321 in
1143 3276 1397 3338 tragoedia
1429 3281 1560 3328 mul-

497 3348 609 3390 tum
634 3356 665 3390 a
687 3358 742 3392 se
768 3345 1146 3415 aberant,'5&c.
1212 3352 1413 3403 Seneca
1436 3356 1558 3405 Phi·

494 3417 737 3482 losophus
776 3421 866 3470 lib.
899 3423 1226 3478 Naturalium
1265 3430 1557 3482 Quaestion.

498 3508 605 3546 vu.
638 3510 754 3560 cap.
780 3500 861 3548 32.
899 3499 915 3526 ‘
943 3499 1014 3550 At
1047 3512 1245 3566 quanta
1266 3520 1393 3555 cura
1416 3508 1557 3558 iabo-

496 3580 659 3631 ratur‚
685 3586 749 3621 ne
772 3575 921 3638 cujus
947 3581 1248 3639 pantomimi
1272 3597 1458 3633 nomen
1482 3586 1559 3634 in-

495 3648 756 3698 tercidat!
791 3659 896 3702 stat
924 3667 1014 3715 per
1050 3670 1376 3709 successores
1403 3662 1556 3726 Pyla·

493 3722 574 3772 dis
616 3733 671 3774 et
713 3726 944 3792 Bathylli
979 3730 1314 3794 domus,'&c.
1351 3751 1406 3785 re
1432 3753 1555 3788 vera

493 3797 658 3862 Hylas
697 3813 1075 3866 praeceptorem
1128 3807 1181 3857 in
1228 3810 1554 3863 Histrionica

492 3874 744 3928 habuerat
776 3880 1051 3943 Pyladem,
1093 3893 1152 3934 ut
1186 3899 1251 3935 ex
1292 3888 1554 3940 Macrobii

494 3951 587 4005 lib.
614 3967 675 4002 ιι.
700 3969 749 4004 c.
772 3959 819 4005 7.
843 3966 1067 4009 constat.

556 4034 576 4057 ²
622 4030 1027 4100 *Exsibilabaturj
1095 4036 1551 4092 'Quemadmodum

493 4110 823 4166 spectatores
848 4107 992 4158 bonis
1028 4118 1084 4161 et
1123 4113 1184 4162 iis
1208 4116 1294 4179 qui
1318 4117 1415 4166 sibi
1440 4119 1549 4182 pla-

405 4198 415 4212 *
493 4177 683 4227 cebant
731 4182 988 4233 actoribus
1024 4189 1434 4256 applaudebant,
1470 4197 1548 4246 ita

494 4260 550 4301 et
573 4252 753 4316 malm,
774 4257 855 4304 vel
873 4258 970 4307 sibi
992 4262 1154 4313 minus
1173 4274 1365 4328 gratos,
1384 4270 1547 4322 sibilis

1648 1983 1987 2042 posteaquam
2028 1992 2058 2027 e
2092 1993 2251 2029 scena
2271 1994 2383 2040 ¹non
2408 1980 2563 2029 modo
2592 1981 2710 2030 sibi-

1647 2051 1727 2109 lis,
1761 2052 1864 2101 sed
1906 2053 2064 2117 etiam
2108 2056 2346 2106 convicio
2390 2056 2709 2119 explodeba-

1649 2135 1752 2186 tur,
1770 2128 1887 2179 &c.'
1908 2135 1964 2180 et
1980 2131 2370 2182 Paradoxorum
2387 2146 2477 2182 111.
2502 2133 2557 2186 in
2575 2132 2706 2182 tine:

1648 2204 1885 2255 ‘Histrio
1923 2207 1966 2256 si
2009 2208 2215 2270 paulum
2251 2224 2306 2258 se
2350 2209 2513 2259 movit
2556 2218 2709 2259 extra

1646 2296 1938 2346 numerum,
1961 2291 2051 2333 aut
2075 2285 2117 2333 si
2142 2298 2318 2335 versus
2348 2287 2708 2349 pronuntiatus

1645 2365 1727 2405 est
1750 2372 1848 2407 una
1885 2360 2082 2422 syllaba
2118 2360 2324 2411 brevior
2354 2370 2443 2412 aut
2487 2363 2707 2427 longior,

1646 2434 1953 2485 exsibilatur
1972 2444 2027 2486 et
2049 2437 2383 2502 exploditur!

1708 2516 1731 2542 ³
1763 2511 1962 2575 Digito]
1998 2515 2160 2563 Manu
2204 2513 2376 2565 forsan
2414 2515 2466 2565 in
2508 2516 2708 2568 ubscoe·

1641 2602 1763 2637 num
1821 2588 2044 2640 formata
2084 2593 2312 2656 modum,
2357 2608 2470 2657 quae
2516 2609 2698 2644 sannae

1640 2678 1731 2713 seu
1764 2664 2034 2716 derisionis
2069 2669 2270 2731 species
2307 2669 2497 2719 clarius
2534 2670 2703 2720 adhuc

1635 2740 1780 2790 iufra
1806 2743 1972 2807 Calig.
2010 2758 2057 2795 c.
2080 2749 2160 2794 56.
2194 2746 2480 2795 indicatur:
2516 2747 2615 2796 hoc
2648 2747 2708 2798 fit

1641 2832 1757 2867 cum
1788 2828 1939 2881 gestu
1964 2821 2137 2885 aliquo
2161 2821 2363 2871 mimico
2379 2815 2579 2871 inscius
2617 2824 2706 2872 ali-

1644 2893 1759 2955 quis
1817 2893 2081 2944 irridetur.
2158 2896 2284 2946 Tria
2338 2897 2446 2961 ejus
2499 2911 2707 2962 genera.

1645 2969 1879 3018 Primum
1905 2980 2006 3029 est,
2040 2987 2194 3022 manu
2224 2975 2513 3037 pinseutem
2533 2977 2703 3039 expri-

1641 3059 1782 3094 mere
1819 3046 2098 3096 ciconiam:
2147 3051 2452 3113 secundnm‚
2488 3053 2703 3115 objecto

1642 3123 2210 3188 temporibuspollice,
2258 3137 2311 3175 et
2357 3142 2510 3177 manu
2549 3139 2705 3191 mota,

1638 3211 1791 3247 aures
1817 3198 2040 3249 asininas
2065 3201 2311 3265 effingere
2335 3219 2346 3248 ε
2379 3211 2432 3251 et
2473 3205 2704 3266 tertium,

1642 3274 1868 3339 linguam
1886 3278 2105 3328 sitientis
2121 3280 2284 3330 instar
2303 3284 2444 3331 canis
2458 3298 2700 3334 exerere:

1639 3365 1753 3414 quae
1789 3354 1959 3401 omnia
2000 3358 2259 3417 expressit
2281 3357 2492 3408 Persius
2533 3360 2647 3410 Sat.
2666 3374 2703 3409 ι.

1637 3442 1712 3479 vs.
1738 3434 1819 3479 59.
1856 3430 1871 3457 ⁶
1891 3430 1939 3479 O
1961 3430 2119 3494 Jane‚
2144 3447 2174 3482 a
2206 3441 2351 3497 tergo
2383 3450 2539 3500 quem
2562 3439 2703 3486 nulla

1636 3506 1836 3553 ciconia
1860 3507 2038 3569 pinsit,
2072 3508 2187 3558 Nec
2224 3524 2401 3560 manus
2443 3514 2699 3563 auriculas

1637 3583 1839 3632 imitata
1873 3590 1952 3634 est
1985 3586 2187 3645 mobilis
2235 3588 2387 3649 altas,
2445 3590 2562 3640 Nec
2607 3593 2701 3641 lin-

1635 3674 1772 3723 guae,
1808 3670 2057 3725 quantum
2100 3665 2247 3715 sitiat
2292 3667 2432 3716 canis
2469 3667 2701 3732 Appula,

1634 3737 1875 3786 tantum.’
1941 3739 2013 3788 Et
2046 3739 2112 3788 de
2146 3739 2320 3804 lingua
2355 3751 2540 3792 exerta
2574 3743 2699 3794 Gel-

1633 3813 1729 3861 lius
1764 3813 1854 3863 lib.
1879 3828 1962 3865 1x.
2004 3830 2120 3878 cap.
2143 3821 2223 3866 13.
2262 3825 2317 3866 et
2341 3818 2409 3866 D.
2436 3818 2695 3884 Hierony-

1631 3903 1742 3947 mus
1767 3890 1940 3953 Epist.
1964 3890 2027 3940 ad
2048 3891 2318 3943 Rusticum
2343 3896 2663 3948 monachum.

1700 3975 1722 4021 †
1758 3965 1825 4016 A.
1852 3968 1916 4017 U.
1942 3968 2003 4017 C.
2027 3973 2144 4018 726.

1698 4044 1717 4075 ¹>
1737 4045 1959 4107 Italiam]
1984 4047 2151 4111 Hujus
2173 4042 2363 4112 triplex
2386 4056 2552 4103 status
2572 4066 2691 4102 con-

1628 4119 1841 4170 siderari
1887 4130 2081 4184 potest,
2106 4123 2172 4172 ab
2209 4125 2336 4181 urbe
2374 4127 2588 4183 condita
2626 4129 2689 4177 ad

1629 4197 1936 4261 Augustum.
2002 4200 2182 4250 Prima
2206 4217 2237 4251 a
2256 4203 2477 4253 Romulo
2502 4204 2569 4253 ad
2589 4205 2691 4268 pri·

1629 4288 1765 4325 mum
1788 4269 1982 4326 bellum
2007 4274 2282 4342 Punicum,
2307 4288 2414 4330 tum
2436 4295 2558 4333 cnm
2581 4289 2688 4333 tota
