3019 4922
1224 416 1625 467 oc'rAvms.
2407 407 2539 474 383

342 559 738 623 abstinuerit
767 563 815 619 :⁶
855 557 1237 642 Augustum
1265 567 1496 626 natum
1537 581 1765 628 mense
1812 564 2129 646 decimo,¹’
2180 573 2249 631 et
2289 566 2379 637 ob
2407 567 2534 632 boc

338 660 684 743 Apollinis
732 661 987 725 filiumq
1033 661 1514 727 existimatum.
1601 663 1854 730 Eadem
1885 666 2051 734 Atia
2091 671 2302 752 priuS,
2333 689 2536 752 quam

338 771 620 848 pareret,
658 765 1059 843 somniavit,⁷
1090 765 1412 829 intestina
1443 785 1570 830 sua
1601 766 1750 831 ferri
1782 769 1869 833 ad
1901 771 2145 849 sidera,
2176 772 2538 855 explicari-

338 887 468 952 que
499 886 618 951 per
660 886 924 931 omnem
982 874 1303 932 terrarum
1351 872 1420 930 et
1449 869 1606 932 coeli
1639 872 1981 936 ambitum.
2069 874 2446 940 Somniavit
2465 883 2536 939 et

337 970 530 1054 pater
576 968 933 1049 Octavius,
962 976 1158 1035 utero
1216 969 1403 1036 Atiae
1433 970 1644 1055 jubar
1693 975 1861 1039 solis
1924 983 2258 1041 exortum.
2371 975 2535 1056 Quo

337 1079 533 1137 natus
580 1079 691 1136 est
738 1072 867 1152 die,
905 1093 1055 1138 cum
1107 1073 1191 1137 de
1223 1073 1538 1140 Catilinae
1585 1076 2081 1161 conjuratione⁸
2133 1086 2433 1162 ageretur
2463 1079 2534 1144 in

339 1175 570 1253 Curia,
600 1185 666 1240 et
712 1175 1039 1241 Octavius
1089 1177 1178 1241 ob
1212 1177 1443 1242 uxoris
1494 1180 1918 1261 puerperium
1958 1181 2172 1246 serius
2204 1181 2535 1260 affuisset,

337 1285 498 1343 nota
557 1298 641 1344 ac
700 1278 976 1360 vulgata
1030 1299 1140 1343 res
1187 1287 1313 1358 est,
1365 1279 1450 1347 P.
1482 1280 1890 1364 Nigidium‚¹'
1938 1290 2278 1368 comperta
2324 1302 2533 1349 morae

337 1401 569 1460 causa,
630 1386 707 1445 ut
758 1381 988 1445 horam
1040 1402 1312 1467 quoque
1369 1389 1636 1467 partus³
1697 1386 2087 1471 acceperit,⁹
2145 1386 2533 1463 affirmasse,

338 1482 682 1547 dominum
733 1489 1048 1548 terrarum
1083 1485 1229 1549 orbi
1274 1491 1526 1550 natum.
1614 1484 1909 1553 Octavio
1941 1495 2201 1571 postea,
2234 1508 2384 1553 cum
2418 1508 2536 1572 per

341 1592 606 1650 secreta
650 1586 959 1651 Thraciae
1014 1589 1380 1653 exercitum
1419 1588 1716 1668 duceret,
1747 1591 1815 1653 in
1850 1591 2073 1655 Liberi
2104 1590 2351 1674 patrist
2378 1589 2536 1655 luco

336 1689 621 1755 barbara
667 1690 1095 1756 caerimonia¹¹
1141 1689 1223 1755 de
1275 1691 1415 1756 filio
1472 1692 1864 1772 consulenti,
1907 1693 2087 1783 idem
2138 1692 2535 1757 affirmatum

1261 1903 1407 1925 00000
1413 1905 1619 1926 ‘NON‘

339 2037 575 2103 aliisque.
642 2037 813 2099 Vulgo
852 2042 930 2086 est
960 2038 1221 2089 exim—6
1254 2038 1533 2090 Abstineret
1555 2040 1715 2091 Vind.
1738 2045 1786 2090 2.
1823 2039 2016 2089 Medic.
2053 2043 2103 2088 1.
2132 2036 2370 2089 abstinete
2404 2036 2538 2100 Cop.

337 2102 488 2154 Hnls.
555 2104 683 2153 Mox
717 2105 966 2166 eadamque
989 2103 1149 2153 Vind.
1175 2109 1319 2154 1.-7
1357 2106 1497 2155 Hinc
1531 2121 1692 2170 usque
1725 2106 1793 2154 ad
1829 2106 1970 2156 verb.
2006 2105 2126 2168 quod
2156 2103 2314 2162 infuso
2346 2101 2540 2151 desunt

339 2167 465 2217 Exc.
491 2168 609 2232 Cuj.
676 2169 811 2217 Tum
844 2174 1020 2217 terram
1052 2169 1266 2219 Memm.
1299 2170 1493 2221 Medic.
1516 2175 1666 2222 3.-8
1697 2172 1777 2221 De
1806 2171 1927 2232 com'.
1956 2171 2067 2220 Cat.
2101 2168 2258 2218 vind.
2285 2173 2331 2218 1.
2395 2167 2536 2216 Dein

333 2247 610 2297 puerperam
633 2233 684 2282 in
714 2233 1016 2283 eodem—9
1048 2234 1204 2285 Malit
1225 2234 1380 2286 Torr.
1404 2237 1603 2301 occepit,
1625 2244 1682 2287 et
1703 2237 1778 2287 sic
1800 2237 1852 2287 in
1875 2237 2032 2286 Vind.
2056 2239 2104 2284 1.
2125 2243 2391 2284 exaretur.
2459 2231 2545 2282 Cf..

1325 2434 1541 2487 NOTAE

399 2536 427 2570 Ρ
458 2530 625 2579 Mense
658 2529 860 2595 decimo]
895 2528 1142 2593 Virgilius
1177 2530 1243 2579 de
1275 2532 1397 2580 Pol-

336 2606 470 2656 lione
513 2607 752 2656 Salonino
810 2606 992 2669 Eclog.
1038 2620 1118 2655 ιν.
1179 2606 1229 2655 ἰιι
1274 2605 1398 2669 fine,

336 2689 350 2710 ‘
370 2683 535 2733 Mstri
562 2684 712 2746 longa
730 2682 911 2732 decem
937 2684 1168 2733 tulerunt
1187 2681 1399 2733 fastidis

336 2757 574 2809 menses.'
640 2758 725 2808 Ad
778 2773 932 2823 quem
978 2760 1147 2808 locum
1182 2757 1396 2809 Servius

336 2837 488 2899 dicit,
510 2836 736 2886 maribus
772 2834 1058 2899 legitimum
1085 2833 1242 2886 fuisse
1263 2836 1398 2887 hunc

335 2914 583 2964 nascendi
606 2928 850 2969 mensem,
870 2919 930 2963 ut
949 2912 1167 2963 foeminis
1190 2928 1398 2964 nonum.

336 2992 456 3043 Qua
480 2991 543 3040 de
578 3005 633 3040 re
659 2991 849 3040 videsis
892 2990 1118 3040 Plinium
1157 2990 1250 3041 lib.
1290 3005 1397 3042 vn.

336 3081 458 3132 cap.
479 3074 527 3117 6.
552 3082 613 3117 sc
630 3066 917 3131 praesertim
941 3065 1166 3115 Gellium
1191 3066 1281 3117 lib.
1306 3080 1395 3116 ιιι.

333 3160 454 3208 esp.
480 3149 560 3194 16.
582 3145 726 3194 varia
748 3151 805 3193 et
834 3142 971 3192 scitu
993 3142 1291 3207 dignissima
1314 3158 1396 3193 su-

334 3238 432 3289 per
455 3224 534 3273 his
552 3231 867 3273 narrantem.

399 3308 425 3342 (Ι
460 3300 698 3363 Apollinis
706 3298 899 3364 filium]
930 3299 1239 3349 Torrentius
1279 3313 1397 3362 pro·

332 3378 457 3428 tulit
500 3377 807 3426 numismata
862 3381 1109 3439 argentea
1154 3373 1397 3437 Augusti,

333 3468 551 3519 quorum
574 3459 727 3516 parte
758 3467 938 3501 aversa
970 3451 1179 3501 videtur
1201 3450 1397 3514 Apollo

331 3533 501 3595 lyram
529 3538 727 3585 tenens,
752 3529 953 3579 medius
978 3529 1115 3578 inter
1134 3528 1248 3577 haec
1287 3541 1397 3575 ver·

331 3606 402 3655 bs
458 3618 644 3655 cAEsAR
697 3618 821 3654 mvr
862 3618 910 3654 r.
965 3604 1151 3669 quibus
1191 3602 1400 3653 videtur

330 3682 635 3745 ambiguum
665 3682 901 3731 consulto
926 3680 1213 3745 reliquisse,
1236 3693 1301 3729 sn
1338 3677 1398 3727 il·

330 3760 434 3810 lius
457 3774 609 3823 quem
650 3758 863 3807 exhibet
895 3756 1166 3814 numisma,
1185 3771 1254 3805 an
1275 3769 1399 3805 vero

334 3838 465 3887 Divi
487 3837 615 3889 Julii
637 3835 774 3886 filius
800 3834 1163 3899 intelligendus
1183 3835 1270 3885 sit.

398 3922 419 3947 ¹·
452 3914 520 3963 P.
548 3910 828 3975 Nigidium]
858 3912 941 3960 De
982 3925 1046 3960 eo
1082 3911 1285 3961 Gellius
1310 3910 1401 3960 lib.

339 4004 467 4041 xrx.
495 4004 544 4040 c.
584 3992 665 4038 14.
699 3988 880 4037 ‘AEtss
916 3987 996 4037 M.
1040 3986 1304 4036 Ciceronis
1347 3992 1402 4056 et

333 4067 557 4118 Caesaris
577 4066 846 4129 praestanti
862 4063 1103 4114 fecundia
1122 4065 1257 4113 viros
1276 4077 1401 4126 pau-

332 4160 423 4194 cos
443 4143 659 4205 habuit3
693 4142 1044 4192 doctrinarum
1078 4149 1252 4191 autem
1276 4141 1403 4189 mul·

260 4231 264 4234 “
335 4220 621 4270 tisormium
658 4220 1021 4283 variarumque
1060 4219 1245 4268 artium
1281 4217 1396 4283 qui-

335 4296 433 4348 bus
464 4296 755 4347 humanitas
777 4294 985 4346 erudita
1005 4302 1104 4359 est,
1142 4293 1401 4345 columina

1474 2532 1655 2584 habuit
1673 2535 1753 2583 M.
1774 2534 2061 2582 Varronem
2080 2535 2136 2578 et
2151 2528 2214 2578 P.
2235 2525 2544 2589 Nigidium,’

1473 2611 1573 2659 διο.
1625 2608 1729 2657 Ubi
1751 2607 1818 2657 de
1840 2607 1993 2671 hujus
2016 2604 2259 2669 operibus
2282 2611 2337 2652 et
2361 2616 2536 2652 eorum

1474 2684 1797 2734 obscuritate
1842 2696 1902 2732 sc
1963 2681 2250 2731 subtilitate
2289 2678 2538 2727 nonnulla

1472 2761 1753 2825 subjungit.
1820 2759 2036 2823 Figulus
2065 2769 2348 2820 cognomen
2387 2762 2502 2804 erat
2523 2771 2536 2800 z

1474 2837 1613 2888 unde
1635 2838 1892 2900 Lucanus,
1924 2838 1940 2864 ‘
1960 2833 2034 2884 At
2049 2833 2283 2896 Figulus,
2306 2830 2388 2880 cni
2412 2845 2538 2880 cura

1477 2914 1605 2965 deos
1647 2922 1953 2979 secretaque
1991 2910 2167 2961 mnndi
2191 2910 2360 2959 Nosse
2400 2905 2542 2957 fnit.’

1473 2990 1616 3041 Hinc
1628 2991 1735 3041 Dio
1752 2990 1898 3040 initio
1915 2988 2002 3038 lib.
2025 3000 2150 3037 nv.
2171 2983 2350 3047 tradit,
2367 2984 2539 3047 prohi-

1475 3067 1599 3119 bitis
1624 3084 1742 3119 enm
1766 3065 2073 3134 quibusdam
2109 3061 2296 3113 studiis
2326 3074 2540 3125 operam

1474 3132 1667 3197 navare
1704 3146 1980 3197 creditum.
2059 3145 2141 3193 De
2180 3138 2537 3204 conjuratione

1475 3225 1740 3288 Catilinae,
1780 3223 1831 3272 in
1871 3222 2014 3275 Julio
2037 3236 2152 3284 cap.
2189 3221 2271 3267 14.
2295 3216 2362 3268 de
2394 3214 2540 3266 flam·

1475 3314 1572 3348 mae
1595 3299 1808 3361 augurio
1832 3297 1952 3347 vide
1972 3296 2090 3347 Tib.
2113 3311 2234 3357 cap.
2255 3297 2337 3343 14.

1539 3380 1559 3404 ⁸
1591 3374 1778 3422 Horam
1799 3386 1975 3436 quoque
2010 3368 2200 3433 partus]
2235 3367 2404 3431 Hujus
2442 3367 2532 3415 ob-

1475 3449 1821 3497 servationem
1909 3434 2099 3496 vocant
2174 3445 2536 3505 horoscopum.

1475 3524 1688 3573 Persius
1712 3523 1872 3572 Satir.
1905 3535 1984 3571 vr.
2010 3535 2087 3569 vs.
2118 3523 2198 3569 18.
2230 3520 2245 3546 ⁸
2266 3516 2540 3578 Geminos,

1473 3600 1780 3662 horoscope,
1803 3613 1925 3647 varo
1956 3594 2205 3646 Producis
2230 3590 2417 3657 genio‚'
2435 3593 2534 3639 διο.

1476 3675 1616 3726 Hinc
1638 3675 1854 3725 verbum
1889 3674 2232 3734 horoscopare
2257 3667 2536 3729 astrologis

1476 3759 1534 3802 et
1556 3752 1702 3815 signa
1736 3749 2150 3814 horoscopsntis‚
2184 3747 2283 3795 hoc
2307 3752 2407 3807 est,
2430 3742 2532 3807 ipsi

1478 3830 1653 3894 partui
1679 3843 1770 3879 seu
1795 3829 1906 3892 ejus
1925 3826 2064 3875 horae
2090 3820 2439 3889 praesidentia.

1538 3909 1557 3943 ‘
1589 3907 1756 3957 Libera·
1786 3903 1963 3969 patris]
2027 3900 2242 3965 Bacchi,
2285 3899 2360 3948 sic
2407 3896 2535 3946 dicti

1478 3984 1562 4033 vel
1585 3981 1720 4047 quod
1747 3982 1969 4031 animum
1994 3994 2024 4027 a
2046 3990 2285 4028 curarum
2308 3974 2536 4024 solicitu-

1479 4059 1599 4109 dine
1621 4059 1834 4114 liberet,
1871 4056 1953 4105 vel
1977 4054 2115 4121 qnod
2148 4052 2360 4103 licentis
2398 4049 2536 4101 omni

1477 4137 1751 4188 liberiores
1773 4132 1954 4195 faciat,
1971 4135 2068 4182 &c-

1542 4221 1567 4247 Ἰ
1599 4213 1821 4264 Barbara
1847 4208 2140 4273 caerimonia]
2165 4207 2208 4256 A
2233 4206 2435 4258 Graecis
2453 4204 2536 4253 vel

1477 4290 1724 4341 Romanis
1749 4288 1953 4340 diversa
1987 4282 2317 4337 caerimoniis.
2381 4278 2535 4331 Felix
