<?xml version="1.0" encoding="UTF-8"?>
<!DOCTYPE html PUBLIC "-//W3C//DTD XHTML 1.0 Transitional//EN"
    "http://www.w3.org/TR/xhtml1/DTD/xhtml1-transitional.dtd">
<html xmlns="http://www.w3.org/1999/xhtml" xml:lang="en" lang="en">
 <head>
  <title>
</title>
<meta http-equiv="Content-Type" content="text/html;charset=utf-8" />
  <meta name='ocr-system' content='tesseract 3.04.00' />
  <meta name='ocr-capabilities' content='ocr_page ocr_carea ocr_par ocr_line ocrx_word'/>
</head>
<body>
  <div class='ocr_page' id='page_1' title='image "./operaomniaexedi04suetgoog_0543.png"; bbox 0 0 3019 4922; ppageno 0'>
   <div class='ocr_carea' id='block_1_1' title="bbox 1307 420 2595 491">
    <p class='ocr_par' dir='ltr' id='par_1_1' title="bbox 1307 420 2595 491">
     <span class='ocr_line' id='line_1_1' title="bbox 1307 420 2595 491; baseline -0.001 -3"><span class='ocrx_word' id='word_1_1' title='bbox 1307 441 1710 491; x_wconf 55' lang='lat' dir='ltr'><strong>mummius.</strong></span> <span class='ocrx_word' id='word_1_2' title='bbox 2467 420 2595 488; x_wconf 83' lang='lat'><strong>531</strong></span> 
     </span>
    </p>
   </div>
   <div class='ocr_carea' id='block_1_2' title="bbox 408 583 2604 1183">
    <p class='ocr_par' dir='ltr' id='par_1_2' title="bbox 408 583 2604 1183">
     <span class='ocr_line' id='line_1_2' title="bbox 408 583 2600 669; baseline -0.001 -17"><span class='ocrx_word' id='word_1_3' title='bbox 408 586 925 652; x_wconf 85' lang='lat' dir='ltr'><strong>humillimorum</strong></span> <span class='ocrx_word' id='word_1_4' title='bbox 953 587 1183 669; x_wconf 80' lang='lat' dir='ltr'><strong>signis,</strong></span> <span class='ocrx_word' id='word_1_5' title='bbox 1254 586 1355 650; x_wconf 88' lang='lat' dir='ltr'><strong>Eo</strong></span> <span class='ocrx_word' id='word_1_6' title='bbox 1385 591 1778 651; x_wconf 83' lang='lat' dir='ltr'><strong>testamento</strong></span> <span class='ocrx_word' id='word_1_7' title='bbox 1812 583 2113 650; x_wconf 84' lang='lat' dir='ltr'><strong>haeredes</strong></span> <span class='ocrx_word' id='word_1_8' title='bbox 2146 583 2368 668; x_wconf 82' lang='lat' dir='ltr'><strong>aequis</strong></span> <span class='ocrx_word' id='word_1_9' title='bbox 2396 587 2600 667; x_wconf 85' lang='lat' dir='ltr'><strong>parti-</strong></span> 
     </span>
     <span class='ocr_line' id='line_1_3' title="bbox 409 669 2600 774; baseline -0.002 -17"><span class='ocrx_word' id='word_1_10' title='bbox 409 693 538 757; x_wconf 85' lang='lat' dir='ltr'><strong>bus</strong></span> <span class='ocrx_word' id='word_1_11' title='bbox 563 691 850 774; x_wconf 84' lang='lat' dir='ltr'><strong>reliquit,</strong></span> <span class='ocrx_word' id='word_1_12' title='bbox 888 690 1123 755; x_wconf 83' lang='lat' dir='ltr'><strong>Caium</strong></span> <span class='ocrx_word' id='word_1_13' title='bbox 1167 711 1249 755; x_wconf 85' lang='lat' dir='ltr'><strong>ex</strong></span> <span class='ocrx_word' id='word_1_14' title='bbox 1287 688 1714 769; x_wconf 86' lang='lat' dir='ltr'><strong>Germanico,</strong></span> <span class='ocrx_word' id='word_1_15' title='bbox 1746 696 1814 753; x_wconf 87' lang='lat' dir='ltr'><strong>et</strong></span> <span class='ocrx_word' id='word_1_16' title='bbox 1857 669 2199 751; x_wconf 77' lang='lat' dir='ltr'><strong>Tiberiuin</strong></span> <span class='ocrx_word' id='word_1_17' title='bbox 2232 706 2321 752; x_wconf 82' lang='lat' dir='ltr'><strong>cx</strong></span> <span class='ocrx_word' id='word_1_18' title='bbox 2350 686 2600 768; x_wconf 77' lang='lat' dir='ltr'><strong>Druse,</strong></span> 
     </span>
     <span class='ocr_line' id='line_1_4' title="bbox 411 787 2602 877; baseline 0 -23"><span class='ocrx_word' id='word_1_19' title='bbox 411 798 725 875; x_wconf 83' lang='lat' dir='ltr'><strong>nepotes3</strong></span> <span class='ocrx_word' id='word_1_20' title='bbox 771 794 1293 877; x_wconf 84' lang='lat' dir='ltr'><strong>substituitque⁷</strong></span> <span class='ocrx_word' id='word_1_21' title='bbox 1321 792 1658 855; x_wconf 74' lang='lat' dir='ltr'><strong>invicem-¹¹</strong></span> <span class='ocrx_word' id='word_1_22' title='bbox 1748 790 1962 855; x_wconf 82' lang='lat' dir='ltr'>Dedit</span> <span class='ocrx_word' id='word_1_23' title='bbox 1986 794 2051 852; x_wconf 89' lang='lat' dir='ltr'><strong>et</strong></span> <span class='ocrx_word' id='word_1_24' title='bbox 2092 787 2314 872; x_wconf 83' lang='lat' dir='ltr'><strong>legata</strong></span> <span class='ocrx_word' id='word_1_25' title='bbox 2357 789 2602 871; x_wconf 85' lang='lat' dir='ltr'><strong>pleris-</strong></span> 
     </span>
     <span class='ocr_line' id='line_1_5' title="bbox 414 891 2604 978; baseline -0.001 -21"><span class='ocrx_word' id='word_1_26' title='bbox 414 913 581 976; x_wconf 83' lang='lat' dir='ltr'><strong>que:</strong></span> <span class='ocrx_word' id='word_1_27' title='bbox 628 896 792 959; x_wconf 85' lang='lat' dir='ltr'><strong>inter</strong></span> <span class='ocrx_word' id='word_1_28' title='bbox 821 914 994 978; x_wconf 88' lang='lat' dir='ltr'><strong>quos</strong></span> <span class='ocrx_word' id='word_1_29' title='bbox 1025 895 1395 977; x_wconf 81' lang='lat' dir='ltr'><strong>virginibus</strong></span> <span class='ocrx_word' id='word_1_30' title='bbox 1420 893 1839 971; x_wconf 84' lang='lat' dir='ltr'><strong>VestalibuS‚</strong></span> <span class='ocrx_word' id='word_1_31' title='bbox 1862 892 1983 957; x_wconf 84' lang='lat' dir='ltr'><strong>sed</strong></span> <span class='ocrx_word' id='word_1_32' title='bbox 2011 899 2080 955; x_wconf 85' lang='lat' dir='ltr'><strong>et</strong></span> <span class='ocrx_word' id='word_1_33' title='bbox 2100 892 2426 956; x_wconf 86' lang='lat' dir='ltr'><strong>militibus</strong></span> <span class='ocrx_word' id='word_1_34' title='bbox 2454 891 2604 955; x_wconf 91' lang='lat' dir='ltr'><strong>uni-</strong></span> 
     </span>
     <span class='ocr_line' id='line_1_6' title="bbox 417 992 2600 1081; baseline -0 -22"><span class='ocrx_word' id='word_1_35' title='bbox 417 998 680 1076; x_wconf 83' lang='lat' dir='ltr'><strong>versiS,⁰</strong></span> <span class='ocrx_word' id='word_1_36' title='bbox 708 998 1025 1081; x_wconf 87' lang='lat' dir='ltr'><strong>plebique</strong></span> <span class='ocrx_word' id='word_1_37' title='bbox 1052 997 1379 1062; x_wconf 80' lang='lat' dir='ltr'><strong>Romanae</strong></span> <span class='ocrx_word' id='word_1_38' title='bbox 1398 1005 1425 1045; x_wconf 77' lang='lat' dir='ltr'><strong>P</strong></span> <span class='ocrx_word' id='word_1_39' title='bbox 1454 996 1728 1076; x_wconf 79' lang='lat' dir='ltr'><strong>viritim,</strong></span> <span class='ocrx_word' id='word_1_40' title='bbox 1757 1000 1960 1081; x_wconf 85' lang='lat' dir='ltr'><strong>atque</strong></span> <span class='ocrx_word' id='word_1_41' title='bbox 1998 995 2203 1059; x_wconf 84' lang='lat' dir='ltr'><strong>etiam</strong></span> <span class='ocrx_word' id='word_1_42' title='bbox 2238 992 2600 1078; x_wconf 80' lang='lat' dir='ltr'><strong>separatim</strong></span> 
     </span>
     <span class='ocr_line' id='line_1_7' title="bbox 415 1089 1788 1183; baseline 0.005 -21"><span class='ocrx_word' id='word_1_43' title='bbox 415 1100 711 1165; x_wconf 87' lang='lat' dir='ltr'><strong>vicorum</strong></span> <span class='ocrx_word' id='word_1_44' title='bbox 738 1100 1097 1183; x_wconf 77' lang='lat' dir='ltr'><strong>magistris·</strong></span> <span class='ocrx_word' id='word_1_45' title='bbox 1779 1089 1788 1096; x_wconf 61' lang='grc'><strong>’</strong></span> 
     </span>
    </p>
   </div>
   <div class='ocr_carea' id='block_1_3' title="bbox 1328 1278 1695 1299">
    <p class='ocr_par' dir='ltr' id='par_1_3' title="bbox 1328 1278 1695 1299">
     <span class='ocr_line' id='line_1_8' title="bbox 1328 1278 1695 1299; baseline -0.003 0"><span class='ocrx_word' id='word_1_46' title='bbox 1328 1278 1695 1299; x_wconf 55' lang='lat' dir='ltr'><strong>“OmmCOO</strong></span> 
     </span>
    </p>
   </div>
   <div class='ocr_carea' id='block_1_4' title="bbox 419 1409 2613 1541">
    <p class='ocr_par' dir='ltr' id='par_1_4' title="bbox 419 1409 2613 1541">
     <span class='ocr_line' id='line_1_9' title="bbox 419 1409 2610 1477; baseline -0.004 -13"><span class='ocrx_word' id='word_1_47' title='bbox 419 1414 661 1464; x_wconf 76' lang='lat' dir='ltr'><strong>Rom.—-⁷</strong></span> <span class='ocrx_word' id='word_1_48' title='bbox 687 1413 1017 1477; x_wconf 71' lang='lat' dir='ltr'><strong>Sustinuitque</strong></span> <span class='ocrx_word' id='word_1_49' title='bbox 1037 1413 1230 1462; x_wconf 87' lang='lat' dir='ltr'><strong>Medic.</strong></span> <span class='ocrx_word' id='word_1_50' title='bbox 1252 1416 1302 1464; x_wconf 83' lang='grc'><strong>2.</strong></span> <span class='ocrx_word' id='word_1_51' title='bbox 1320 1414 1472 1463; x_wconf 84' lang='lat' dir='ltr'><strong>Voss.</strong></span> <span class='ocrx_word' id='word_1_52' title='bbox 1538 1414 1600 1462; x_wconf 87' lang='lat' dir='ltr'><strong>In</strong></span> <span class='ocrx_word' id='word_1_53' title='bbox 1625 1419 1844 1473; x_wconf 83' lang='lat' dir='ltr'><strong>utroque</strong></span> <span class='ocrx_word' id='word_1_54' title='bbox 1868 1410 2025 1460; x_wconf 89' lang='lat' dir='ltr'><strong>Vind.</strong></span> <span class='ocrx_word' id='word_1_55' title='bbox 2045 1417 2099 1461; x_wconf 84' lang='lat' dir='ltr'><strong>ct</strong></span> <span class='ocrx_word' id='word_1_56' title='bbox 2117 1409 2251 1460; x_wconf 88' lang='lat' dir='ltr'><strong>Edd.</strong></span> <span class='ocrx_word' id='word_1_57' title='bbox 2271 1412 2419 1460; x_wconf 86' lang='lat' dir='ltr'><strong>Rom.</strong></span> <span class='ocrx_word' id='word_1_58' title='bbox 2436 1413 2486 1459; x_wconf 75' lang='lat' dir='ltr'><strong>et</strong></span> <span class='ocrx_word' id='word_1_59' title='bbox 2505 1410 2610 1460; x_wconf 77' lang='lat' dir='ltr'><strong>mil.</strong></span> 
     </span>
     <span class='ocr_line' id='line_1_10' title="bbox 419 1474 2613 1541; baseline -0.001 -15"><span class='ocrx_word' id='word_1_60' title='bbox 419 1479 604 1527; x_wconf 76' lang='lat' dir='ltr'><strong>omisso</strong></span> <span class='ocrx_word' id='word_1_61' title='bbox 620 1481 718 1528; x_wconf 76' lang='lat' dir='ltr'><strong>sed.</strong></span> <span class='ocrx_word' id='word_1_62' title='bbox 751 1479 948 1528; x_wconf 85' lang='lat' dir='ltr'><strong>Medic.</strong></span> <span class='ocrx_word' id='word_1_63' title='bbox 982 1480 1137 1528; x_wconf 82' lang='lat' dir='ltr'><strong>Polit.</strong></span> <span class='ocrx_word' id='word_1_64' title='bbox 1160 1477 1274 1541; x_wconf 85' lang='lat' dir='ltr'><strong>Cuj.</strong></span> <span class='ocrx_word' id='word_1_65' title='bbox 1297 1479 1449 1527; x_wconf 79' lang='lat' dir='ltr'><strong>Voss.</strong></span> <span class='ocrx_word' id='word_1_66' title='bbox 1470 1478 1587 1526; x_wconf 82' lang='lat' dir='ltr'><strong>Pal.</strong></span> <span class='ocrx_word' id='word_1_67' title='bbox 1617 1491 1732 1527; x_wconf 87' lang='lat' dir='ltr'><strong>cum</strong></span> <span class='ocrx_word' id='word_1_68' title='bbox 1758 1477 1879 1527; x_wconf 91' lang='lat' dir='ltr'><strong>trib.</strong></span> <span class='ocrx_word' id='word_1_69' title='bbox 1900 1478 2045 1525; x_wconf 89' lang='lat' dir='ltr'><strong>Torr.</strong></span> <span class='ocrx_word' id='word_1_70' title='bbox 2078 1479 2163 1525; x_wconf 81' lang='lat' dir='ltr'><strong>sed</strong></span> <span class='ocrx_word' id='word_1_71' title='bbox 2182 1482 2229 1525; x_wconf 75' lang='lat' dir='ltr'><strong>et</strong></span> <span class='ocrx_word' id='word_1_72' title='bbox 2252 1482 2480 1525; x_wconf 84' lang='lat' dir='ltr'><strong>tuentur.</strong></span> <span class='ocrx_word' id='word_1_73' title='bbox 2546 1474 2613 1523; x_wconf 89' lang='lat' dir='ltr'><strong>In</strong></span> 
     </span>
    </p>
   </div>
   <div class='ocr_carea' id='block_1_5' title="bbox 420 1541 2613 1674">
    <p class='ocr_par' dir='ltr' id='par_1_5' title="bbox 420 1541 2613 1674">
     <span class='ocr_line' id='line_1_11' title="bbox 420 1541 2613 1607; baseline -0.001 -16"><span class='ocrx_word' id='word_1_74' title='bbox 420 1543 630 1607; x_wconf 83' lang='lat' dir='ltr'><strong>reliquis</strong></span> <span class='ocrx_word' id='word_1_75' title='bbox 653 1548 707 1593; x_wconf 93' lang='lat' dir='ltr'><strong>et</strong></span> <span class='ocrx_word' id='word_1_76' title='bbox 733 1543 867 1594; x_wconf 89' lang='lat' dir='ltr'><strong>Edd.</strong></span> <span class='ocrx_word' id='word_1_77' title='bbox 900 1542 1009 1593; x_wconf 84' lang='lat' dir='ltr'><strong>fere</strong></span> <span class='ocrx_word' id='word_1_78' title='bbox 1043 1543 1112 1593; x_wconf 91' lang='grc' dir='ltr'><strong>Ο.</strong></span> <span class='ocrx_word' id='word_1_79' title='bbox 1147 1544 1305 1593; x_wconf 80' lang='lat' dir='ltr'><strong>etiam</strong></span> <span class='ocrx_word' id='word_1_80' title='bbox 1339 1544 1518 1592; x_wconf 88' lang='lat' dir='ltr'><strong>Burm.</strong></span> <span class='ocrx_word' id='word_1_81' title='bbox 1541 1558 1596 1592; x_wconf 82' lang='lat' dir='ltr'><strong>ac</strong></span> <span class='ocrx_word' id='word_1_82' title='bbox 1616 1544 1718 1591; x_wconf 83' lang='lat' dir='ltr'><strong>mil.</strong></span> <span class='ocrx_word' id='word_1_83' title='bbox 1782 1542 2024 1607; x_wconf 89' lang='lat' dir='ltr'><strong>Denique</strong></span> <span class='ocrx_word' id='word_1_84' title='bbox 2044 1541 2241 1605; x_wconf 81' lang='lat' dir='ltr'><strong>plebeiq.</strong></span> <span class='ocrx_word' id='word_1_85' title='bbox 2261 1542 2473 1591; x_wconf 84' lang='lat' dir='ltr'><strong>Memm·</strong></span> <span class='ocrx_word' id='word_1_86' title='bbox 2497 1541 2613 1590; x_wconf 88' lang='lat' dir='ltr'><strong>Me-</strong></span> 
     </span>
     <span class='ocr_line' id='line_1_12' title="bbox 421 1607 1551 1674; baseline -0.001 -17"><span class='ocrx_word' id='word_1_87' title='bbox 421 1608 522 1659; x_wconf 87' lang='lat' dir='ltr'><strong>dic.</strong></span> <span class='ocrx_word' id='word_1_88' title='bbox 547 1614 592 1659; x_wconf 86' lang='lat'><strong>1.</strong></span> <span class='ocrx_word' id='word_1_89' title='bbox 618 1613 664 1657; x_wconf 73' lang='lat'><strong>3.</strong></span> <span class='ocrx_word' id='word_1_90' title='bbox 687 1609 836 1658; x_wconf 80' lang='lat' dir='ltr'><strong>Voss.</strong></span> <span class='ocrx_word' id='word_1_91' title='bbox 856 1615 911 1658; x_wconf 88' lang='lat' dir='ltr'><strong>et</strong></span> <span class='ocrx_word' id='word_1_92' title='bbox 934 1608 1084 1674; x_wconf 72' lang='lat' dir='ltr'><strong>abest</strong></span> <span class='ocrx_word' id='word_1_93' title='bbox 1104 1610 1248 1658; x_wconf 75' lang='lat' dir='ltr'><strong>etiam</strong></span> <span class='ocrx_word' id='word_1_94' title='bbox 1269 1624 1301 1658; x_wconf 81' lang='lat' dir='ltr'>a</span> <span class='ocrx_word' id='word_1_95' title='bbox 1320 1607 1478 1657; x_wconf 89' lang='lat' dir='ltr'><strong>Vind.</strong></span> <span class='ocrx_word' id='word_1_96' title='bbox 1501 1612 1551 1657; x_wconf 81' lang='lat'><strong>2.</strong></span> 
     </span>
    </p>
   </div>
   <div class='ocr_carea' id='block_1_6' title="bbox 1374 1751 1621 1824">
    <p class='ocr_par' dir='ltr' id='par_1_6' title="bbox 1374 1751 1621 1824">
     <span class='ocr_line' id='line_1_13' title="bbox 1374 1751 1621 1824; baseline 0 -1"><span class='ocrx_word' id='word_1_97' title='bbox 1374 1751 1379 1756; x_wconf 82' lang='grc'><strong><em>’</em></strong></span> <span class='ocrx_word' id='word_1_98' title='bbox 1407 1773 1621 1824; x_wconf 84' lang='lat' dir='ltr'><strong>NOTAE</strong></span> 
     </span>
    </p>
   </div>
   <div class='ocr_carea' id='block_1_7' title="bbox 427 1886 2620 2185">
    <p class='ocr_par' dir='ltr' id='par_1_7' title="bbox 427 1886 2617 1954">
     <span class='ocr_line' id='line_1_14' title="bbox 427 1886 2617 1954; baseline -0 -16"><span class='ocrx_word' id='word_1_99' title='bbox 427 1887 663 1953; x_wconf 81' lang='lat' dir='ltr'><strong>Augusto</strong></span> <span class='ocrx_word' id='word_1_100' title='bbox 686 1903 802 1952; x_wconf 77' lang='lat' dir='ltr'><strong>cap.</strong></span> <span class='ocrx_word' id='word_1_101' title='bbox 827 1894 908 1940; x_wconf 78' lang='lat'><strong>33.</strong></span> <span class='ocrx_word' id='word_1_102' title='bbox 933 1895 988 1937; x_wconf 84' lang='lat' dir='ltr'><strong>et</strong></span> <span class='ocrx_word' id='word_1_103' title='bbox 1011 1890 1222 1940; x_wconf 81' lang='lat' dir='ltr'>Nerone</span> <span class='ocrx_word' id='word_1_104' title='bbox 1247 1905 1363 1954; x_wconf 83' lang='lat' dir='ltr'><strong>cap.</strong></span> <span class='ocrx_word' id='word_1_105' title='bbox 1401 1894 1478 1940; x_wconf 82' lang='lat'><strong>17.</strong></span> <span class='ocrx_word' id='word_1_106' title='bbox 1623 1896 1649 1929; x_wconf 71' lang='grc' dir='ltr'>Ρ</span> <span class='ocrx_word' id='word_1_107' title='bbox 1684 1886 1912 1951; x_wconf 78' lang='lat' dir='ltr'><strong>Plebique</strong></span> <span class='ocrx_word' id='word_1_108' title='bbox 1942 1886 2195 1950; x_wconf 74' lang='lat' dir='ltr'><strong>Romame]</strong></span> <span class='ocrx_word' id='word_1_109' title='bbox 2241 1886 2346 1936; x_wconf 92' lang='lat' dir='ltr'><strong>Dio</strong></span> <span class='ocrx_word' id='word_1_110' title='bbox 2368 1899 2617 1937; x_wconf 80' lang='lat' dir='ltr'><strong>summam</strong></span> 
     </span>
    </p>

    <p class='ocr_par' dir='ltr' id='par_1_8' title="bbox 429 1964 2620 2185">
     <span class='ocr_line' id='line_1_15' title="bbox 489 1964 2619 2031; baseline 0 -16"><span class='ocrx_word' id='word_1_111' title='bbox 489 1974 513 1997; x_wconf 76' lang='lat'><strong>⁸¹</strong></span> <span class='ocrx_word' id='word_1_112' title='bbox 549 1966 898 2029; x_wconf 74' lang='lat' dir='ltr'><strong>Substituitque</strong></span> <span class='ocrx_word' id='word_1_113' title='bbox 920 1965 1142 2029; x_wconf 81' lang='lat' dir='ltr'><strong>invicem]</strong></span> <span class='ocrx_word' id='word_1_114' title='bbox 1179 1966 1241 2015; x_wconf 91' lang='lat' dir='ltr'><strong>Id</strong></span> <span class='ocrx_word' id='word_1_115' title='bbox 1264 1964 1427 2015; x_wconf 83' lang='lat' dir='ltr'><strong>fiebat</strong></span> <span class='ocrx_word' id='word_1_116' title='bbox 1449 1981 1479 2014; x_wconf 84' lang='lat' dir='ltr'>a</span> <span class='ocrx_word' id='word_1_117' title='bbox 1560 1965 1744 2015; x_wconf 85' lang='lat' dir='ltr'><strong>retulit</strong></span> <span class='ocrx_word' id='word_1_118' title='bbox 1790 1964 2209 2030; x_wconf 82' lang='lat' dir='ltr'><strong>quadringenties</strong></span> <span class='ocrx_word' id='word_1_119' title='bbox 2262 1966 2619 2031; x_wconf 78' lang='lat' dir='ltr'><strong>quinquagies,</strong></span> 
     </span>
     <span class='ocr_line' id='line_1_16' title="bbox 429 2042 2619 2110; baseline 0.001 -19"><span class='ocrx_word' id='word_1_120' title='bbox 429 2043 689 2101; x_wconf 84' lang='lat' dir='ltr'><strong>Romanis,</strong></span> <span class='ocrx_word' id='word_1_121' title='bbox 737 2050 795 2092; x_wconf 83' lang='lat' dir='ltr'><strong>ut</strong></span> <span class='ocrx_word' id='word_1_122' title='bbox 851 2043 895 2092; x_wconf 83' lang='lat' dir='ltr'><strong>si</strong></span> <span class='ocrx_word' id='word_1_123' title='bbox 943 2058 1072 2091; x_wconf 87' lang='lat' dir='ltr'><strong>unus</strong></span> <span class='ocrx_word' id='word_1_124' title='bbox 1125 2043 1480 2094; x_wconf 76' lang='lat' dir='ltr'><strong>haereditatem</strong></span> <span class='ocrx_word' id='word_1_125' title='bbox 1562 2058 1662 2108; x_wconf 84' lang='lat' dir='ltr'><strong>qua</strong></span> <span class='ocrx_word' id='word_1_126' title='bbox 1683 2042 2020 2093; x_wconf 80' lang='lat' dir='ltr'><strong>casaubonus</strong></span> <span class='ocrx_word' id='word_1_127' title='bbox 2054 2042 2316 2091; x_wconf 81' lang='lat' dir='ltr'><strong>existimat</strong></span> <span class='ocrx_word' id='word_1_128' title='bbox 2346 2049 2619 2110; x_wconf 84' lang='lat' dir='ltr'><strong>utramque</strong></span> 
     </span>
     <span class='ocr_line' id='line_1_17' title="bbox 432 2118 2620 2185; baseline 0.002 -20"><span class='ocrx_word' id='word_1_129' title='bbox 432 2118 575 2166; x_wconf 85' lang='lat' dir='ltr'><strong>adire</strong></span> <span class='ocrx_word' id='word_1_130' title='bbox 608 2125 699 2168; x_wconf 81' lang='lat' dir='ltr'><strong>aut</strong></span> <span class='ocrx_word' id='word_1_131' title='bbox 726 2119 982 2185; x_wconf 85' lang='lat' dir='ltr'><strong>nequiret,</strong></span> <span class='ocrx_word' id='word_1_132' title='bbox 1006 2127 1095 2169; x_wconf 82' lang='lat' dir='ltr'><strong>aut</strong></span> <span class='ocrx_word' id='word_1_133' title='bbox 1124 2120 1308 2182; x_wconf 84' lang='lat' dir='ltr'><strong>nollet,</strong></span> <span class='ocrx_word' id='word_1_134' title='bbox 1349 2121 1483 2176; x_wconf 83' lang='lat' dir='ltr'><strong>alter</strong></span> <span class='ocrx_word' id='word_1_135' title='bbox 1564 2134 1813 2169; x_wconf 83' lang='lat' dir='ltr'><strong>summam</strong></span> <span class='ocrx_word' id='word_1_136' title='bbox 1850 2119 2123 2176; x_wconf 82' lang='lat' dir='ltr'><strong>contineri,</strong></span> <span class='ocrx_word' id='word_1_137' title='bbox 2146 2127 2202 2169; x_wconf 89' lang='lat' dir='ltr'><strong>et</strong></span> <span class='ocrx_word' id='word_1_138' title='bbox 2231 2134 2383 2184; x_wconf 81' lang='lat' dir='ltr'><strong>quam</strong></span> <span class='ocrx_word' id='word_1_139' title='bbox 2407 2122 2620 2184; x_wconf 85' lang='lat' dir='ltr'><strong>populo,</strong></span> 
     </span>
    </p>
   </div>
   <div class='ocr_carea' id='block_1_8' title="bbox 429 2193 2621 2415">
    <p class='ocr_par' dir='ltr' id='par_1_9' title="bbox 429 2193 2621 2415">
     <span class='ocr_line' id='line_1_18' title="bbox 431 2193 2621 2259; baseline 0.003 -18"><span class='ocrx_word' id='word_1_140' title='bbox 431 2193 659 2244; x_wconf 84' lang='lat' dir='ltr'><strong>haberet.</strong></span> <span class='ocrx_word' id='word_1_141' title='bbox 1564 2202 1619 2244; x_wconf 91' lang='lat' dir='ltr'><strong>et</strong></span> <span class='ocrx_word' id='word_1_142' title='bbox 1663 2210 1817 2258; x_wconf 79' lang='lat' dir='ltr'><strong>quam</strong></span> <span class='ocrx_word' id='word_1_143' title='bbox 1870 2194 2100 2244; x_wconf 82' lang='lat' dir='ltr'><strong>vicorum</strong></span> <span class='ocrx_word' id='word_1_144' title='bbox 2144 2195 2402 2259; x_wconf 80' lang='lat' dir='ltr'><strong>magistris</strong></span> <span class='ocrx_word' id='word_1_145' title='bbox 2453 2195 2621 2247; x_wconf 88' lang='lat' dir='ltr'><strong>dedit.</strong></span> 
     </span>
     <span class='ocr_line' id='line_1_19' title="bbox 496 2271 2621 2337; baseline 0.001 -18"><span class='ocrx_word' id='word_1_146' title='bbox 496 2277 520 2303; x_wconf 85' lang='lat'>⁰</span> <span class='ocrx_word' id='word_1_147' title='bbox 559 2271 824 2334; x_wconf 73' lang='lat' dir='ltr'><strong>Universis]</strong></span> <span class='ocrx_word' id='word_1_148' title='bbox 875 2272 993 2323; x_wconf 85' lang='lat' dir='ltr'><strong>Hoc</strong></span> <span class='ocrx_word' id='word_1_149' title='bbox 1015 2277 1097 2323; x_wconf 85' lang='lat' dir='ltr'><strong>est</strong></span> <span class='ocrx_word' id='word_1_150' title='bbox 1131 2278 1236 2323; x_wconf 86' lang='lat' dir='ltr'><strong>tam</strong></span> <span class='ocrx_word' id='word_1_151' title='bbox 1255 2274 1484 2337; x_wconf 81' lang='lat' dir='ltr'><strong>legiona-</strong></span> <span class='ocrx_word' id='word_1_152' title='bbox 1566 2273 1698 2322; x_wconf 83' lang='lat' dir='ltr'><strong>Vide</strong></span> <span class='ocrx_word' id='word_1_153' title='bbox 1720 2273 1942 2337; x_wconf 79' lang='lat' dir='ltr'><strong>Augusti</strong></span> <span class='ocrx_word' id='word_1_154' title='bbox 1975 2274 2165 2337; x_wconf 79' lang='lat' dir='ltr'><strong>legata,</strong></span> <span class='ocrx_word' id='word_1_155' title='bbox 2189 2273 2242 2322; x_wconf 87' lang='lat' dir='ltr'><strong>in</strong></span> <span class='ocrx_word' id='word_1_156' title='bbox 2278 2273 2513 2337; x_wconf 85' lang='lat' dir='ltr'><strong>Augusto</strong></span> <span class='ocrx_word' id='word_1_157' title='bbox 2536 2288 2621 2323; x_wconf 84' lang='lat' dir='ltr'><strong>ca-</strong></span> 
     </span>
     <span class='ocr_line' id='line_1_20' title="bbox 429 2347 2620 2415; baseline 0.003 -20"><span class='ocrx_word' id='word_1_158' title='bbox 429 2347 519 2395; x_wconf 83' lang='lat' dir='ltr'><strong>riis</strong></span> <span class='ocrx_word' id='word_1_159' title='bbox 544 2362 694 2411; x_wconf 83' lang='lat' dir='ltr'><strong>quam</strong></span> <span class='ocrx_word' id='word_1_160' title='bbox 726 2348 1082 2415; x_wconf 81' lang='lat' dir='ltr'><strong>Praetorianis,</strong></span> <span class='ocrx_word' id='word_1_161' title='bbox 1103 2352 1204 2402; x_wconf 74' lang='grc' dir='ltr'><strong>διο.</strong></span> <span class='ocrx_word' id='word_1_162' title='bbox 1271 2349 1409 2401; x_wconf 88' lang='lat' dir='ltr'><strong>Vide</strong></span> <span class='ocrx_word' id='word_1_163' title='bbox 1431 2351 1486 2401; x_wconf 90' lang='lat' dir='ltr'><strong>in</strong></span> <span class='ocrx_word' id='word_1_164' title='bbox 1569 2351 1681 2415; x_wconf 88' lang='lat' dir='ltr'><strong>pite</strong></span> <span class='ocrx_word' id='word_1_165' title='bbox 1717 2351 1934 2400; x_wconf 83' lang='lat' dir='ltr'><strong>ultimo:</strong></span> <span class='ocrx_word' id='word_1_166' title='bbox 1985 2349 2165 2399; x_wconf 85' lang='lat' dir='ltr'><strong>horum</strong></span> <span class='ocrx_word' id='word_1_167' title='bbox 2202 2350 2335 2398; x_wconf 87' lang='lat' dir='ltr'><strong>enim</strong></span> <span class='ocrx_word' id='word_1_168' title='bbox 2360 2350 2423 2398; x_wconf 77' lang='lat' dir='ltr'><strong>ad</strong></span> <span class='ocrx_word' id='word_1_169' title='bbox 2448 2365 2620 2401; x_wconf 83' lang='lat' dir='ltr'><strong>exem-</strong></span> 
     </span>
    </p>
   </div>
   <div class='ocr_carea' id='block_1_9' title="bbox 432 2422 2512 2496">
    <p class='ocr_par' dir='ltr' id='par_1_10' title="bbox 432 2422 2512 2496">
     <span class='ocr_line' id='line_1_21' title="bbox 432 2422 2512 2496; baseline 0.003 -23"><span class='ocrx_word' id='word_1_170' title='bbox 432 2422 665 2489; x_wconf 79' lang='lat' dir='ltr'><strong>Augusto</strong></span> <span class='ocrx_word' id='word_1_171' title='bbox 689 2438 805 2490; x_wconf 82' lang='lat' dir='ltr'><strong>cap.</strong></span> <span class='ocrx_word' id='word_1_172' title='bbox 829 2426 925 2478; x_wconf 89' lang='lat' dir='ltr'><strong>ult.</strong></span> <span class='ocrx_word' id='word_1_173' title='bbox 1523 2486 1533 2496; x_wconf 35' lang='lat'><em>⁶</em></span> <span class='ocrx_word' id='word_1_174' title='bbox 1571 2429 1713 2493; x_wconf 84' lang='lat' dir='ltr'><strong>plum</strong></span> <span class='ocrx_word' id='word_1_175' title='bbox 1734 2442 1829 2480; x_wconf 80' lang='lat' dir='ltr'><strong>sua</strong></span> <span class='ocrx_word' id='word_1_176' title='bbox 1850 2426 2212 2479; x_wconf 81' lang='lat' dir='ltr'><strong>verosimiliter</strong></span> <span class='ocrx_word' id='word_1_177' title='bbox 2232 2426 2512 2479; x_wconf 81' lang='lat' dir='ltr'><strong>ordinarat.</strong></span> 
     </span>
    </p>
   </div>
  </div>
 </body>
</html>
