<?xml version="1.0" encoding="UTF-8"?>
<!DOCTYPE html PUBLIC "-//W3C//DTD XHTML 1.0 Transitional//EN"
    "http://www.w3.org/TR/xhtml1/DTD/xhtml1-transitional.dtd">
<html xmlns="http://www.w3.org/1999/xhtml" xml:lang="en" lang="en">
 <head>
  <title>
</title>
<meta http-equiv="Content-Type" content="text/html;charset=utf-8" />
  <meta name='ocr-system' content='tesseract 3.04.00' />
  <meta name='ocr-capabilities' content='ocr_page ocr_carea ocr_par ocr_line ocrx_word'/>
</head>
<body>
  <div class='ocr_page' id='page_1' title='image "./operaomniaexedi04suetgoog/operaomniaexedi04suetgoog_0313.png"; bbox 0 0 3019 4922; ppageno 0'>
   <div class='ocr_carea' id='block_1_1' title="bbox 2360 383 2491 450">
    <p class='ocr_par' dir='ltr' id='par_1_1' title="bbox 2360 383 2491 450">
     <span class='ocr_line' id='line_1_1' title="bbox 2360 383 2491 450; baseline 0 0"><span class='ocrx_word' id='word_1_1' title='bbox 2360 383 2491 450; x_wconf 79' lang='lat'><strong>303</strong></span> 
     </span>
    </p>
   </div>
   <div class='ocr_carea' id='block_1_2' title="bbox 295 538 2495 1344">
    <p class='ocr_par' dir='ltr' id='par_1_2' title="bbox 295 538 2495 1344">
     <span class='ocr_line' id='line_1_2' title="bbox 300 538 2489 625; baseline 0.003 -22"><span class='ocrx_word' id='word_1_2' title='bbox 300 547 451 605; x_wconf 83' lang='lat' dir='ltr'><strong>tunc</strong></span> <span class='ocrx_word' id='word_1_3' title='bbox 500 539 949 615; x_wconf 50' lang='lat' dir='ltr'><strong>exulantem?</strong></span> <span class='ocrx_word' id='word_1_4' title='bbox 998 538 1188 624; x_wconf 84' lang='lat' dir='ltr'><strong>[legit</strong></span> <span class='ocrx_word' id='word_1_5' title='bbox 1211 538 1259 621; x_wconf 73' lang='grc' dir='ltr'><strong>ς]</strong></span> <span class='ocrx_word' id='word_1_6' title='bbox 1302 539 1749 623; x_wconf 82' lang='lat' dir='ltr'><strong>interrogatus</strong></span> <span class='ocrx_word' id='word_1_7' title='bbox 1775 543 1974 625; x_wconf 89' lang='lat' dir='ltr'><strong>[que]</strong></span> <span class='ocrx_word' id='word_1_8' title='bbox 2004 551 2056 581; x_wconf 90' lang='lat'><strong>¹0</strong></span> <span class='ocrx_word' id='word_1_9' title='bbox 2119 545 2205 607; x_wconf 89' lang='lat' dir='ltr'><strong>ab</strong></span> <span class='ocrx_word' id='word_1_10' title='bbox 2249 564 2354 623; x_wconf 89' lang='lat' dir='ltr'><strong>eo,</strong></span> <span class='ocrx_word' id='word_1_11' title='bbox 2402 563 2489 610; x_wconf 86' lang='lat' dir='ltr'><strong>an</strong></span> 
     </span>
     <span class='ocr_line' id='line_1_3' title="bbox 298 642 2491 729; baseline 0.004 -24"><span class='ocrx_word' id='word_1_12' title='bbox 298 649 515 707; x_wconf 85' lang='lat' dir='ltr'><strong>essent</strong></span> <span class='ocrx_word' id='word_1_13' title='bbox 566 643 684 707; x_wconf 83' lang='lat' dir='ltr'><strong>alii</strong></span> <span class='ocrx_word' id='word_1_14' title='bbox 715 642 1063 724; x_wconf 60' lang='lat' dir='ltr'><strong>digniores»,</strong></span> <span class='ocrx_word' id='word_1_15' title='bbox 1112 648 1133 678; x_wconf 89' lang='lat'>‘</span> <span class='ocrx_word' id='word_1_16' title='bbox 1157 643 1366 708; x_wconf 91' lang='lat' dir='ltr'><strong>Suum</strong></span> <span class='ocrx_word' id='word_1_17' title='bbox 1409 663 1740 728; x_wconf 83' lang='lat' dir='ltr'><strong>quemque</strong></span> <span class='ocrx_word' id='word_1_18' title='bbox 1763 652 1781 683; x_wconf 88' lang='lat'><em>¹</em></span> <span class='ocrx_word' id='word_1_19' title='bbox 1827 646 2156 729; x_wconf 87' lang='lat' dir='ltr'><strong>judicium</strong></span> <span class='ocrx_word' id='word_1_20' title='bbox 2202 649 2491 725; x_wconf 83' lang='lat' dir='ltr'><strong>habere,’</strong></span> 
     </span>
     <span class='ocr_line' id='line_1_4' title="bbox 295 744 2492 827; baseline 0.002 -18"><span class='ocrx_word' id='word_1_21' title='bbox 295 744 655 827; x_wconf 87' lang='lat' dir='ltr'><strong>respondit.</strong></span> <span class='ocrx_word' id='word_1_22' title='bbox 747 745 814 811; x_wconf 90' lang='lat' dir='ltr'>N</span> <span class='ocrx_word' id='word_1_23' title='bbox 817 765 896 811; x_wconf 83' lang='lat' dir='ltr'><strong>ee</strong></span> <span class='ocrx_word' id='word_1_24' title='bbox 923 747 1080 812; x_wconf 88' lang='lat' dir='ltr'><strong>ideo</strong></span> <span class='ocrx_word' id='word_1_25' title='bbox 1133 748 1407 812; x_wconf 84' lang='lat' dir='ltr'><strong>libertas</strong></span> <span class='ocrx_word' id='word_1_26' title='bbox 1439 753 1558 812; x_wconf 85' lang='lat' dir='ltr'><strong>aut</strong></span> <span class='ocrx_word' id='word_1_27' title='bbox 1588 751 2012 814; x_wconf 84' lang='lat' dir='ltr'><strong>contumacia</strong></span> <span class='ocrx_word' id='word_1_28' title='bbox 2032 759 2059 785; x_wconf 76' lang='lat'>¹</span> <span class='ocrx_word' id='word_1_29' title='bbox 2087 748 2308 815; x_wconf 85' lang='lat' dir='ltr'><strong>fraudi</strong></span> <span class='ocrx_word' id='word_1_30' title='bbox 2352 752 2492 815; x_wconf 87' lang='lat' dir='ltr'><strong>cui·-</strong></span> 
     </span>
     <span class='ocr_line' id='line_1_5' title="bbox 296 847 2495 933; baseline 0.003 -23"><span class='ocrx_word' id='word_1_31' title='bbox 296 866 493 930; x_wconf 89' lang='lat' dir='ltr'><strong>quam</strong></span> <span class='ocrx_word' id='word_1_32' title='bbox 514 847 693 912; x_wconf 63' lang='grc' dir='ltr'><strong>ΐιιίῐ.2</strong></span> <span class='ocrx_word' id='word_1_33' title='bbox 766 849 926 930; x_wconf 61' lang='grc' dir='ltr'>[ὀᾶ]</span> <span class='ocrx_word' id='word_1_34' title='bbox 954 851 1173 914; x_wconf 86' lang='lat' dir='ltr'><strong>Etiam</strong></span> <span class='ocrx_word' id='word_1_35' title='bbox 1206 869 1485 933; x_wconf 86' lang='lat' dir='ltr'><strong>sparsos</strong></span> <span class='ocrx_word' id='word_1_36' title='bbox 1526 849 1612 914; x_wconf 87' lang='lat' dir='ltr'><strong>de</strong></span> <span class='ocrx_word' id='word_1_37' title='bbox 1645 870 1719 914; x_wconf 89' lang='lat' dir='ltr'><strong>se</strong></span> <span class='ocrx_word' id='word_1_38' title='bbox 1741 852 1810 914; x_wconf 89' lang='lat' dir='ltr'><strong>in</strong></span> <span class='ocrx_word' id='word_1_39' title='bbox 1843 851 2047 916; x_wconf 87' lang='lat' dir='ltr'><strong>Curia</strong></span> <span class='ocrx_word' id='word_1_40' title='bbox 2077 853 2374 917; x_wconf 86' lang='lat' dir='ltr'><strong>famosos</strong></span> <span class='ocrx_word' id='word_1_41' title='bbox 2412 853 2495 916; x_wconf 89' lang='lat' dir='ltr'><strong>li·</strong></span> 
     </span>
     <span class='ocr_line' id='line_1_6' title="bbox 295 950 2491 1036; baseline 0.002 -24"><span class='ocrx_word' id='word_1_42' title='bbox 295 950 501 1014; x_wconf 84' lang='lat' dir='ltr'><strong>bellos</strong></span> <span class='ocrx_word' id='word_1_43' title='bbox 548 970 674 1015; x_wconf 88' lang='lat' dir='ltr'><strong>nec</strong></span> <span class='ocrx_word' id='word_1_44' title='bbox 717 953 1017 1034; x_wconf 83' lang='lat' dir='ltr'><strong>expavit,</strong></span> <span class='ocrx_word' id='word_1_45' title='bbox 1063 956 1236 1017; x_wconf 81' lang='lat' dir='ltr'><strong>nec³</strong></span> <span class='ocrx_word' id='word_1_46' title='bbox 1286 970 1527 1035; x_wconf 85' lang='lat' dir='ltr'><strong>magna</strong></span> <span class='ocrx_word' id='word_1_47' title='bbox 1583 962 1792 1017; x_wconf 53' lang='lat' dir='ltr'><strong>cura&amp;</strong></span> <span class='ocrx_word' id='word_1_48' title='bbox 1834 954 2206 1036; x_wconf 78' lang='lat' dir='ltr'>redarguit:</span> <span class='ocrx_word' id='word_1_49' title='bbox 2251 974 2356 1027; x_wconf 87' lang='lat' dir='ltr'><strong>ac,</strong></span> <span class='ocrx_word' id='word_1_50' title='bbox 2406 974 2491 1018; x_wconf 87' lang='lat' dir='ltr'><strong>ne</strong></span> 
     </span>
     <span class='ocr_line' id='line_1_7' title="bbox 295 1052 2489 1139; baseline 0.002 -25"><span class='ocrx_word' id='word_1_51' title='bbox 295 1053 627 1133; x_wconf 83' lang='lat' dir='ltr'><strong>requisitis</strong></span> <span class='ocrx_word' id='word_1_52' title='bbox 657 1052 925 1136; x_wconf 88' lang='lat' dir='ltr'><strong>quidem</strong></span> <span class='ocrx_word' id='word_1_53' title='bbox 957 1053 1369 1132; x_wconf 85' lang='lat' dir='ltr'><strong>auctoribus,</strong></span> <span class='ocrx_word' id='word_1_54' title='bbox 1411 1054 1482 1119; x_wconf 90' lang='lat' dir='ltr'><strong>id</strong></span> <span class='ocrx_word' id='word_1_55' title='bbox 1526 1054 1729 1119; x_wconf 89' lang='lat' dir='ltr'><strong>modo</strong></span> <span class='ocrx_word' id='word_1_56' title='bbox 1762 1057 2048 1134; x_wconf 71' lang='lat' dir='ltr'><strong>censuit,</strong></span> <span class='ocrx_word' id='word_1_57' title='bbox 2080 1075 2489 1139; x_wconf 81' lang='lat' dir='ltr'><strong>cognoscen-</strong></span> 
     </span>
     <span class='ocr_line' id='line_1_8' title="bbox 296 1153 2489 1238; baseline 0.003 -22"><span class='ocrx_word' id='word_1_58' title='bbox 296 1153 452 1217; x_wconf 87' lang='lat' dir='ltr'><strong>dum</strong></span> <span class='ocrx_word' id='word_1_59' title='bbox 481 1154 756 1235; x_wconf 86' lang='lat' dir='ltr'><strong>posthac</strong></span> <span class='ocrx_word' id='word_1_60' title='bbox 788 1154 870 1219; x_wconf 88' lang='lat' dir='ltr'><strong>de</strong></span> <span class='ocrx_word' id='word_1_61' title='bbox 900 1156 1010 1228; x_wconf 76' lang='lat' dir='ltr'><strong>iia,</strong></span> <span class='ocrx_word' id='word_1_62' title='bbox 1036 1156 1152 1238; x_wconf 92' lang='lat' dir='ltr'><strong>qni</strong></span> <span class='ocrx_word' id='word_1_63' title='bbox 1182 1155 1447 1219; x_wconf 88' lang='lat' dir='ltr'><strong>libellos</strong></span> <span class='ocrx_word' id='word_1_64' title='bbox 1480 1164 1600 1221; x_wconf 85' lang='lat' dir='ltr'><strong>aut</strong></span> <span class='ocrx_word' id='word_1_65' title='bbox 1629 1160 1925 1221; x_wconf 87' lang='lat' dir='ltr'><strong>carmina</strong></span> <span class='ocrx_word' id='word_1_66' title='bbox 1943 1166 1968 1192; x_wconf 78' lang='lat'>²</span> <span class='ocrx_word' id='word_1_67' title='bbox 2011 1159 2094 1222; x_wconf 87' lang='lat' dir='ltr'><strong>ad</strong></span> <span class='ocrx_word' id='word_1_68' title='bbox 2141 1159 2489 1223; x_wconf 83' lang='lat' dir='ltr'><strong>infamiam</strong></span> 
     </span>
     <span class='ocr_line' id='line_1_9' title="bbox 296 1256 2486 1344; baseline 0.003 -26"><span class='ocrx_word' id='word_1_69' title='bbox 296 1256 669 1339; x_wconf 86' lang='lat' dir='ltr'><strong>cujuspiam</strong></span> <span class='ocrx_word' id='word_1_70' title='bbox 721 1259 844 1321; x_wconf 89' lang='lat' dir='ltr'><strong>sub</strong></span> <span class='ocrx_word' id='word_1_71' title='bbox 894 1257 1115 1322; x_wconf 83' lang='lat' dir='ltr'><strong>alieno</strong></span> <span class='ocrx_word' id='word_1_72' title='bbox 1162 1259 1531 1323; x_wconf 78' lang='lat' dir='ltr'><strong>nomine⁴²</strong></span> <span class='ocrx_word' id='word_1_73' title='bbox 1578 1259 1801 1324; x_wconf 84' lang='lat' dir='ltr'><strong>edant.</strong></span> <span class='ocrx_word' id='word_1_74' title='bbox 1853 1260 2175 1326; x_wconf 70' lang='lat' dir='ltr'><strong>&#39;Jocis5b</strong></span> <span class='ocrx_word' id='word_1_75' title='bbox 2222 1280 2486 1344; x_wconf 86' lang='lat' dir='ltr'><strong>quoque</strong></span> 
     </span>
    </p>
   </div>
   <div class='ocr_carea' id='block_1_3' title="bbox 1196 395 1602 445">
    <p class='ocr_par' dir='ltr' id='par_1_3' title="bbox 1196 395 1602 445">
     <span class='ocr_line' id='line_1_10' title="bbox 1196 395 1602 445; baseline 0.005 -3"><span class='ocrx_word' id='word_1_76' title='bbox 1196 395 1602 445; x_wconf 77' lang='lat' dir='ltr'><strong>OCTAVIUS.</strong></span> 
     </span>
    </p>
   </div>
   <div class='ocr_carea' id='block_1_4' title="bbox 1204 1458 1566 1480">
    <p class='ocr_par' dir='ltr' id='par_1_4' title="bbox 1204 1458 1566 1480">
     <span class='ocr_line' id='line_1_11' title="bbox 1204 1458 1566 1480; baseline 0 0"><span class='ocrx_word' id='word_1_77' title='bbox 1204 1460 1261 1479; x_wconf 54' lang='lat' dir='ltr'><strong>&amp;O</strong></span> <span class='ocrx_word' id='word_1_78' title='bbox 1265 1460 1296 1480; x_wconf 60' lang='grc' dir='ltr'><em>Ο</em></span> <span class='ocrx_word' id='word_1_79' title='bbox 1300 1458 1473 1480; x_wconf 57' lang='lat' dir='ltr'><strong>mee&amp;</strong></span> <span class='ocrx_word' id='word_1_80' title='bbox 1477 1458 1566 1480; x_wconf 67' lang='lat'><strong>000·</strong></span> 
     </span>
    </p>
   </div>
   <div class='ocr_carea' id='block_1_5' title="bbox 290 1579 2488 2235">
    <p class='ocr_par' dir='ltr' id='par_1_5' title="bbox 290 1579 2488 2235">
     <span class='ocr_line' id='line_1_12' title="bbox 295 1579 2488 1648; baseline 0.003 -19"><span class='ocrx_word' id='word_1_81' title='bbox 295 1580 378 1629; x_wconf 81' lang='lat' dir='ltr'><strong>bet</strong></span> <span class='ocrx_word' id='word_1_82' title='bbox 398 1579 515 1630; x_wconf 87' lang='lat' dir='ltr'><strong>Pin.</strong></span> <span class='ocrx_word' id='word_1_83' title='bbox 539 1581 716 1632; x_wconf 76' lang='lat' dir='ltr'><strong>hostem</strong></span> <span class='ocrx_word' id='word_1_84' title='bbox 736 1583 793 1645; x_wconf 65' lang='grc' dir='ltr'><strong>«ᾗ.</strong></span> <span class='ocrx_word' id='word_1_85' title='bbox 816 1584 874 1633; x_wconf 82' lang='lat' dir='ltr'><strong>ol.</strong></span> <span class='ocrx_word' id='word_1_86' title='bbox 897 1589 950 1633; x_wconf 88' lang='lat' dir='ltr'><strong>et</strong></span> <span class='ocrx_word' id='word_1_87' title='bbox 971 1583 1116 1647; x_wconf 77' lang='lat' dir='ltr'><strong>elegit</strong></span> <span class='ocrx_word' id='word_1_88' title='bbox 1136 1585 1290 1635; x_wconf 76' lang='lat' dir='ltr'><strong>vind.</strong></span> <span class='ocrx_word' id='word_1_89' title='bbox 1309 1589 1352 1636; x_wconf 93' lang='lat'><strong>1.</strong></span> <span class='ocrx_word' id='word_1_90' title='bbox 1375 1586 1690 1635; x_wconf 69' lang='lat' dir='ltr'><strong>exsultantem</strong></span> <span class='ocrx_word' id='word_1_91' title='bbox 1705 1583 1948 1648; x_wconf 55' lang='lat' dir='ltr'><strong>cuja—10</strong></span> <span class='ocrx_word' id='word_1_92' title='bbox 1983 1582 2488 1647; x_wconf 62' lang='lat' dir='ltr'><strong>laten-rogantibusque</strong></span> 
     </span>
     <span class='ocr_line' id='line_1_13' title="bbox 294 1645 2486 1713; baseline 0.002 -18"><span class='ocrx_word' id='word_1_93' title='bbox 294 1645 524 1695; x_wconf 73' lang='lat' dir='ltr'><strong>Han-lem.</strong></span> <span class='ocrx_word' id='word_1_94' title='bbox 550 1647 726 1697; x_wconf 74' lang='lat' dir='ltr'><strong>Burni.</strong></span> <span class='ocrx_word' id='word_1_95' title='bbox 752 1649 962 1698; x_wconf 86' lang='lat' dir='ltr'><strong>tolerari</strong></span> <span class='ocrx_word' id='word_1_96' title='bbox 986 1663 1133 1712; x_wconf 87' lang='lat' dir='ltr'><strong>posse</strong></span> <span class='ocrx_word' id='word_1_97' title='bbox 1158 1653 1398 1713; x_wconf 75' lang='lat' dir='ltr'><strong>opinatur</strong></span> <span class='ocrx_word' id='word_1_98' title='bbox 1421 1651 1829 1712; x_wconf 72' lang='lat' dir='ltr'><strong>interrogantique</strong></span> <span class='ocrx_word' id='word_1_99' title='bbox 1860 1664 1921 1697; x_wconf 81' lang='lat' dir='ltr'><strong>an</strong></span> <span class='ocrx_word' id='word_1_100' title='bbox 1955 1654 2123 1698; x_wconf 78' lang='lat' dir='ltr'><strong>essent.</strong></span> <span class='ocrx_word' id='word_1_101' title='bbox 2180 1649 2306 1698; x_wconf 84' lang='lat' dir='ltr'><strong>Mox</strong></span> <span class='ocrx_word' id='word_1_102' title='bbox 2328 1663 2486 1699; x_wconf 81' lang='lat' dir='ltr'><strong>annon</strong></span> 
     </span>
     <span class='ocr_line' id='line_1_14' title="bbox 292 1711 2484 1777; baseline 0.002 -20"><span class='ocrx_word' id='word_1_103' title='bbox 292 1716 438 1759; x_wconf 82' lang='lat' dir='ltr'><strong>essent</strong></span> <span class='ocrx_word' id='word_1_104' title='bbox 464 1711 563 1759; x_wconf 87' lang='lat' dir='ltr'><strong>Ed.</strong></span> <span class='ocrx_word' id='word_1_105' title='bbox 588 1713 769 1777; x_wconf 86' lang='lat' dir='ltr'><strong>Steph.</strong></span> <span class='ocrx_word' id='word_1_106' title='bbox 794 1715 1062 1775; x_wconf 87' lang='lat' dir='ltr'><strong>probatum</strong></span> <span class='ocrx_word' id='word_1_107' title='bbox 1087 1717 1252 1766; x_wconf 72' lang='lat' dir='ltr'><strong>ScriV.</strong></span> <span class='ocrx_word' id='word_1_108' title='bbox 1283 1724 1336 1765; x_wconf 85' lang='lat' dir='ltr'><strong>et</strong></span> <span class='ocrx_word' id='word_1_109' title='bbox 1362 1715 1484 1764; x_wconf 82' lang='lat' dir='ltr'><strong>Eru.</strong></span> <span class='ocrx_word' id='word_1_110' title='bbox 1523 1715 1765 1777; x_wconf 80' lang='lat' dir='ltr'><strong>conjecit</strong></span> <span class='ocrx_word' id='word_1_111' title='bbox 1794 1713 2017 1763; x_wconf 81' lang='lat' dir='ltr'><strong>Reitzius</strong></span> <span class='ocrx_word' id='word_1_112' title='bbox 2039 1716 2270 1764; x_wconf 64' lang='lat' dir='ltr'><strong>anna—1</strong></span> <span class='ocrx_word' id='word_1_113' title='bbox 2309 1714 2484 1770; x_wconf 77' lang='lat' dir='ltr'><strong>Quem-</strong></span> 
     </span>
     <span class='ocr_line' id='line_1_15' title="bbox 292 1776 2486 1844; baseline 0.002 -22"><span class='ocrx_word' id='word_1_114' title='bbox 292 1788 425 1837; x_wconf 78' lang='lat' dir='ltr'><strong>quam</strong></span> <span class='ocrx_word' id='word_1_115' title='bbox 460 1776 616 1825; x_wconf 81' lang='lat' dir='ltr'><strong>vind.</strong></span> <span class='ocrx_word' id='word_1_116' title='bbox 650 1782 700 1829; x_wconf 78' lang='lat'><strong>2.</strong></span> <span class='ocrx_word' id='word_1_117' title='bbox 737 1777 866 1828; x_wconf 86' lang='lat' dir='ltr'><strong>Tum</strong></span> <span class='ocrx_word' id='word_1_118' title='bbox 903 1795 963 1830; x_wconf 81' lang='lat' dir='ltr'><strong>ne</strong></span> <span class='ocrx_word' id='word_1_119' title='bbox 994 1780 1098 1830; x_wconf 77' lang='lat' dir='ltr'><strong>ideo</strong></span> <span class='ocrx_word' id='word_1_120' title='bbox 1137 1779 1353 1844; x_wconf 76' lang='lat' dir='ltr'><strong>Cuj.-2</strong></span> <span class='ocrx_word' id='word_1_121' title='bbox 1392 1779 1773 1839; x_wconf 67' lang='lat' dir='ltr'><strong>Contamfandi</strong></span> <span class='ocrx_word' id='word_1_122' title='bbox 1811 1779 1932 1841; x_wconf 70' lang='lat' dir='ltr'><strong>cuiq.</strong></span> <span class='ocrx_word' id='word_1_123' title='bbox 1966 1778 2116 1837; x_wconf 62' lang='lat' dir='ltr'><strong>defuit</strong></span> <span class='ocrx_word' id='word_1_124' title='bbox 2153 1778 2311 1827; x_wconf 87' lang='lat' dir='ltr'><strong>Fouc.</strong></span> <span class='ocrx_word' id='word_1_125' title='bbox 2335 1779 2486 1838; x_wconf 73' lang='lat' dir='ltr'><strong>destdt</strong></span> 
     </span>
     <span class='ocr_line' id='line_1_16' title="bbox 292 1840 2484 1907; baseline 0.002 -20"><span class='ocrx_word' id='word_1_126' title='bbox 292 1841 442 1888; x_wconf 84' lang='lat' dir='ltr'><strong>etiam</strong></span> <span class='ocrx_word' id='word_1_127' title='bbox 464 1840 592 1890; x_wconf 89' lang='lat' dir='ltr'><strong>dant</strong></span> <span class='ocrx_word' id='word_1_128' title='bbox 615 1841 812 1894; x_wconf 84' lang='lat' dir='ltr'><strong>Medic.</strong></span> <span class='ocrx_word' id='word_1_129' title='bbox 841 1848 889 1893; x_wconf 85' lang='grc'><strong>2.</strong></span> <span class='ocrx_word' id='word_1_130' title='bbox 908 1846 1045 1894; x_wconf 88' lang='lat' dir='ltr'><strong>Dun.</strong></span> <span class='ocrx_word' id='word_1_131' title='bbox 1068 1846 1314 1895; x_wconf 55' lang='lat' dir='ltr'><strong>Voss—8</strong></span> <span class='ocrx_word' id='word_1_132' title='bbox 1349 1841 1431 1893; x_wconf 87' lang='lat' dir='ltr'><strong>Ita</strong></span> <span class='ocrx_word' id='word_1_133' title='bbox 1456 1845 1601 1896; x_wconf 78' lang='lat' dir='ltr'><strong>Fert.</strong></span> <span class='ocrx_word' id='word_1_134' title='bbox 1621 1845 1708 1907; x_wconf 86' lang='lat' dir='ltr'><strong>qui</strong></span> <span class='ocrx_word' id='word_1_135' title='bbox 1734 1850 1787 1892; x_wconf 85' lang='lat' dir='ltr'><strong>et</strong></span> <span class='ocrx_word' id='word_1_136' title='bbox 1811 1845 2006 1892; x_wconf 87' lang='lat' dir='ltr'><strong>omittit</strong></span> <span class='ocrx_word' id='word_1_137' title='bbox 2039 1858 2112 1904; x_wconf 83' lang='lat' dir='ltr'><strong>ac,</strong></span> <span class='ocrx_word' id='word_1_138' title='bbox 2135 1850 2189 1892; x_wconf 90' lang='lat' dir='ltr'><strong>et</strong></span> <span class='ocrx_word' id='word_1_139' title='bbox 2211 1843 2484 1905; x_wconf 75' lang='lat' dir='ltr'><strong>distinguit</strong></span> 
     </span>
     <span class='ocr_line' id='line_1_17' title="bbox 291 1906 2486 1973; baseline 0.002 -21"><span class='ocrx_word' id='word_1_140' title='bbox 291 1911 406 1968; x_wconf 81' lang='lat' dir='ltr'><strong>post</strong></span> <span class='ocrx_word' id='word_1_141' title='bbox 423 1906 655 1956; x_wconf 70' lang='lat' dir='ltr'><strong>auctorit).</strong></span> <span class='ocrx_word' id='word_1_142' title='bbox 692 1907 866 1958; x_wconf 85' lang='lat' dir='ltr'><strong>Antea</strong></span> <span class='ocrx_word' id='word_1_143' title='bbox 886 1910 1160 1971; x_wconf 81' lang='lat' dir='ltr'><strong>legebatur</strong></span> <span class='ocrx_word' id='word_1_144' title='bbox 1181 1916 1229 1960; x_wconf 82' lang='lat' dir='ltr'><strong>et</strong></span> <span class='ocrx_word' id='word_1_145' title='bbox 1245 1924 1438 1973; x_wconf 83' lang='lat' dir='ltr'><strong>magna,</strong></span> <span class='ocrx_word' id='word_1_146' title='bbox 1457 1922 1710 1958; x_wconf 86' lang='lat' dir='ltr'><strong>consensu</strong></span> <span class='ocrx_word' id='word_1_147' title='bbox 1735 1908 1864 1957; x_wconf 87' lang='lat' dir='ltr'><strong>Mss.</strong></span> <span class='ocrx_word' id='word_1_148' title='bbox 1888 1917 1943 1958; x_wconf 88' lang='lat' dir='ltr'><strong>et</strong></span> <span class='ocrx_word' id='word_1_149' title='bbox 1969 1906 2100 1956; x_wconf 81' lang='lat' dir='ltr'><strong>Edd.</strong></span> <span class='ocrx_word' id='word_1_150' title='bbox 2125 1908 2273 1957; x_wconf 82' lang='lat' dir='ltr'><strong>Vett.</strong></span> <span class='ocrx_word' id='word_1_151' title='bbox 2305 1907 2486 1957; x_wconf 86' lang='lat' dir='ltr'><strong>Burm.</strong></span> 
     </span>
     <span class='ocr_line' id='line_1_18' title="bbox 290 1969 2484 2039; baseline 0.001 -23"><span class='ocrx_word' id='word_1_152' title='bbox 290 1969 424 2032; x_wconf 78' lang='lat' dir='ltr'><strong>conj.</strong></span> <span class='ocrx_word' id='word_1_153' title='bbox 446 1975 710 2034; x_wconf 77' lang='lat' dir='ltr'><strong>autmogn.</strong></span> <span class='ocrx_word' id='word_1_154' title='bbox 746 1976 1001 2036; x_wconf 77' lang='lat' dir='ltr'><strong>probante</strong></span> <span class='ocrx_word' id='word_1_155' title='bbox 1027 1974 1165 2025; x_wconf 89' lang='lat' dir='ltr'><strong>Oud.</strong></span> <span class='ocrx_word' id='word_1_156' title='bbox 1189 1989 1274 2024; x_wconf 81' lang='lat' dir='ltr'><strong>nee</strong></span> <span class='ocrx_word' id='word_1_157' title='bbox 1311 1988 1518 2039; x_wconf 86' lang='lat' dir='ltr'><strong>quoque</strong></span> <span class='ocrx_word' id='word_1_158' title='bbox 1550 1979 1725 2023; x_wconf 84' lang='lat' dir='ltr'><strong>servat</strong></span> <span class='ocrx_word' id='word_1_159' title='bbox 1756 1986 1914 2035; x_wconf 84' lang='lat' dir='ltr'><strong>marg.</strong></span> <span class='ocrx_word' id='word_1_160' title='bbox 1954 1972 2156 2036; x_wconf 84' lang='lat' dir='ltr'><strong>Grypb.</strong></span> <span class='ocrx_word' id='word_1_161' title='bbox 2192 1972 2326 2021; x_wconf 83' lang='lat' dir='ltr'><strong>Dein</strong></span> <span class='ocrx_word' id='word_1_162' title='bbox 2349 1976 2401 2019; x_wconf 85' lang='lat' dir='ltr'><strong>at</strong></span> <span class='ocrx_word' id='word_1_163' title='bbox 2426 1987 2484 2020; x_wconf 84' lang='lat' dir='ltr'><strong>ne</strong></span> 
     </span>
     <span class='ocr_line' id='line_1_19' title="bbox 292 2031 2484 2100; baseline 0.001 -18"><span class='ocrx_word' id='word_1_164' title='bbox 292 2031 543 2084; x_wconf 64' lang='lat' dir='ltr'><strong>Forum—4</strong></span> <span class='ocrx_word' id='word_1_165' title='bbox 576 2037 766 2087; x_wconf 87' lang='lat' dir='ltr'><strong>Mallet</strong></span> <span class='ocrx_word' id='word_1_166' title='bbox 784 2037 930 2088; x_wconf 82' lang='lat' dir='ltr'><strong>Torr.</strong></span> <span class='ocrx_word' id='word_1_167' title='bbox 952 2053 1036 2087; x_wconf 82' lang='lat' dir='ltr'><strong>suo</strong></span> <span class='ocrx_word' id='word_1_168' title='bbox 1056 2041 1262 2089; x_wconf 82' lang='lat' dir='ltr'><strong>alienove</strong></span> <span class='ocrx_word' id='word_1_169' title='bbox 1282 2041 1482 2090; x_wconf 76' lang='lat' dir='ltr'><strong>nomine.</strong></span> <span class='ocrx_word' id='word_1_170' title='bbox 1525 2038 1689 2088; x_wconf 89' lang='lat' dir='ltr'><strong>Paulo</strong></span> <span class='ocrx_word' id='word_1_171' title='bbox 1714 2043 1831 2087; x_wconf 89' lang='lat' dir='ltr'><strong>ante</strong></span> <span class='ocrx_word' id='word_1_172' title='bbox 1855 2039 1912 2086; x_wconf 81' lang='lat' dir='ltr'><strong>de</strong></span> <span class='ocrx_word' id='word_1_173' title='bbox 1934 2037 2026 2098; x_wconf 75' lang='lat' dir='ltr'><strong>liis,</strong></span> <span class='ocrx_word' id='word_1_174' title='bbox 2050 2039 2125 2086; x_wconf 89' lang='lat' dir='ltr'><strong>uti</strong></span> <span class='ocrx_word' id='word_1_175' title='bbox 2144 2050 2307 2100; x_wconf 81' lang='lat' dir='ltr'><strong>saepe,</strong></span> <span class='ocrx_word' id='word_1_176' title='bbox 2326 2037 2484 2099; x_wconf 87' lang='lat' dir='ltr'><strong>pleri-</strong></span> 
     </span>
     <span class='ocr_line' id='line_1_20' title="bbox 292 2099 2481 2168; baseline 0.002 -23"><span class='ocrx_word' id='word_1_177' title='bbox 292 2113 388 2161; x_wconf 86' lang='lat' dir='ltr'><strong>que</strong></span> <span class='ocrx_word' id='word_1_178' title='bbox 407 2099 559 2150; x_wconf 85' lang='lat' dir='ltr'><strong>codd.</strong></span> <span class='ocrx_word' id='word_1_179' title='bbox 584 2109 638 2151; x_wconf 92' lang='lat' dir='ltr'><strong>et</strong></span> <span class='ocrx_word' id='word_1_180' title='bbox 664 2102 797 2151; x_wconf 89' lang='lat' dir='ltr'><strong>Edd.</strong></span> <span class='ocrx_word' id='word_1_181' title='bbox 859 2105 986 2152; x_wconf 84' lang='lat' dir='ltr'><strong>Tum</strong></span> <span class='ocrx_word' id='word_1_182' title='bbox 1011 2107 1200 2154; x_wconf 80' lang='lat' dir='ltr'><strong>ederent</strong></span> <span class='ocrx_word' id='word_1_183' title='bbox 1231 2106 1411 2168; x_wconf 85' lang='lat' dir='ltr'><strong>Stepb.</strong></span> <span class='ocrx_word' id='word_1_184' title='bbox 1446 2114 1502 2154; x_wconf 93' lang='lat' dir='ltr'><strong>et</strong></span> <span class='ocrx_word' id='word_1_185' title='bbox 1538 2104 1693 2155; x_wconf 82' lang='lat' dir='ltr'><strong>Grut.</strong></span> <span class='ocrx_word' id='word_1_186' title='bbox 1729 2116 1758 2151; x_wconf 89' lang='lat' dir='ltr'><strong>e</strong></span> <span class='ocrx_word' id='word_1_187' title='bbox 1792 2103 1907 2152; x_wconf 88' lang='lat' dir='ltr'><strong>cod.</strong></span> <span class='ocrx_word' id='word_1_188' title='bbox 1930 2102 2103 2152; x_wconf 88' lang='lat' dir='ltr'><strong>Ursiu.</strong></span> <span class='ocrx_word' id='word_1_189' title='bbox 2140 2104 2481 2151; x_wconf 59' lang='lat' dir='ltr'><strong>dederunt—5</strong></span> 
     </span>
     <span class='ocr_line' id='line_1_21' title="bbox 290 2164 2483 2235; baseline 0 -22"><span class='ocrx_word' id='word_1_190' title='bbox 290 2164 305 2189; x_wconf 89' lang='lat'>‘</span> <span class='ocrx_word' id='word_1_191' title='bbox 326 2164 457 2214; x_wconf 83' lang='lat' dir='ltr'><strong>Haec</strong></span> <span class='ocrx_word' id='word_1_192' title='bbox 479 2180 639 2231; x_wconf 89' lang='lat' dir='ltr'><strong>usque</strong></span> <span class='ocrx_word' id='word_1_193' title='bbox 668 2167 733 2215; x_wconf 89' lang='lat' dir='ltr'><strong>ad</strong></span> <span class='ocrx_word' id='word_1_194' title='bbox 752 2169 1015 2219; x_wconf 81' lang='lat' dir='ltr'><strong>intercessit</strong></span> <span class='ocrx_word' id='word_1_195' title='bbox 1038 2184 1154 2219; x_wconf 91' lang='lat' dir='ltr'><strong>cum</strong></span> <span class='ocrx_word' id='word_1_196' title='bbox 1188 2169 1442 2235; x_wconf 82' lang='lat' dir='ltr'><strong>superiori</strong></span> <span class='ocrx_word' id='word_1_197' title='bbox 1478 2170 1654 2234; x_wconf 87' lang='lat' dir='ltr'><strong>capite</strong></span> <span class='ocrx_word' id='word_1_198' title='bbox 1677 2167 1939 2233; x_wconf 85' lang='lat' dir='ltr'><strong>conjunxi,</strong></span> <span class='ocrx_word' id='word_1_199' title='bbox 1960 2181 2060 2231; x_wconf 90' lang='lat' dir='ltr'><strong>quo</strong></span> <span class='ocrx_word' id='word_1_200' title='bbox 2099 2165 2374 2231; x_wconf 55' lang='lat' dir='ltr'><strong>pertinere*</strong></span> <span class='ocrx_word' id='word_1_201' title='bbox 2400 2179 2483 2229; x_wconf 91' lang='lat' dir='ltr'><strong>ea,</strong></span> 
     </span>
    </p>
   </div>
   <div class='ocr_carea' id='block_1_6' title="bbox 1274 2331 1490 2385">
    <p class='ocr_par' dir='ltr' id='par_1_6' title="bbox 1274 2331 1490 2385">
     <span class='ocr_line' id='line_1_22' title="bbox 1274 2331 1490 2385; baseline -0.019 0"><span class='ocrx_word' id='word_1_202' title='bbox 1274 2331 1490 2385; x_wconf 76' lang='lat' dir='ltr'><strong>NOTAE</strong></span> 
     </span>
    </p>
   </div>
   <div class='ocr_carea' id='block_1_7' title="bbox 274 2445 1342 4348">
    <p class='ocr_par' dir='ltr' id='par_1_7' title="bbox 275 2445 1337 2584">
     <span class='ocr_line' id='line_1_23' title="bbox 348 2445 1337 2513; baseline 0.005 -18"><span class='ocrx_word' id='word_1_203' title='bbox 348 2452 381 2478; x_wconf 76' lang='lat' dir='ltr'><strong>w</strong></span> <span class='ocrx_word' id='word_1_204' title='bbox 404 2445 636 2509; x_wconf 72' lang='lat' dir='ltr'><strong>Lepidam</strong></span> <span class='ocrx_word' id='word_1_205' title='bbox 655 2480 669 2495; x_wconf 91' lang='lat'><strong>.</strong></span> <span class='ocrx_word' id='word_1_206' title='bbox 694 2480 708 2497; x_wconf 92' lang='lat'><strong>.</strong></span> <span class='ocrx_word' id='word_1_207' title='bbox 731 2482 744 2498; x_wconf 94' lang='lat'><strong>.</strong></span> <span class='ocrx_word' id='word_1_208' title='bbox 767 2480 780 2495; x_wconf 95' lang='lat'><strong>.</strong></span> <span class='ocrx_word' id='word_1_209' title='bbox 795 2447 1084 2512; x_wconf 72' lang='lat' dir='ltr'><strong>exulantem]</strong></span> <span class='ocrx_word' id='word_1_210' title='bbox 1118 2447 1337 2513; x_wconf 85' lang='lat' dir='ltr'><strong>Circeis,</strong></span> 
     </span>
     <span class='ocr_line' id='line_1_24' title="bbox 275 2525 698 2584; baseline 0.009 -16"><span class='ocrx_word' id='word_1_211' title='bbox 275 2527 346 2583; x_wconf 41' lang='lat' dir='ltr'><strong>,nt</strong></span> <span class='ocrx_word' id='word_1_212' title='bbox 368 2535 526 2584; x_wconf 88' lang='lat' dir='ltr'><strong>supra</strong></span> <span class='ocrx_word' id='word_1_213' title='bbox 544 2536 593 2572; x_wconf 89' lang='lat' dir='ltr'><strong>c.</strong></span> <span class='ocrx_word' id='word_1_214' title='bbox 618 2525 698 2572; x_wconf 84' lang='lat'><strong>16.</strong></span> 
     </span>
    </p>

    <p class='ocr_par' dir='ltr' id='par_1_8' title="bbox 288 2599 1342 2966">
     <span class='ocr_line' id='line_1_25' title="bbox 348 2599 1340 2663; baseline 0.003 -16"><span class='ocrx_word' id='word_1_215' title='bbox 348 2603 374 2630; x_wconf 83' lang='lat'>¹</span> <span class='ocrx_word' id='word_1_216' title='bbox 409 2599 741 2663; x_wconf 72' lang='lat' dir='ltr'><strong>Contumaciu]</strong></span> <span class='ocrx_word' id='word_1_217' title='bbox 795 2600 1017 2649; x_wconf 85' lang='lat' dir='ltr'><strong>Videtur</strong></span> <span class='ocrx_word' id='word_1_218' title='bbox 1055 2599 1236 2650; x_wconf 84' lang='lat' dir='ltr'><strong>referri</strong></span> <span class='ocrx_word' id='word_1_219' title='bbox 1275 2602 1340 2651; x_wconf 81' lang='lat' dir='ltr'><strong>ad</strong></span> 
     </span>
     <span class='ocr_line' id='line_1_26' title="bbox 290 2672 1342 2736; baseline 0.003 -14"><span class='ocrx_word' id='word_1_220' title='bbox 290 2672 599 2736; x_wconf 84' lang='lat' dir='ltr'><strong>Labeonem,</strong></span> <span class='ocrx_word' id='word_1_221' title='bbox 632 2676 769 2724; x_wconf 88' lang='lat' dir='ltr'><strong>unde</strong></span> <span class='ocrx_word' id='word_1_222' title='bbox 809 2677 1059 2725; x_wconf 85' lang='lat' dir='ltr'><strong>‘libertas</strong></span> <span class='ocrx_word' id='word_1_223' title='bbox 1098 2677 1255 2725; x_wconf 86' lang='lat' dir='ltr'><strong>nimia</strong></span> <span class='ocrx_word' id='word_1_224' title='bbox 1287 2680 1342 2726; x_wconf 84' lang='lat' dir='ltr'><strong>et</strong></span> 
     </span>
     <span class='ocr_line' id='line_1_27' title="bbox 288 2751 1339 2818; baseline 0.004 -19"><span class='ocrx_word' id='word_1_225' title='bbox 288 2752 493 2800; x_wconf 82' lang='lat' dir='ltr'><strong>vecors’</strong></span> <span class='ocrx_word' id='word_1_226' title='bbox 534 2751 707 2802; x_wconf 86' lang='lat' dir='ltr'><strong>Gellio</strong></span> <span class='ocrx_word' id='word_1_227' title='bbox 737 2753 947 2816; x_wconf 86' lang='lat' dir='ltr'><strong>dicitur,</strong></span> <span class='ocrx_word' id='word_1_228' title='bbox 984 2753 1118 2818; x_wconf 90' lang='lat' dir='ltr'><strong>quod</strong></span> <span class='ocrx_word' id='word_1_229' title='bbox 1155 2754 1339 2803; x_wconf 88' lang='lat' dir='ltr'><strong>Sueto-</strong></span> 
     </span>
     <span class='ocr_line' id='line_1_28' title="bbox 288 2827 1339 2895; baseline 0.006 -21"><span class='ocrx_word' id='word_1_230' title='bbox 288 2827 369 2875; x_wconf 85' lang='lat' dir='ltr'><strong>nio</strong></span> <span class='ocrx_word' id='word_1_231' title='bbox 407 2828 807 2880; x_wconf 86' lang='lat' dir='ltr'><strong>‘contumacia.’</strong></span> <span class='ocrx_word' id='word_1_232' title='bbox 872 2831 975 2879; x_wconf 86' lang='lat' dir='ltr'><strong>Vel</strong></span> <span class='ocrx_word' id='word_1_233' title='bbox 1008 2832 1165 2880; x_wconf 87' lang='lat' dir='ltr'><strong>etiam</strong></span> <span class='ocrx_word' id='word_1_234' title='bbox 1203 2830 1339 2895; x_wconf 83' lang='lat' dir='ltr'><strong>qnod</strong></span> 
     </span>
     <span class='ocr_line' id='line_1_29' title="bbox 289 2902 828 2966; baseline 0.009 -16"><span class='ocrx_word' id='word_1_235' title='bbox 289 2902 504 2953; x_wconf 86' lang='lat' dir='ltr'><strong>dicimus</strong></span> <span class='ocrx_word' id='word_1_236' title='bbox 527 2903 828 2966; x_wconf 67' lang='lat' dir='ltr'><strong>opiniaerete.</strong></span> 
     </span>
    </p>

    <p class='ocr_par' dir='ltr' id='par_1_9' title="bbox 281 2978 1339 3271">
     <span class='ocr_line' id='line_1_30' title="bbox 344 2978 1339 3045; baseline 0.005 -18"><span class='ocrx_word' id='word_1_237' title='bbox 344 2987 367 3021; x_wconf 76' lang='lat'>5</span> <span class='ocrx_word' id='word_1_238' title='bbox 403 2978 509 3028; x_wconf 82' lang='lat' dir='ltr'><strong>Nec</strong></span> <span class='ocrx_word' id='word_1_239' title='bbox 532 2995 708 3042; x_wconf 78' lang='lat' dir='ltr'><strong>magna</strong></span> <span class='ocrx_word' id='word_1_240' title='bbox 726 2982 862 3045; x_wconf 72' lang='lat' dir='ltr'><strong>cara]</strong></span> <span class='ocrx_word' id='word_1_241' title='bbox 910 2981 997 3032; x_wconf 85' lang='lat' dir='ltr'><strong>Sic</strong></span> <span class='ocrx_word' id='word_1_242' title='bbox 1035 2982 1339 3033; x_wconf 72' lang='lat' dir='ltr'><strong>&#39;reru-eutius</strong></span> 
     </span>
     <span class='ocr_line' id='line_1_31' title="bbox 285 3056 1337 3124; baseline 0.005 -20"><span class='ocrx_word' id='word_1_243' title='bbox 285 3056 333 3104; x_wconf 89' lang='lat' dir='ltr'><strong>in</strong></span> <span class='ocrx_word' id='word_1_244' title='bbox 377 3056 696 3106; x_wconf 85' lang='lat' dir='ltr'><strong>Ferrariensi</strong></span> <span class='ocrx_word' id='word_1_245' title='bbox 729 3058 878 3122; x_wconf 83' lang='lat' dir='ltr'><strong>legit,</strong></span> <span class='ocrx_word' id='word_1_246' title='bbox 914 3059 1050 3124; x_wconf 91' lang='lat' dir='ltr'><strong>quod</strong></span> <span class='ocrx_word' id='word_1_247' title='bbox 1084 3060 1195 3123; x_wconf 87' lang='lat' dir='ltr'><strong>ipse</strong></span> <span class='ocrx_word' id='word_1_248' title='bbox 1226 3074 1337 3109; x_wconf 87' lang='lat' dir='ltr'><strong>ora·</strong></span> 
     </span>
     <span class='ocr_line' id='line_1_32' title="bbox 284 3131 1337 3188; baseline 0.009 -10"><span class='ocrx_word' id='word_1_249' title='bbox 284 3131 437 3180; x_wconf 85' lang='lat' dir='ltr'><strong>tionis</strong></span> <span class='ocrx_word' id='word_1_250' title='bbox 459 3139 735 3182; x_wconf 85' lang='lat' dir='ltr'><strong>contextus</strong></span> <span class='ocrx_word' id='word_1_251' title='bbox 772 3135 1125 3188; x_wconf 84' lang='lat' dir='ltr'><strong>demonstrat:</strong></span> <span class='ocrx_word' id='word_1_252' title='bbox 1167 3138 1252 3187; x_wconf 90' lang='lat' dir='ltr'><strong>alii</strong></span> <span class='ocrx_word' id='word_1_253' title='bbox 1289 3141 1337 3187; x_wconf 82' lang='lat' dir='ltr'><strong>et</strong></span> 
     </span>
     <span class='ocr_line' id='line_1_33' title="bbox 281 3208 869 3271; baseline 0.007 -17"><span class='ocrx_word' id='word_1_254' title='bbox 281 3221 455 3268; x_wconf 78' lang='lat' dir='ltr'><strong>magna</strong></span> <span class='ocrx_word' id='word_1_255' title='bbox 476 3222 591 3257; x_wconf 80' lang='lat' dir='ltr'><strong>cura</strong></span> <span class='ocrx_word' id='word_1_256' title='bbox 605 3208 869 3271; x_wconf 75' lang='lat' dir='ltr'><strong>redarguit.</strong></span> 
     </span>
    </p>

    <p class='ocr_par' dir='ltr' id='par_1_10' title="bbox 274 3283 1337 4348">
     <span class='ocr_line' id='line_1_34' title="bbox 343 3283 1337 3352; baseline 0.008 -21"><span class='ocrx_word' id='word_1_257' title='bbox 343 3291 365 3316; x_wconf 83' lang='lat'>²</span> <span class='ocrx_word' id='word_1_258' title='bbox 395 3283 602 3333; x_wconf 75' lang='lat' dir='ltr'><strong>Libellos</strong></span> <span class='ocrx_word' id='word_1_259' title='bbox 642 3291 725 3334; x_wconf 79' lang='lat' dir='ltr'><strong>aut</strong></span> <span class='ocrx_word' id='word_1_260' title='bbox 763 3287 994 3352; x_wconf 67' lang='grc' dir='ltr'><strong>σανηιίιια]</strong></span> <span class='ocrx_word' id='word_1_261' title='bbox 1046 3288 1164 3338; x_wconf 84' lang='lat' dir='ltr'><strong>Huc</strong></span> <span class='ocrx_word' id='word_1_262' title='bbox 1199 3288 1337 3339; x_wconf 84' lang='lat' dir='ltr'><strong>haud</strong></span> 
     </span>
     <span class='ocr_line' id='line_1_35' title="bbox 281 3359 1337 3424; baseline 0.009 -18"><span class='ocrx_word' id='word_1_263' title='bbox 281 3359 439 3409; x_wconf 85' lang='lat' dir='ltr'><strong>dubie</strong></span> <span class='ocrx_word' id='word_1_264' title='bbox 474 3363 706 3424; x_wconf 81' lang='lat' dir='ltr'><strong>respexit</strong></span> <span class='ocrx_word' id='word_1_265' title='bbox 741 3363 987 3413; x_wconf 78' lang='lat' dir='ltr'><strong>Horatius</strong></span> <span class='ocrx_word' id='word_1_266' title='bbox 1022 3365 1130 3415; x_wconf 88' lang='lat' dir='ltr'><strong>Sat.</strong></span> <span class='ocrx_word' id='word_1_267' title='bbox 1165 3369 1211 3414; x_wconf 91' lang='lat'><strong>1.</strong></span> <span class='ocrx_word' id='word_1_268' title='bbox 1248 3366 1337 3415; x_wconf 88' lang='lat' dir='ltr'><strong>lib.</strong></span> 
     </span>
     <span class='ocr_line' id='line_1_36' title="bbox 281 3436 1337 3490; baseline 0.004 -5"><span class='ocrx_word' id='word_1_269' title='bbox 281 3451 342 3485; x_wconf 82' lang='grc' dir='ltr'><strong>ιι.</strong></span> <span class='ocrx_word' id='word_1_270' title='bbox 383 3439 436 3487; x_wconf 91' lang='lat' dir='ltr'><strong>in</strong></span> <span class='ocrx_word' id='word_1_271' title='bbox 480 3436 601 3487; x_wconf 79' lang='lat' dir='ltr'><strong>tine.</strong></span> <span class='ocrx_word' id='word_1_272' title='bbox 646 3439 730 3487; x_wconf 81' lang='lat' dir='ltr'><strong>‘Si</strong></span> <span class='ocrx_word' id='word_1_273' title='bbox 773 3441 906 3488; x_wconf 84' lang='lat' dir='ltr'><strong>mala</strong></span> <span class='ocrx_word' id='word_1_274' title='bbox 946 3440 1240 3490; x_wconf 80' lang='lat' dir='ltr'><strong>condiderit</strong></span> <span class='ocrx_word' id='word_1_275' title='bbox 1282 3441 1337 3489; x_wconf 85' lang='lat' dir='ltr'><strong>in</strong></span> 
     </span>
     <span class='ocr_line' id='line_1_37' title="bbox 281 3514 1336 3578; baseline 0.003 -18"><span class='ocrx_word' id='word_1_276' title='bbox 281 3526 431 3578; x_wconf 85' lang='lat' dir='ltr'><strong>quem</strong></span> <span class='ocrx_word' id='word_1_277' title='bbox 466 3514 584 3577; x_wconf 88' lang='lat' dir='ltr'><strong>quis</strong></span> <span class='ocrx_word' id='word_1_278' title='bbox 622 3514 867 3571; x_wconf 87' lang='lat' dir='ltr'><strong>earmina,</strong></span> <span class='ocrx_word' id='word_1_279' title='bbox 900 3515 987 3578; x_wconf 82' lang='lat' dir='ltr'><strong>jus</strong></span> <span class='ocrx_word' id='word_1_280' title='bbox 1021 3522 1100 3564; x_wconf 86' lang='lat' dir='ltr'><strong>est</strong></span> <span class='ocrx_word' id='word_1_281' title='bbox 1134 3514 1336 3564; x_wconf 86' lang='lat' dir='ltr'><strong>Judici-</strong></span> 
     </span>
     <span class='ocr_line' id='line_1_38' title="bbox 281 3590 1336 3655; baseline 0.002 -16"><span class='ocrx_word' id='word_1_282' title='bbox 281 3590 508 3654; x_wconf 85' lang='lat' dir='ltr'><strong>umque.&#39;</strong></span> <span class='ocrx_word' id='word_1_283' title='bbox 572 3590 641 3641; x_wconf 86' lang='lat' dir='ltr'><strong>Et</strong></span> <span class='ocrx_word' id='word_1_284' title='bbox 680 3591 838 3641; x_wconf 76' lang='lat' dir='ltr'><strong>fusius</strong></span> <span class='ocrx_word' id='word_1_285' title='bbox 874 3593 1029 3655; x_wconf 86' lang='lat' dir='ltr'><strong>epist.</strong></span> <span class='ocrx_word' id='word_1_286' title='bbox 1065 3594 1111 3642; x_wconf 91' lang='lat' dir='ltr'><strong>l.</strong></span> <span class='ocrx_word' id='word_1_287' title='bbox 1149 3591 1238 3642; x_wconf 88' lang='lat' dir='ltr'><strong>lib.</strong></span> <span class='ocrx_word' id='word_1_288' title='bbox 1272 3602 1336 3641; x_wconf 84' lang='lat' dir='ltr'><strong>n.</strong></span> 
     </span>
     <span class='ocr_line' id='line_1_39' title="bbox 282 3666 1337 3733; baseline 0.002 -18"><span class='ocrx_word' id='word_1_289' title='bbox 282 3667 347 3716; x_wconf 85' lang='lat' dir='ltr'><strong>ad</strong></span> <span class='ocrx_word' id='word_1_290' title='bbox 371 3666 678 3730; x_wconf 82' lang='lat' dir='ltr'><strong>Angustum,</strong></span> <span class='ocrx_word' id='word_1_291' title='bbox 700 3669 716 3696; x_wconf 76' lang='lat'>⁸</span> <span class='ocrx_word' id='word_1_292' title='bbox 736 3668 1064 3717; x_wconf 83' lang='lat' dir='ltr'><strong>Fescennina</strong></span> <span class='ocrx_word' id='word_1_293' title='bbox 1090 3683 1185 3733; x_wconf 84' lang='lat' dir='ltr'><strong>per</strong></span> <span class='ocrx_word' id='word_1_294' title='bbox 1203 3668 1337 3718; x_wconf 86' lang='lat' dir='ltr'><strong>hunc</strong></span> 
     </span>
     <span class='ocr_line' id='line_1_40' title="bbox 282 3743 1336 3793; baseline 0 -1"><span class='ocrx_word' id='word_1_295' title='bbox 282 3743 493 3792; x_wconf 85' lang='lat' dir='ltr'><strong>inventa</strong></span> <span class='ocrx_word' id='word_1_296' title='bbox 533 3743 745 3791; x_wconf 89' lang='lat' dir='ltr'><strong>licentia</strong></span> <span class='ocrx_word' id='word_1_297' title='bbox 767 3758 960 3792; x_wconf 87' lang='lat' dir='ltr'><strong>morem</strong></span> <span class='ocrx_word' id='word_1_298' title='bbox 985 3743 1233 3793; x_wconf 80' lang='lat' dir='ltr'><strong>Versibus</strong></span> <span class='ocrx_word' id='word_1_299' title='bbox 1266 3744 1336 3792; x_wconf 88' lang='lat' dir='ltr'><strong>al·</strong></span> 
     </span>
     <span class='ocr_line' id='line_1_41' title="bbox 281 3818 1332 3883; baseline 0.003 -15"><span class='ocrx_word' id='word_1_300' title='bbox 281 3820 442 3868; x_wconf 86' lang='lat' dir='ltr'><strong>ternis</strong></span> <span class='ocrx_word' id='word_1_301' title='bbox 487 3818 767 3883; x_wconf 86' lang='lat' dir='ltr'><strong>opprobria</strong></span> <span class='ocrx_word' id='word_1_302' title='bbox 807 3821 1001 3868; x_wconf 87' lang='lat' dir='ltr'><strong>rustica</strong></span> <span class='ocrx_word' id='word_1_303' title='bbox 1044 3818 1197 3878; x_wconf 82' lang='lat' dir='ltr'><strong>fudit,</strong></span> <span class='ocrx_word' id='word_1_304' title='bbox 1235 3820 1332 3871; x_wconf 66' lang='lat' dir='ltr'><strong>dcc.</strong></span> 
     </span>
     <span class='ocr_line' id='line_1_42' title="bbox 280 3896 1334 3959; baseline 0.001 -13"><span class='ocrx_word' id='word_1_305' title='bbox 280 3897 466 3947; x_wconf 87' lang='lat' dir='ltr'><strong>Donec</strong></span> <span class='ocrx_word' id='word_1_306' title='bbox 482 3896 592 3959; x_wconf 87' lang='lat' dir='ltr'><strong>jam</strong></span> <span class='ocrx_word' id='word_1_307' title='bbox 615 3908 783 3945; x_wconf 80' lang='lat' dir='ltr'><strong>saevus</strong></span> <span class='ocrx_word' id='word_1_308' title='bbox 806 3905 1037 3959; x_wconf 83' lang='lat' dir='ltr'><strong>apertam</strong></span> <span class='ocrx_word' id='word_1_309' title='bbox 1057 3897 1119 3945; x_wconf 89' lang='lat' dir='ltr'><strong>Iu</strong></span> <span class='ocrx_word' id='word_1_310' title='bbox 1140 3896 1334 3947; x_wconf 80' lang='lat' dir='ltr'><strong>rabiem</strong></span> 
     </span>
     <span class='ocr_line' id='line_1_43' title="bbox 281 3973 1335 4037; baseline 0.002 -15"><span class='ocrx_word' id='word_1_311' title='bbox 281 3976 409 4023; x_wconf 84' lang='lat' dir='ltr'><strong>verti</strong></span> <span class='ocrx_word' id='word_1_312' title='bbox 436 3974 599 4037; x_wconf 85' lang='lat' dir='ltr'><strong>coepit</strong></span> <span class='ocrx_word' id='word_1_313' title='bbox 608 3973 784 4036; x_wconf 88' lang='lat' dir='ltr'><strong>jocus,</strong></span> <span class='ocrx_word' id='word_1_314' title='bbox 799 3979 850 4022; x_wconf 83' lang='lat' dir='ltr'><strong>et</strong></span> <span class='ocrx_word' id='word_1_315' title='bbox 869 3987 961 4037; x_wconf 87' lang='lat' dir='ltr'><strong>per</strong></span> <span class='ocrx_word' id='word_1_316' title='bbox 983 3973 1227 4023; x_wconf 87' lang='lat' dir='ltr'><strong>honestas</strong></span> <span class='ocrx_word' id='word_1_317' title='bbox 1246 3974 1335 4024; x_wconf 82' lang='lat' dir='ltr'><strong>Ire</strong></span> 
     </span>
     <span class='ocr_line' id='line_1_44' title="bbox 281 4050 1332 4112; baseline 0.001 -13"><span class='ocrx_word' id='word_1_318' title='bbox 281 4051 458 4100; x_wconf 85' lang='lat' dir='ltr'><strong>domos</strong></span> <span class='ocrx_word' id='word_1_319' title='bbox 497 4052 705 4112; x_wconf 81' lang='lat' dir='ltr'><strong>impune</strong></span> <span class='ocrx_word' id='word_1_320' title='bbox 737 4050 940 4099; x_wconf 81' lang='lat' dir='ltr'><strong>minax:</strong></span> <span class='ocrx_word' id='word_1_321' title='bbox 982 4050 1196 4099; x_wconf 85' lang='lat' dir='ltr'><strong>doluere</strong></span> <span class='ocrx_word' id='word_1_322' title='bbox 1223 4064 1332 4100; x_wconf 85' lang='lat' dir='ltr'><strong>eru·</strong></span> 
     </span>
     <span class='ocr_line' id='line_1_45' title="bbox 281 4125 1335 4192; baseline 0.002 -17"><span class='ocrx_word' id='word_1_323' title='bbox 281 4133 400 4176; x_wconf 86' lang='lat' dir='ltr'><strong>ento</strong></span> <span class='ocrx_word' id='word_1_324' title='bbox 420 4129 602 4177; x_wconf 83' lang='lat' dir='ltr'><strong>Dente</strong></span> <span class='ocrx_word' id='word_1_325' title='bbox 624 4125 871 4185; x_wconf 86' lang='lat' dir='ltr'><strong>lacessiti,</strong></span> <span class='ocrx_word' id='word_1_326' title='bbox 901 4128 999 4176; x_wconf 64' lang='grc' dir='ltr'><strong>ἀς.</strong></span> <span class='ocrx_word' id='word_1_327' title='bbox 1068 4127 1335 4192; x_wconf 88' lang='lat' dir='ltr'><strong>Poenaq&#39;ue</strong></span> 
     </span>
     <span class='ocr_line' id='line_1_46' title="bbox 281 4203 1335 4268; baseline -0.001 -15"><span class='ocrx_word' id='word_1_328' title='bbox 281 4206 403 4261; x_wconf 88' lang='lat' dir='ltr'><strong>lata.</strong></span> <span class='ocrx_word' id='word_1_329' title='bbox 435 4205 572 4255; x_wconf 85' lang='lat' dir='ltr'><strong>malo</strong></span> <span class='ocrx_word' id='word_1_330' title='bbox 607 4217 722 4268; x_wconf 87' lang='lat' dir='ltr'><strong>quae</strong></span> <span class='ocrx_word' id='word_1_331' title='bbox 749 4204 910 4252; x_wconf 87' lang='lat' dir='ltr'><strong>nollet</strong></span> <span class='ocrx_word' id='word_1_332' title='bbox 932 4203 1155 4253; x_wconf 84' lang='lat' dir='ltr'><strong>carmine</strong></span> <span class='ocrx_word' id='word_1_333' title='bbox 1177 4217 1335 4268; x_wconf 85' lang='lat' dir='ltr'><strong>quen·</strong></span> 
     </span>
     <span class='ocr_line' id='line_1_47' title="bbox 274 4279 1334 4348; baseline 0 -17"><span class='ocrx_word' id='word_1_334' title='bbox 274 4297 430 4348; x_wconf 73' lang='lat' dir='ltr'><strong>‚quam</strong></span> <span class='ocrx_word' id='word_1_335' title='bbox 485 4279 761 4341; x_wconf 84' lang='lat' dir='ltr'><strong>Describi,’</strong></span> <span class='ocrx_word' id='word_1_336' title='bbox 803 4283 901 4331; x_wconf 83' lang='lat' dir='ltr'><strong>&amp;c.</strong></span> <span class='ocrx_word' id='word_1_337' title='bbox 968 4282 1130 4344; x_wconf 84' lang='lat' dir='ltr'><strong>Cujus</strong></span> <span class='ocrx_word' id='word_1_338' title='bbox 1169 4294 1334 4345; x_wconf 81' lang='lat' dir='ltr'><strong>poenae</strong></span> 
     </span>
    </p>
   </div>
   <div class='ocr_carea' id='block_1_8' title="bbox 1414 2443 2485 4333">
    <p class='ocr_par' dir='ltr' id='par_1_11' title="bbox 1415 2443 2485 4040">
     <span class='ocr_line' id='line_1_48' title="bbox 1419 2443 2481 2510; baseline -0.005 -11"><span class='ocrx_word' id='word_1_339' title='bbox 1419 2449 1632 2500; x_wconf 78' lang='lat' dir='ltr'><strong>Tacitus</strong></span> <span class='ocrx_word' id='word_1_340' title='bbox 1695 2454 1958 2500; x_wconf 87' lang='lat' dir='ltr'><strong>auctorem</strong></span> <span class='ocrx_word' id='word_1_341' title='bbox 2017 2445 2145 2497; x_wconf 77' lang='lat' dir='ltr'><strong>facit</strong></span> <span class='ocrx_word' id='word_1_342' title='bbox 2190 2443 2481 2510; x_wconf 79' lang='lat' dir='ltr'><strong>Augustum</strong></span> 
     </span>
     <span class='ocr_line' id='line_1_49' title="bbox 1419 2519 2484 2586; baseline -0.004 -11"><span class='ocrx_word' id='word_1_343' title='bbox 1419 2524 1610 2575; x_wconf 88' lang='lat' dir='ltr'><strong>Annal.</strong></span> <span class='ocrx_word' id='word_1_344' title='bbox 1649 2540 1686 2576; x_wconf 88' lang='lat'><strong>1.</strong></span> <span class='ocrx_word' id='word_1_345' title='bbox 1743 2528 1824 2574; x_wconf 77' lang='grc'><strong>72.</strong></span> <span class='ocrx_word' id='word_1_346' title='bbox 1859 2532 1873 2552; x_wconf 90' lang='lat'>‘</span> <span class='ocrx_word' id='word_1_347' title='bbox 1897 2523 2049 2586; x_wconf 89' lang='lat' dir='ltr'><strong>Apud</strong></span> <span class='ocrx_word' id='word_1_348' title='bbox 2095 2528 2300 2571; x_wconf 85' lang='lat' dir='ltr'><strong>veteres</strong></span> <span class='ocrx_word' id='word_1_349' title='bbox 2343 2519 2484 2571; x_wconf 86' lang='lat' dir='ltr'><strong>facta</strong></span> 
     </span>
     <span class='ocr_line' id='line_1_50' title="bbox 1419 2602 2485 2668; baseline -0.003 -15"><span class='ocrx_word' id='word_1_350' title='bbox 1419 2607 1789 2668; x_wconf 84' lang='lat' dir='ltr'><strong>arguebantur,</strong></span> <span class='ocrx_word' id='word_1_351' title='bbox 1853 2604 1995 2654; x_wconf 85' lang='lat' dir='ltr'><strong>dicta</strong></span> <span class='ocrx_word' id='word_1_352' title='bbox 2059 2602 2270 2665; x_wconf 81' lang='lat' dir='ltr'><strong>impune</strong></span> <span class='ocrx_word' id='word_1_353' title='bbox 2314 2609 2485 2651; x_wconf 84' lang='lat' dir='ltr'><strong>erant.</strong></span> 
     </span>
     <span class='ocr_line' id='line_1_51' title="bbox 1421 2675 2481 2744; baseline -0.006 -14"><span class='ocrx_word' id='word_1_354' title='bbox 1421 2681 1626 2731; x_wconf 84' lang='lat' dir='ltr'><strong>Primus</strong></span> <span class='ocrx_word' id='word_1_355' title='bbox 1684 2680 1951 2744; x_wconf 81' lang='lat' dir='ltr'><strong>Augustus</strong></span> <span class='ocrx_word' id='word_1_356' title='bbox 2021 2677 2358 2742; x_wconf 82' lang='lat' dir='ltr'><strong>quaestionem</strong></span> <span class='ocrx_word' id='word_1_357' title='bbox 2416 2675 2481 2725; x_wconf 86' lang='lat' dir='ltr'><strong>ds</strong></span> 
     </span>
     <span class='ocr_line' id='line_1_52' title="bbox 1421 2751 2479 2817; baseline -0.007 -12"><span class='ocrx_word' id='word_1_358' title='bbox 1421 2756 1630 2806; x_wconf 86' lang='lat' dir='ltr'><strong>famosis</strong></span> <span class='ocrx_word' id='word_1_359' title='bbox 1692 2755 1900 2815; x_wconf 87' lang='lat' dir='ltr'><strong>libellis,</strong></span> <span class='ocrx_word' id='word_1_360' title='bbox 1947 2753 2124 2817; x_wconf 86' lang='lat' dir='ltr'><strong>specie</strong></span> <span class='ocrx_word' id='word_1_361' title='bbox 2175 2751 2304 2814; x_wconf 86' lang='lat' dir='ltr'><strong>legis</strong></span> <span class='ocrx_word' id='word_1_362' title='bbox 2366 2751 2479 2815; x_wconf 83' lang='lat' dir='ltr'><strong>ejus</strong></span> 
     </span>
     <span class='ocr_line' id='line_1_53' title="bbox 1421 2827 2482 2896; baseline -0.006 -14"><span class='ocrx_word' id='word_1_363' title='bbox 1421 2831 1709 2896; x_wconf 81' lang='lat' dir='ltr'><strong>tractavit‚’</strong></span> <span class='ocrx_word' id='word_1_364' title='bbox 1752 2834 1853 2882; x_wconf 69' lang='grc' dir='ltr'><strong>διο.</strong></span> <span class='ocrx_word' id='word_1_365' title='bbox 1918 2830 2022 2880; x_wconf 89' lang='lat' dir='ltr'><strong>Sed</strong></span> <span class='ocrx_word' id='word_1_366' title='bbox 2066 2834 2121 2879; x_wconf 89' lang='lat' dir='ltr'><strong>et</strong></span> <span class='ocrx_word' id='word_1_367' title='bbox 2161 2829 2260 2878; x_wconf 86' lang='lat' dir='ltr'><strong>hoc</strong></span> <span class='ocrx_word' id='word_1_368' title='bbox 2305 2827 2482 2892; x_wconf 86' lang='lat' dir='ltr'><strong>potius</strong></span> 
     </span>
     <span class='ocr_line' id='line_1_54' title="bbox 1420 2905 2481 2974; baseline -0.006 -16"><span class='ocrx_word' id='word_1_369' title='bbox 1420 2909 1558 2960; x_wconf 87' lang='lat' dir='ltr'><strong>inter</strong></span> <span class='ocrx_word' id='word_1_370' title='bbox 1581 2923 1643 2958; x_wconf 89' lang='lat' dir='ltr'><strong>ea</strong></span> <span class='ocrx_word' id='word_1_371' title='bbox 1673 2923 1787 2974; x_wconf 83' lang='lat' dir='ltr'><strong>quae</strong></span> <span class='ocrx_word' id='word_1_372' title='bbox 1822 2923 1889 2957; x_wconf 84' lang='lat' dir='ltr'><strong>ex</strong></span> <span class='ocrx_word' id='word_1_373' title='bbox 1921 2905 2230 2970; x_wconf 82' lang='lat' dir='ltr'><strong>antiquitate</strong></span> <span class='ocrx_word' id='word_1_374' title='bbox 2270 2917 2481 2953; x_wconf 83' lang='lat' dir='ltr'><strong>revoca-</strong></span> 
     </span>
     <span class='ocr_line' id='line_1_55' title="bbox 1419 2980 2482 3049; baseline -0.005 -14"><span class='ocrx_word' id='word_1_375' title='bbox 1419 2987 1527 3035; x_wconf 83' lang='lat' dir='ltr'><strong>vit:</strong></span> <span class='ocrx_word' id='word_1_376' title='bbox 1564 2998 1679 3034; x_wconf 84' lang='lat' dir='ltr'><strong>uam</strong></span> <span class='ocrx_word' id='word_1_377' title='bbox 1714 2991 1771 3034; x_wconf 89' lang='lat' dir='ltr'><strong>et</strong></span> <span class='ocrx_word' id='word_1_378' title='bbox 1808 2997 2007 3049; x_wconf 88' lang='lat' dir='ltr'><strong>poenam</strong></span> <span class='ocrx_word' id='word_1_379' title='bbox 2036 2982 2171 3032; x_wconf 87' lang='lat' dir='ltr'><strong>hanc</strong></span> <span class='ocrx_word' id='word_1_380' title='bbox 2196 2980 2317 3030; x_wconf 88' lang='lat' dir='ltr'><strong>olim</strong></span> <span class='ocrx_word' id='word_1_381' title='bbox 2341 2981 2482 3044; x_wconf 86' lang='lat' dir='ltr'><strong>eapi-</strong></span> 
     </span>
     <span class='ocr_line' id='line_1_56' title="bbox 1419 3056 2482 3124; baseline -0.007 -12"><span class='ocrx_word' id='word_1_382' title='bbox 1419 3064 1575 3112; x_wconf 87' lang='lat' dir='ltr'><strong>talem</strong></span> <span class='ocrx_word' id='word_1_383' title='bbox 1618 3060 1778 3111; x_wconf 82' lang='lat' dir='ltr'><strong>fuisse</strong></span> <span class='ocrx_word' id='word_1_384' title='bbox 1828 3061 2042 3124; x_wconf 81' lang='lat' dir='ltr'><strong>colligas</strong></span> <span class='ocrx_word' id='word_1_385' title='bbox 2097 3072 2164 3107; x_wconf 80' lang='lat' dir='ltr'><strong>ex</strong></span> <span class='ocrx_word' id='word_1_386' title='bbox 2205 3056 2361 3107; x_wconf 87' lang='lat' dir='ltr'><strong>Tullii</strong></span> <span class='ocrx_word' id='word_1_387' title='bbox 2415 3056 2482 3106; x_wconf 83' lang='lat' dir='ltr'><strong>de</strong></span> 
     </span>
     <span class='ocr_line' id='line_1_57' title="bbox 1418 3133 2480 3203; baseline -0.005 -14"><span class='ocrx_word' id='word_1_388' title='bbox 1418 3140 1552 3203; x_wconf 86' lang='lat' dir='ltr'><strong>Rep.</strong></span> <span class='ocrx_word' id='word_1_389' title='bbox 1574 3138 1738 3201; x_wconf 86' lang='lat' dir='ltr'><strong>libris,</strong></span> <span class='ocrx_word' id='word_1_390' title='bbox 1772 3144 1828 3188; x_wconf 90' lang='lat' dir='ltr'><strong>et</strong></span> <span class='ocrx_word' id='word_1_391' title='bbox 1861 3150 1926 3186; x_wconf 85' lang='lat' dir='ltr'><strong>ex</strong></span> <span class='ocrx_word' id='word_1_392' title='bbox 1965 3137 2036 3187; x_wconf 91' lang='lat' dir='ltr'><strong>D.</strong></span> <span class='ocrx_word' id='word_1_393' title='bbox 2079 3134 2367 3199; x_wconf 83' lang='lat' dir='ltr'><strong>Augustino</strong></span> <span class='ocrx_word' id='word_1_394' title='bbox 2387 3133 2480 3184; x_wconf 86' lang='lat' dir='ltr'><strong>lib.</strong></span> 
     </span>
     <span class='ocr_line' id='line_1_58' title="bbox 1418 3207 2480 3275; baseline -0.006 -11"><span class='ocrx_word' id='word_1_395' title='bbox 1418 3228 1480 3265; x_wconf 82' lang='lat'><strong>11.</strong></span> <span class='ocrx_word' id='word_1_396' title='bbox 1504 3217 1569 3264; x_wconf 87' lang='lat' dir='ltr'><strong>de</strong></span> <span class='ocrx_word' id='word_1_397' title='bbox 1593 3214 1822 3265; x_wconf 78' lang='lat' dir='ltr'><strong>civitate</strong></span> <span class='ocrx_word' id='word_1_398' title='bbox 1846 3212 1964 3264; x_wconf 87' lang='lat' dir='ltr'><strong>Dei.</strong></span> <span class='ocrx_word' id='word_1_399' title='bbox 2017 3212 2159 3275; x_wconf 82' lang='lat' dir='ltr'><strong>Lege</strong></span> <span class='ocrx_word' id='word_1_400' title='bbox 2185 3225 2294 3261; x_wconf 68' lang='grc' dir='ltr'><strong>ιιι.</strong></span> <span class='ocrx_word' id='word_1_401' title='bbox 2318 3207 2480 3259; x_wconf 87' lang='lat' dir='ltr'><strong>tabul.</strong></span> 
     </span>
     <span class='ocr_line' id='line_1_59' title="bbox 1417 3286 2481 3353; baseline -0.006 -14"><span class='ocrx_word' id='word_1_402' title='bbox 1417 3292 1471 3341; x_wconf 83' lang='lat' dir='ltr'><strong>id</strong></span> <span class='ocrx_word' id='word_1_403' title='bbox 1494 3297 1722 3351; x_wconf 88' lang='lat' dir='ltr'><strong>cautum,</strong></span> <span class='ocrx_word' id='word_1_404' title='bbox 1746 3291 1837 3339; x_wconf 92' lang='lat' dir='ltr'><strong>sub</strong></span> <span class='ocrx_word' id='word_1_405' title='bbox 1863 3286 2364 3353; x_wconf 80' lang='lat' dir='ltr'><strong>persona-Scipionis</strong></span> <span class='ocrx_word' id='word_1_406' title='bbox 2388 3298 2481 3348; x_wconf 84' lang='lat' dir='ltr'><strong>pa·</strong></span> 
     </span>
     <span class='ocr_line' id='line_1_60' title="bbox 1418 3362 2479 3429; baseline -0.003 -14"><span class='ocrx_word' id='word_1_407' title='bbox 1418 3373 1531 3415; x_wconf 79' lang='lat' dir='ltr'><strong>tet:</strong></span> <span class='ocrx_word' id='word_1_408' title='bbox 1570 3373 1584 3395; x_wconf 80' lang='lat'>‘</span> <span class='ocrx_word' id='word_1_409' title='bbox 1607 3374 1661 3416; x_wconf 85' lang='lat' dir='ltr'><strong>at</strong></span> <span class='ocrx_word' id='word_1_410' title='bbox 1685 3373 1875 3415; x_wconf 81' lang='lat' dir='ltr'><strong>nostrae</strong></span> <span class='ocrx_word' id='word_1_411' title='bbox 1905 3363 2099 3429; x_wconf 88' lang='lat' dir='ltr'><strong>(iuquit</strong></span> <span class='ocrx_word' id='word_1_412' title='bbox 2133 3362 2332 3425; x_wconf 87' lang='lat' dir='ltr'><strong>Scipio)</strong></span> <span class='ocrx_word' id='word_1_413' title='bbox 2357 3375 2479 3412; x_wconf 84' lang='lat' dir='ltr'><strong>con-</strong></span> 
     </span>
     <span class='ocr_line' id='line_1_61' title="bbox 1419 3442 2478 3509; baseline -0.006 -19"><span class='ocrx_word' id='word_1_414' title='bbox 1419 3450 1501 3490; x_wconf 87' lang='lat' dir='ltr'><strong>tra</strong></span> <span class='ocrx_word' id='word_1_415' title='bbox 1539 3445 1622 3491; x_wconf 87' lang='lat'><strong>12.</strong></span> <span class='ocrx_word' id='word_1_416' title='bbox 1659 3442 1870 3501; x_wconf 83' lang='lat' dir='ltr'><strong>tabulae,</strong></span> <span class='ocrx_word' id='word_1_417' title='bbox 1911 3453 2026 3488; x_wconf 91' lang='lat' dir='ltr'><strong>cum</strong></span> <span class='ocrx_word' id='word_1_418' title='bbox 2062 3450 2156 3500; x_wconf 85' lang='lat' dir='ltr'><strong>per</strong></span> <span class='ocrx_word' id='word_1_419' title='bbox 2178 3450 2369 3500; x_wconf 86' lang='lat' dir='ltr'><strong>pancas</strong></span> <span class='ocrx_word' id='word_1_420' title='bbox 2393 3449 2478 3509; x_wconf 79' lang='lat' dir='ltr'><strong>res</strong></span> 
     </span>
     <span class='ocr_line' id='line_1_62' title="bbox 1419 3511 2478 3579; baseline -0.006 -13"><span class='ocrx_word' id='word_1_421' title='bbox 1419 3517 1595 3579; x_wconf 80' lang='lat' dir='ltr'><strong>eapite</strong></span> <span class='ocrx_word' id='word_1_422' title='bbox 1618 3516 1923 3570; x_wconf 81' lang='lat' dir='ltr'><strong>sanxissent,</strong></span> <span class='ocrx_word' id='word_1_423' title='bbox 1945 3514 1997 3561; x_wconf 91' lang='lat' dir='ltr'><strong>in</strong></span> <span class='ocrx_word' id='word_1_424' title='bbox 2020 3511 2097 3560; x_wconf 84' lang='lat' dir='ltr'><strong>bis</strong></span> <span class='ocrx_word' id='word_1_425' title='bbox 2116 3511 2249 3560; x_wconf 89' lang='lat' dir='ltr'><strong>hanc</strong></span> <span class='ocrx_word' id='word_1_426' title='bbox 2271 3524 2478 3575; x_wconf 86' lang='lat' dir='ltr'><strong>quoque</strong></span> 
     </span>
     <span class='ocr_line' id='line_1_63' title="bbox 1418 3588 2478 3654; baseline -0.003 -13"><span class='ocrx_word' id='word_1_427' title='bbox 1418 3592 1751 3642; x_wconf 84' lang='lat' dir='ltr'><strong>sanciendam</strong></span> <span class='ocrx_word' id='word_1_428' title='bbox 1795 3594 2132 3654; x_wconf 85' lang='lat' dir='ltr'><strong>putaverunt,</strong></span> <span class='ocrx_word' id='word_1_429' title='bbox 2166 3588 2210 3636; x_wconf 87' lang='lat' dir='ltr'><strong>si</strong></span> <span class='ocrx_word' id='word_1_430' title='bbox 2244 3590 2355 3652; x_wconf 88' lang='lat' dir='ltr'><strong>quis</strong></span> <span class='ocrx_word' id='word_1_431' title='bbox 2393 3602 2478 3638; x_wconf 88' lang='lat' dir='ltr'><strong>oc·</strong></span> 
     </span>
     <span class='ocr_line' id='line_1_64' title="bbox 1418 3664 2477 3730; baseline -0.004 -12"><span class='ocrx_word' id='word_1_432' title='bbox 1418 3673 1702 3730; x_wconf 85' lang='lat' dir='ltr'><strong>centasset,</strong></span> <span class='ocrx_word' id='word_1_433' title='bbox 1746 3666 1857 3715; x_wconf 82' lang='lat' dir='ltr'><strong>sive</strong></span> <span class='ocrx_word' id='word_1_434' title='bbox 1897 3676 2103 3715; x_wconf 87' lang='lat' dir='ltr'><strong>carmen</strong></span> <span class='ocrx_word' id='word_1_435' title='bbox 2139 3664 2477 3727; x_wconf 83' lang='lat' dir='ltr'><strong>condidisset,</strong></span> 
     </span>
     <span class='ocr_line' id='line_1_65' title="bbox 1416 3739 2476 3810; baseline -0.005 -14"><span class='ocrx_word' id='word_1_436' title='bbox 1416 3747 1552 3810; x_wconf 87' lang='lat' dir='ltr'><strong>quod</strong></span> <span class='ocrx_word' id='word_1_437' title='bbox 1608 3744 1867 3795; x_wconf 84' lang='lat' dir='ltr'><strong>infamiam</strong></span> <span class='ocrx_word' id='word_1_438' title='bbox 1907 3741 2106 3791; x_wconf 82' lang='lat' dir='ltr'><strong>faceret</strong></span> <span class='ocrx_word' id='word_1_439' title='bbox 2157 3739 2476 3803; x_wconf 83' lang='lat' dir='ltr'><strong>flagitiumve</strong></span> 
     </span>
     <span class='ocr_line' id='line_1_66' title="bbox 1417 3816 2476 3873; baseline -0.005 -1"><span class='ocrx_word' id='word_1_440' title='bbox 1417 3821 1607 3872; x_wconf 85' lang='lat' dir='ltr'><strong>alteri.’</strong></span> <span class='ocrx_word' id='word_1_441' title='bbox 1655 3820 1808 3873; x_wconf 74' lang='lat' dir='ltr'><strong>,Vide</strong></span> <span class='ocrx_word' id='word_1_442' title='bbox 1847 3819 2006 3870; x_wconf 84' lang='lat' dir='ltr'><strong>Dion.</strong></span> <span class='ocrx_word' id='word_1_443' title='bbox 2038 3818 2126 3868; x_wconf 85' lang='lat' dir='ltr'><strong>lib.</strong></span> <span class='ocrx_word' id='word_1_444' title='bbox 2160 3829 2272 3867; x_wconf 75' lang='grc' dir='ltr'><strong>ινι.</strong></span> <span class='ocrx_word' id='word_1_445' title='bbox 2296 3817 2385 3866; x_wconf 88' lang='lat' dir='ltr'><strong>ubi</strong></span> <span class='ocrx_word' id='word_1_446' title='bbox 2409 3816 2476 3867; x_wconf 80' lang='lat' dir='ltr'><strong>de</strong></span> 
     </span>
     <span class='ocr_line' id='line_1_67' title="bbox 1417 3894 2474 3961; baseline -0.004 -13"><span class='ocrx_word' id='word_1_447' title='bbox 1417 3899 1494 3948; x_wconf 84' lang='lat' dir='ltr'><strong>his</strong></span> <span class='ocrx_word' id='word_1_448' title='bbox 1528 3898 1689 3948; x_wconf 88' lang='lat' dir='ltr'><strong>fusius</strong></span> <span class='ocrx_word' id='word_1_449' title='bbox 1710 3910 1861 3961; x_wconf 88' lang='lat' dir='ltr'><strong>quam</strong></span> <span class='ocrx_word' id='word_1_450' title='bbox 1885 3895 1989 3944; x_wconf 88' lang='lat' dir='ltr'><strong>alii.</strong></span> <span class='ocrx_word' id='word_1_451' title='bbox 2073 3894 2295 3944; x_wconf 86' lang='lat' dir='ltr'><strong>Consule</strong></span> <span class='ocrx_word' id='word_1_452' title='bbox 2315 3895 2474 3944; x_wconf 81' lang='lat' dir='ltr'><strong>etiam</strong></span> 
     </span>
     <span class='ocr_line' id='line_1_68' title="bbox 1415 3971 2297 4040; baseline -0.002 -16"><span class='ocrx_word' id='word_1_453' title='bbox 1415 3975 1709 4040; x_wconf 83' lang='lat' dir='ltr'><strong>fragmenta</strong></span> <span class='ocrx_word' id='word_1_454' title='bbox 1730 3976 1767 4023; x_wconf 86' lang='lat' dir='ltr'><strong>l.</strong></span> <span class='ocrx_word' id='word_1_455' title='bbox 1795 3985 1896 4022; x_wconf 85' lang='lat' dir='ltr'><strong>x11.</strong></span> <span class='ocrx_word' id='word_1_456' title='bbox 1923 3971 2082 4021; x_wconf 85' lang='lat' dir='ltr'><strong>tabul.</strong></span> <span class='ocrx_word' id='word_1_457' title='bbox 2105 3971 2190 4022; x_wconf 89' lang='lat' dir='ltr'><strong>tit.</strong></span> <span class='ocrx_word' id='word_1_458' title='bbox 2215 3975 2297 4022; x_wconf 80' lang='grc'><strong>24.</strong></span> 
     </span>
    </p>

    <p class='ocr_par' dir='ltr' id='par_1_12' title="bbox 1414 4046 2475 4333">
     <span class='ocr_line' id='line_1_69' title="bbox 1477 4046 2475 4112; baseline -0.009 -12"><span class='ocrx_word' id='word_1_459' title='bbox 1477 4059 1503 4086; x_wconf 77' lang='lat'>⁸</span> <span class='ocrx_word' id='word_1_460' title='bbox 1533 4052 1636 4100; x_wconf 75' lang='lat' dir='ltr'><strong>Sub</strong></span> <span class='ocrx_word' id='word_1_461' title='bbox 1650 4051 1804 4099; x_wconf 78' lang='lat' dir='ltr'><strong>alieno</strong></span> <span class='ocrx_word' id='word_1_462' title='bbox 1819 4048 2027 4112; x_wconf 78' lang='lat' dir='ltr'><strong>nomine]</strong></span> <span class='ocrx_word' id='word_1_463' title='bbox 2042 4046 2287 4097; x_wconf 84' lang='lat' dir='ltr'><strong>Torrent.</strong></span> <span class='ocrx_word' id='word_1_464' title='bbox 2300 4059 2475 4097; x_wconf 76' lang='lat' dir='ltr'><strong>emen.</strong></span> 
     </span>
     <span class='ocr_line' id='line_1_70' title="bbox 1416 4124 2473 4190; baseline -0.004 -12"><span class='ocrx_word' id='word_1_465' title='bbox 1416 4129 1506 4178; x_wconf 79' lang='lat' dir='ltr'><strong>dat</strong></span> <span class='ocrx_word' id='word_1_466' title='bbox 1528 4144 1611 4178; x_wconf 77' lang='lat' dir='ltr'><strong>suo</strong></span> <span class='ocrx_word' id='word_1_467' title='bbox 1636 4127 1844 4179; x_wconf 72' lang='lat' dir='ltr'><strong>alimove</strong></span> <span class='ocrx_word' id='word_1_468' title='bbox 1864 4125 2066 4187; x_wconf 78' lang='lat' dir='ltr'><strong>nomine,</strong></span> <span class='ocrx_word' id='word_1_469' title='bbox 2086 4125 2172 4190; x_wconf 87' lang='lat' dir='ltr'><strong>qui</strong></span> <span class='ocrx_word' id='word_1_470' title='bbox 2194 4124 2331 4174; x_wconf 89' lang='lat' dir='ltr'><strong>idem</strong></span> <span class='ocrx_word' id='word_1_471' title='bbox 2356 4138 2473 4175; x_wconf 89' lang='lat' dir='ltr'><strong>sen·</strong></span> 
     </span>
     <span class='ocr_line' id='line_1_71' title="bbox 1414 4201 2470 4267; baseline -0.004 -14"><span class='ocrx_word' id='word_1_472' title='bbox 1414 4218 1498 4254; x_wconf 84' lang='lat' dir='ltr'><strong>sus</strong></span> <span class='ocrx_word' id='word_1_473' title='bbox 1524 4213 1623 4254; x_wconf 88' lang='lat' dir='ltr'><strong>est.</strong></span> <span class='ocrx_word' id='word_1_474' title='bbox 1705 4203 1808 4254; x_wconf 87' lang='lat' dir='ltr'><strong>Sed</strong></span> <span class='ocrx_word' id='word_1_475' title='bbox 1833 4201 1952 4267; x_wconf 90' lang='lat' dir='ltr'><strong>quid</strong></span> <span class='ocrx_word' id='word_1_476' title='bbox 1976 4202 2018 4251; x_wconf 85' lang='lat' dir='ltr'><strong>si</strong></span> <span class='ocrx_word' id='word_1_477' title='bbox 2040 4201 2396 4264; x_wconf 83' lang='lat' dir='ltr'><strong>intelligantur</strong></span> <span class='ocrx_word' id='word_1_478' title='bbox 2417 4201 2470 4250; x_wconf 86' lang='lat' dir='ltr'><strong>hi</strong></span> 
     </span>
     <span class='ocr_line' id='line_1_72' title="bbox 1414 4276 2472 4333; baseline -0.004 -3"><span class='ocrx_word' id='word_1_479' title='bbox 1414 4280 1576 4333; x_wconf 85' lang='lat' dir='ltr'><strong>libelli</strong></span> <span class='ocrx_word' id='word_1_480' title='bbox 1599 4280 1743 4332; x_wconf 84' lang='lat' dir='ltr'><strong>falsis</strong></span> <span class='ocrx_word' id='word_1_481' title='bbox 1778 4279 2066 4332; x_wconf 79' lang='lat' dir='ltr'><strong>nominibus</strong></span> <span class='ocrx_word' id='word_1_482' title='bbox 2101 4286 2271 4330; x_wconf 77' lang='lat' dir='ltr'><strong>certos</strong></span> <span class='ocrx_word' id='word_1_483' title='bbox 2310 4276 2472 4327; x_wconf 85' lang='lat' dir='ltr'><strong>homi·</strong></span> 
     </span>
    </p>
   </div>
  </div>
 </body>
</html>
