3019 4922
519 398 647 464 148

517 565 691 628 inter
732 567 970 644 regeS,¹
994 568 1035 596 ¹¹¹
1086 563 1468 645 suggestum
1518 561 1588 623 in
1641 559 2062 638 orchestra3¹¹
2106 556 2221 622 sed
2274 562 2340 622 et
2381 559 2710 641 ampliora

517 667 715 731 etiam
747 665 1040 729 humano
1071 664 1340 746 fastigio
1369 663 1626 727 decerni
1682 662 1811 725 sibi
1845 681 2087 744 passus
2117 669 2259 726 est:
2305 660 2528 726 sedem
2584 683 2708 726 au·-

517 789 696 834 ream
721 776 748 803 ⁰
790 769 860 833 in
893 769 1100 833 Curia
1141 774 1205 831 et
1252 786 1372 851 pro
1420 765 1758 843 tribunali,
1807 771 2120 829 tensamp
2170 771 2281 830 et²
2325 765 2707 830 ferculum‘*

1376 415 1437 460 Ο.
1485 410 1842 466 SUEToNu

1429 951 1811 971 OOOOOOOOOOOO

1884 1086 2011 1134 Mox
2044 1090 2092 1133 et
2123 1085 2206 1132 vel
2239 1084 2387 1133 etiam
2428 1082 2708 1134 delendum

515 1086 600 1145 lit,
645 1084 905 1133 renitente
938 1083 1249 1134 Casaub.—l
1287 1084 1422 1132 Inter
1449 1089 1616 1144 gentes
1650 1083 1799 1134 Huls.
2592 1152 2686 1197 142

2505 1163 2555 1212 p.
2692 1183 2704 1197 .

516 1150 719 1199 censuit
773 1150 892 1197 Ern.
981 1149 1235 1198 Emendat
1279 1148 1330 1197 Ιι.
1373 1149 1403 1198 l.
1440 1149 1806 1212 Cannegetier.
1838 1150 1899 1198 ad
1938 1149 2070 1199 Coll.
2107 1150 2213 1199 LL.
2252 1150 2468 1198 Mosaic.

514 1216 652 1279 ampl.
675 1216 892 1274 humano,
912 1213 1172 1275 fastigium
1203 1215 1253 1262 d.
1285 1229 1327 1262 s.
1397 1214 1564 1276 Supra
1599 1215 1647 1262 in
1688 1216 1836 1264 Voss.
1867 1220 2282 1277 suggesturam—2
2319 1214 2387 1263 Et
2409 1214 2554 1262 deest
2574 1214 2707 1261 Bon.

513 1295 574 1331 ac
594 1281 849 1340 fericulum
883 1280 1073 1343 legitur
1106 1280 1159 1327 in
1192 1279 1366 1343 anac.
1433 1280 1539 1328 Pro
1552 1280 1704 1340 juxta
1722 1281 1933 1329 Memm.
1957 1281 2113 1329 babet
2125 1280 2280 1344 justa,
2304 1289 2359 1330 et
2380 1279 2706 1344 distinguunt

1504 1458 1553 1506 N
1561 1457 1716 1505 O'I'AE

1649 1563 1870 1606 testatur
1892 1556 1992 1606 Dio
2016 1556 2105 1606 lib.
2131 1569 2291 1605 xmu.

1709 1640 1733 1664 ¹¹
1765 1632 2054 1695 Suggestum
2084 1634 2131 1682 in
2176 1632 2440 1697 orchestra]
2494 1635 2576 1682 De
2621 1648 2704 1682 or·

1645 1711 1851 1759 chestra
1886 1726 2041 1775 supra
2084 1725 2199 1775 cap.
2241 1715 2323 1760 39.
2388 1712 2703 1775 Suggestum

510 1558 794 1622 imperator
817 1555 1000 1605 nullius
1022 1561 1139 1604 ante
1158 1556 1413 1606 Caesarem
1434 1570 1564 1618 prae·

510 1649 697 1684 nomen
738 1632 855 1697 fuit,
896 1634 1170 1683 multorum
1217 1648 1337 1682 vero
1376 1648 1564 1697 cogno-

508 1726 647 1760 men.
709 1712 896 1761 Stante
932 1711 1068 1775 Rep.
1106 1710 1338 1775 duplicis·
1361 1711 1564 1773 generis

508 1790 843 1852 imperatores
872 1805 884 1838 t
926 1790 1108 1852 primo,
1133 1788 1441 1853 quicumque
1476 1801 1564 1836 ex·

509 1867 704 1916 ercitns
738 1866 895 1915 duces
932 1866 1165 1929 imperio,
1187 1866 1285 1913 boc
1325 1872 1407 1913 est
1443 1864 1564 1912 belli

508 1943 723 2006 gerendi
758 1944 882 2007 jure
908 1950 1147 2007 accepto,
1181 1943 1285 1991 suis
1323 1941 1563 2004 auspiciis

508 2034 616 2070 rem
633 2028 904 2084 gererent;
939 2020 1186 2081 secundo,
1210 2034 1326 2068 cum
1353 2033 1407 2068 re
1431 2020 1563 2068 bene

506 2107 676 2162 gesta,
700 2105 755 2146 et
776 2099 945 2147 occiso
970 2099 1191 2147 hostium
1230 2112 1460 2153 numero,
1497 2111 1563 2145 eo

507 2174 595 2238 qui
634 2175 750 2236 lege
790 2173 1035 2223 definitus
1068 2182 1181 2222 erat
1206 2172 1459 2237 (Appian.
1498 2187 1560 2223 ιι.

507 2252 654 2301 Civil.
676 2266 729 2301 x.
755 2253 832 2302 Μ.
868 2249 1120 2316 assignat)
1153 2258 1440 2316 praesentes
1482 2266 1562 2299 sa-

508 2327 824 2380 lutabantur.
888 2329 1097 2378 Tacitus
1122 2328 1312 2378 Annal.
1337 2341 1422 2377 111.
1452 2343 1560 2377 rem

504 2404 783 2455 describit:
824 2407 839 2434 ‘
856 2405 1093 2460 Tiberius
1115 2404 1168 2454 id
1195 2420 1398 2471 quoque
1423 2406 1563 2455 131ae-

504 2498 562 2533 so
587 2485 787 2542 tribuit,
811 2492 869 2534 ut
905 2485 1193 2550 Imperator
1217 2500 1247 2533 a
1269 2485 1558 2548 legionibus

503 2561 852 2622 salutaretur5
901 2566 1075 2625 prisco
1112 2576 1235 2626 erga
1274 2560 1431 2610 (luces
1466 2562 1557 2610 ho·

501 2650 646 2699 nore,
671 2638 756 2701 qui
790 2638 989 2700 Repub.
1016 2638 1147 2686 bene
1182 2646 1348 2701 gesta,
1371 2639 1559 2701 gaudio

501 2721 658 2776 atque
678 2715 875 2777 impetu
899 2714 1108 2764 victoris
1133 2715 1415 2775 exercitus,
1437 2730 1558 2763 con·

501 2789 891 2852 clamabantur3
922 2799 1175 2856 erantque
1212 2792 1384 2856 plures
1409 2792 1559 2840 simul

498 2863 858 2927 imperatores,
915 2881 1012 2916 nec
1057 2882 1216 2930 super
1265 2875 1557 2917 ceterorum

502 2939 893 3001 aequalitatem!
958 2942 1057 2990 His
1080 2944 1242 2993 multa
1259 2945 1461 2993 honoris
1481 2946 1557 2992 iu-

498 3016 974 3080 signia,cognomen
990 3019 1324 3082 Imperatoris
1343 3035 1557 3084 praeser-

499 3090 610 3139 tim.
676 3092 826 3143 Quod
863 3093 905 3140 si
929 3095 1119 3158 smptus
1152 3097 1470 3159 contigisset,
1505 3098 1555 3147 in

496 3167 920 3231 inscriptionibus
959 3185 1134 3218 eorum
1170 3172 1219 3220 in
1256 3175 1554 3223 memoriam

498 3245 697 3307 positis,
720 3259 981 3295 numerum
1000 3249 1378 3310 exprimebant.
1415 3252 1554 3302 Hinc

496 3320 549 3368 in
593 3322 854 3371 veteribus
908 3324 1245 3375 marmoribus
1303 3337 1408 3377 tam
1450 3327 1554 3377 fre-

496 3404 749 3462 quenter:
772 3401 788 3429 ⁸
813 3400 1107 3464 Imperator
1132 3401 1245 3460 bis,'
1283 3406 1298 3430 ‘
1316 3404 1435 3466 ter,’
1454 3410 1554 3456 διο.

493 3473 648 3524 Adde
668 3486 721 3526 et
738 3477 946 3527 lictores
972 3488 1269 3542 perpetuos,
1286 3487 1343 3530 ut
1365 3489 1551 3545 aperte

492 3550 662 3602 innuit
684 3554 870 3603 Cicero
910 3555 998 3605 lib.
1020 3570 1084 3605 11.
1116 3558 1215 3620 Ep.
1250 3562 1331 3608 15.
1367 3564 1547 3610 ‘acce-

494 3627 573 3676 dit
598 3631 813 3678 molesta
836 3631 950 3680 haec
987 3647 1174 3695 pompa
1211 3634 1471 3697 lictorum,
1491 3645 1549 3686 et

491 3715 679 3755 nomen
715 3706 915 3770 imperii
945 3724 1047 3773 quo
1080 3710 1353 3773 appellor.’
1416 3713 1546 3762 'l'um

492 3778 711 3844 deniqne
760 3783 1049 3847 Imperator
1090 3799 1386 3847 praenomen
1425 3787 1546 3850 fuit,

491 3859 546 3938 et
566 3855 796 3917 ejusdem
816 3861 1139 3910 auctoritatis
1164 3876 1224 3911 ac
1258 3876 1441 3913 nomen
1467 3879 1545 3913 re·

491 3940 650 3989 grum.

555 4011 592 4036 ¹¹¹
625 4006 843 4058 Statuam
886 4012 1011 4062 inter
1045 4017 1206 4081 reges]
1241 4017 1454 4081 Septem
1490 4032 1543 4066 e·

490 4088 611 4131 rant.
641 4083 691 4131 in
716 4085 973 4149 Capitolio
997 4098 1196 4153 septem
1234 4108 1412 4156 regum
1442 4095 1542 4143 Ro·

489 4171 755 4208 manorum
777 4168 979 4225 statuae,
999 4167 1183 4229 quibus
1202 4169 1445 4233 adjuncta
1462 4169 1544 4219 fu·

489 4242 602 4282 erat
631 4243 813 4285 octava
836 4239 1009 4301 Bruti,
1028 4244 1116 4305 qui
1140 4245 1255 4294 illos
1278 4246 1504 4309 ejecerat
1525 4265 1541 4308 ς

477 4309 627 4371 juxta
649 4327 800 4378 quam
819 4322 874 4365 et
891 4315 1109 4367 Caesaris
1125 4327 1349 4372 statuam
1367 4323 1542 4390 fuisse,

1647 1787 1822 1836 Caesar
1857 1789 2047 1851 primus
2072 1790 2122 1838 in
2145 1788 2294 1837 ludos
2313 1787 2526 1853 invexit,
2549 1803 2703 1853 quem

1646 1878 1838 1913 morem
1871 1865 2037 1914 ceteri
2069 1880 2275 1930 quoque
2319 1865 2580 1929 principes
2625 1873 2704 1916 te-

1644 1956 1836 2004 nuere3
1893 1942 2166 1992 dicebatur
2209 1951 2262 1992 et
2307 1942 2601 1992 cubiculum
2652 1943 2703 1994 in

1647 2019 1776 2069 Ner.
1820 2031 1937 2084 cap.
1975 2024 2051 2069 12.
2119 2021 2251 2069 Erat
2296 2021 2431 2069 enim
2473 2021 2702 2070 tribunal

1645 2096 1754 2145 sive
1780 2098 1919 2146 locus
1935 2097 2140 2162 quidam
2160 2098 2489 2161 eminentior,
2513 2097 2576 2146 ad
2598 2113 2705 2146 mo-

1644 2173 1746 2222 dici
1778 2174 2000 2224 cubiculi
2032 2174 2246 2224 formam
2275 2184 2464 2238 tectus,
2491 2182 2546 2224 et
2574 2175 2700 2224 inae-

1642 2250 1900 2300 dificatus.
1984 2252 2185 2300 Morem
2240 2252 2375 2300 bunc
2431 2252 2702 2314 eleganter

1639 2329 1838 2378 indicat
1883 2328 2085 2377 Plinius
2126 2329 2175 2377 in
2218 2330 2474 2392 Panegyr.
2519 2329 2698 2392 Traja-

1639 2420 1759 2454 num
1784 2406 2022 2468 laudans,
2051 2403 2188 2473 quod
2215 2406 2325 2455 sine
2362 2406 2449 2454 illa
2472 2405 2698 2455 domina-

1642 2484 1796 2532 tionis
1871 2485 2219 2549 praerogativa
2273 2490 2329 2533 et
2396 2482 2697 2533 discrimine

1635 2571 1942 2624 spectaret:
2008 2566 2023 2589 ⁴
2049 2559 2277 2609 Visenda
2334 2574 2451 2608 cum
2518 2570 2696 2610 cetera

1637 2639 1830 2702 specie,
1854 2645 1962 2688 tum
1989 2638 2121 2702 quod
2160 2645 2393 2701 aequatus
2433 2637 2602 2701 plebis
2638 2654 2699 2688 ac

1640 2716 1889 2779 principis
1922 2717 2098 2765 locus:
2136 2714 2392 2779 siquidem
2417 2728 2510 2778 per
2545 2730 2697 2765 omne

1637 2795 1857 2856 spatium
1895 2807 1997 2841 una
2033 2791 2214 2852 facies,
2248 2805 2345 2840 nec
2385 2791 2546 2853 magis
2581 2807 2699 2854 pro·

1639 2870 1781 2933 prius
1827 2858 2103 2930 spectandi
2143 2869 2338 2918 Caesari
2385 2869 2697 2931 suggestus,'

1636 2948 1736 2995 ὅτε.
1804 2947 1874 2995 Et
1918 2946 2069 3010 paulo
2106 2954 2263 3008 post:
2296 2945 2552 2995 ‘Dabitur
2594 2961 2695 2995 non

1636 3022 1931 3072 cubiculum
1954 3022 2223 3086 principis,
2248 3022 2338 3071 sed
2378 3021 2546 3086 ipsum
2582 3038 2694 3074 cer-

1639 3104 1797 3154 nere?
2436 3111 2446 3120 “

1700 3187 1725 3212 ⁰
1757 3181 1928 3231 Sedem
1946 3180 2158 3243 aureum]
2197 3179 2315 3228 Hoc
2351 3186 2432 3228 est
2455 3179 2581 3226 sella
2608 3194 2695 3228 au-

1639 3270 1725 3304 rea
1747 3256 1984 3312 sedebat,
2006 3258 2091 3306 ubi
2121 3257 2208 3304 alii
2244 3257 2583 3320 magistratus
2604 3270 2698 3304 cu-

1638 3333 1736 3382 ruli
1762 3332 2073 3393 utebantur3
2097 3329 2301 3381 scilicet
2326 3333 2376 3380 in
2397 3333 2618 3393 Senatu,
2641 3333 2694 3381 in

1634 3408 1767 3473 foro,
1802 3424 1895 3473 pro
1921 3408 2146 3473 Rostris,
2179 3416 2237 3458 nt
2259 3409 2477 3459 Casanb.
2505 3408 2695 3459 ex‘Di-

1635 3502 1733 3537 one
1752 3488 2061 3552 suspicatur.
2104 3489 2118 3514 ‘
2140 3486 2426 3550 Suggestus
2444 3484 2493 3534 in
2512 3489 2662 3536 curia
2682 3487 2697 3509 ’

1631 3579 1663 3613 a
1686 3565 1838 3613 Floro
1863 3564 2053 3611 dicitur
2069 3562 2157 3611 lib.
2181 3572 2258 3610 iv.
2283 3577 2399 3625 cap.
2422 3566 2472 3612 2.
2493 3565 2547 3610 in
2571 3561 2693 3614 fine.

1692 3648 1719 3681 P
1755 3640 1975 3703 Tensam]
2000 3639 2146 3687 Sacri
2172 3638 2440 3701 cujusdam
2466 3639 2690 3688 vehiculi

1628 3731 1785 3778 genus
1830 3723 1932 3776 est,
1969 3729 2071 3778 quo
2112 3715 2407 3763 solennibus
2452 3715 2686 3765 ludorum

1626 3792 1828 3856 pompis
1852 3794 2083 3842 Deorum
2121 3792 2392 3840 simulacra
2430 3793 2687 3842 veheban-

1627 3875 1736 3916 tur:
1774 3881 1870 3930 pro
1903 3868 2015 3930 ipsa
2040 3866 2347 3932 quandoque
2373 3882 2566 3932 pompa
2603 3884 2686 3918 su-

1624 3944 1800 3994 mitur.

1687 4026 1712 4060 ‘1
1745 4019 2018 4083 Ferculum]
2081 4019 2154 4067 Iis
2189 4018 2355 4067 simile
2394 4019 2462 4067 de
2500 4019 2686 4083 quibus

1623 4109 1739 4158 cap.
1762 4098 1841 4145 3⁷.
1907 4097 2148 4145 Torrent.
2186 4104 2357 4145 tamen
2393 4109 2459 4145 ex
2497 4097 2686 4149 Gram-

1622 4172 1822 4220 maticis
1857 4172 2163 4236 quibusdam
2187 4173 2401 4236 colligit,
2427 4174 2682 4238 pulpitum

1622 4249 1732 4297 sive
1754 4250 2048 4312 suggestum
2087 4249 2246 4298 fuisse
2283 4252 2334 4297 in
2377 4258 2525 4298 tensa
2546 4252 2681 4313 posi·

1624 4334 1751 4388 tum,
1775 4328 1858 4376 cui
1886 4327 2161 4377 simulacra
2184 4328 2416 4377 Deorum
2452 4329 2681 4393 impone-
