3019 4922
1260 398 1645 447 rinnmus·
2402 383 2530 448 439

344 543 512 632 dieS,
544 542 792 627 aquila,
821 542 1160 627 nunquam
1192 548 1394 607 antea
1439 540 1669 605 Rhodi
1719 548 2104 624 conspecta,
2133 543 2205 607 in
2244 543 2531 608 culmine

342 646 584 710 domus
614 645 761 728 ejus
793 645 1043 710 assedit
1068 654 1131 710 :⁹
1177 651 1244 710 et
1286 644 1526 728 pridie,
1559 665 1754 729 quam
1787 644 1868 708 de
1895 645 2115 710 reditu
2145 647 2389 719 certior
2417 647 2531 712 fie-

338 755 461 826 ret,
494 749 894 813 vestimenta
939 750 1222 817 mutanti
1267 749 1494 812 tunica
1539 749 1768 830 ardere
1812 751 1962 814 visa
2006 753 2126 813 est.
2212 749 2543 837 Thrasyk

336 851 517 925 lum¹¹
550 870 819 935 qnoque
850 852 1416 927 mathematicum,
1450 871 1648 934 quem
1693 857 1770 915 ut
1811 851 2160 935 sapientiae
2190 851 2539 934 professo-·

335 972 472 1017 rem
494 962 548 991 ¹0
600 955 1035 1039 contubernio
1083 954 1492 1030 admoverat,
1526 959 1663 1017 tum
1709 953 1999 1018 maxime
2053 958 2369 1036 expertus
2401 961 2524 1032 est,

334 1055 786 1134 affirmantem,
836 1077 1008 1122 nave
1051 1058 1328 1141 provisa
1354 1065 1373 1093 ¹
1422 1057 1737 1139 gaudium
1770 1055 2023 1137 afferri3
2069 1076 2217 1120 cum
2251 1056 2523 1138 quidem

332 1157 546 1236 illum,
578 1160 804 1224 durius
850 1167 922 1224 et
973 1167 1210 1225 contra
1259 1158 1583 1242 praedicta
1628 1158 2028 1223 cadentibus
2058 1158 2279 1236 rebuS,
2312 1161 2381 1220 ut
2404 1156 2524 1221 fal-

333 1279 477 1339 sum
499 1266 565 1326 et
587 1270 993 1329 secretorum
1022 1272 1269 1328 temere
1289 1263 1662 1339 conscium,
1685 1281 1768 1326 eo
1798 1263 1948 1345 ipso
1979 1271 2337 1333 momente,
2363 1258 2522 1322 dum

332 1364 853 1446 spatiaturhuna,
884 1366 1309 1449 praecipitare
1341 1366 1407 1427 in
1437 1384 1617 1428 mare
1651 1364 2077 1429 destinasset.
2159 1360 2329 1443 [15]
2377 1361 2522 1424 Ro-

328 1485 508 1530 mam
553 1475 914 1546 reversus,²
949 1468 1241 1532 deducto
1293 1469 1362 1531 in
1412 1467 1678 1531 forum⁰
1729 1467 1865 1531 filio
1911 1468 2160 1544 DruSO,
2205 1465 2436 1529 statim
2483 1484 2519 1527 e

327 1567 595 1633 Carinis
615 1578 640 1618 P
668 1590 746 1634 ac
780 1571 1204 1654 Pompeiana
1234 1569 1434 1634 domo
1466 1570 1855 1653 Esquiliasq
1895 1570 1962 1633 in
2002 1569 2226 1633 hortos
2265 1567 2521 1632 Maeee-

323 1672 639 1736 natianos
670 1676 1202 1757 transmigravit3
1249 1681 1593 1757 totumque
1639 1695 1712 1740 se
1763 1673 1849 1738 ad
1895 1673 2180 1758 quietem
2213 1669 2541 1745 eontulit„

320 1774 589 1871 privata
619 1775 856 1840 modo³
904 1776 1125 1841 officia
1154 1778 1406 1863 obiens,
1438 1773 1520 1841 ae
1551 1777 1976 1861 publicorum
2006 1792 2350 1838 numerum
2396 1791 2515 1835 ex-

319 1895 497 1959 pers.
566 1877 735 1943 Caio
766 1887 836 1943 et
866 1879 1080 1944 Lucio
1110 1881 1279 1945 intra
1310 1866 1663 1945 triennium
1682 1887 1713 1928 4
1740 1879 2124 1954 defunctis:
2157 1876 2519 1959 adoptatur

1237 2047 1264 2065 O
1270 2047 1599 2066 ”ROO‘WO

316 2142 473 2193 Wolf.
499 2144 773 2196 Burm.-—9
807 2147 996 2196 Assidit
1029 2162 1189 2210 marg.
1231 2148 1484 2197 Ed.'Ant.
1505 2148 1705 2212 Grypli.
1729 2163 1822 2212 pro
1849 2164 1895 2195 v.
1914 2148 1946 2196 1.
1983 2146 2118 2210 quod
2145 2146 2317 2208 placet
2336 2143 2515 2194 Burm.

316 2209 459 2258 nullo
500 2220 673 2259 tamen
715 2211 842 2260 Cod.
879 2213 1167 2262 addicente.
1244 2215 1371 2262 Mox
1408 2216 1465 2262 de
1497 2215 1599 2262 ritu
1635 2214 1731 2261 Ed.
1766 2214 2032 2262 Ven.—10
2068 2210 2338 2271 Professore
2374 2212 2515 2259 Dun.

316 2275 453 2324 Dein
474 2281 574 2324 tum
594 2291 724 2324 max.
746 2275 909 2326 edidit
935 2277 1076 2326 Oud.
1100 2295 1127 2326 e
1150 2279 1347 2327 Medic.
1378 2284 1421 2327 1.
1446 2284 1495 2328 3.
1523 2281 1806 2328 accedente
1831 2279 1960 2339 Cap.
1986 2283 2039 2325 et
2064 2275 2358 2338 probantib.
2384 2277 2512 2324 Ern.

314 2339 438 2402 Bip.
461 2339 616 2390 Wolf.
673 2341 735 2390 In
759 2341 973 2391 Memm.
998 2344 1156 2392 Fouc.
1180 2359 1301 2404 cuni,
1327 2359 1420 2406 pro
1443 2359 1544 2407 quo
1569 2346 1758 2393 rectius
1777 2349 1925 2405 putat
1950 2341 2088 2391 Oud.
2110 2348 2210 2390 tum
2231 2357 2351 2389 cum.
2410 2342 2511 2389 Re·

314 2404 451 2454 tinet
472 2405 608 2469 vulg.
642 2411 753 2455 tunc
775 2422 902 2457 max.
931 2408 1067 2457 Duk.
1092 2408 1155 2455 ad
1182 2409 1321 2457 Flor.
1345 2423 1406 2457 ιι.
1426 2413 1504 2458 16.
1532 2410 1782 2473 probante
1799 2410 2073 2456 Burm.—1
2111 2406 2197 2454 Ita
2218 2407 2345 2454 Mss.
2364 2405 2432 2454 Ο.
2459 2413 2512 2454 et

315 2470 449 2520 Edd.
474 2476 594 2520 ante
618 2472 837 2521 Casaub.
861 2482 914 2523 et
938 2488 1083 2537 seqq.
1107 2475 1193 2536 qui
1215 2476 1418 2537 proevisa
1439 2478 1795 2537 praetulerunt.
1851 2474 1982 2521 Dein
2004 2485 2144 2533 supra
2175 2471 2386 2533 praedict.
2410 2471 2507 2520 Ed.

312 2537 446 2585 Ven.
468 2543 513 2586 l.
536 2543 590 2585 et
614 2538 664 2586 in
698 2538 891 2588 Medic.
917 2543 966 2586 3.
986 2539 1215 2587 cedentib.
1250 2554 1509 2601 suprascr.
1531 2542 1606 2588 vel
1625 2543 1771 2588 a.—2
1806 2539 1928 2587 Rev.
1951 2541 2023 2587 est
2046 2538 2187 2585 Dun.
2212 2536 2298 2598 qui
2337 2549 2454 2582 mox
2478 2551 2509 2583 α

312 2601 629 2664 Pompaecum
665 2602 860 2653 Medic.
884 2608 932 2651 2.
984 2604 1214 2665 Exquilia
1244 2604 1402 2653 vind.
1438 2609 1582 2653 1.—3
1621 2603 1817 2653 Privato
1840 2605 1972 2651 modo
1998 2601 2144 2649 Huls.
2189 2603 2376 2662 privata
2397 2615 2508 2648 vero

315 2666 543 2730 Cop.-—4
577 2667 819 2719 Glarean.
858 2683 975 2718 cum
1015 2670 1156 2732 Lips.
1192 2670 1255 2717 ad
1291 2671 1419 2719 Tac.
1443 2669 1577 2719 Ann.
1596 2684 1635 2720 1.
1661 2674 1709 2717 3.
1733 2668 1966 2733 aliisque,
1989 2674 2269 2716 commotus
2287 2666 2507 2713 maxime

1300 2819 1354 2871 N
1360 2818 1520 2870 0⁷1*AE

334 2945 338 2952 ⁴
373 2921 399 2946 ¹²
442 2914 759 2979 ThmyM]
810 2917 966 2966 Hune
1009 2918 1364 2982 philosophum
1443 2920 1584 2969 circa
1605 2918 1861 2968 Misenum
1888 2931 1990 2979 pax
2012 2914 2190 2964 initaz'
2213 2914 2304 2979 (de
2326 2928 2426 2977 qua
2452 2914 2501 2961 in

309 3003 513 3056 quoqne
536 2990 713 3046 fuisse,
740 2999 890 3055 patet
918 3008 981 3041 ex
1005 2994 1103 3043 hoc
1128 2996 1365 3045 Suetonii
1445 2994 1681 3059 Augusto
1722 3009 1768 3043 c.
1801 2991 1904 3057 16.)
1950 2995 1965 3018 ⁴
1991 2992 2077 3057 qui
2108 2991 2243 3040 haud
2281 2990 2503 3040 absurde

307 3061 441 3116 loco'.
525 3067 1000 3118 Vetus-Juvenalis
1049 3072 1362 3121 scholiastes
1442 3088 1559 3126 cum
1604 3073 1654 3121 in
1693 3071 1811 3120 navi
1847 3071 2206 3134 Caesaremque
2248 3075 2301 3122 et
2339 3067 2503 3118 Anto-

305 3146 489 3211 tradit,
510 3146 665 3210 hunc,
699 3148 969 3197 multarum
995 3164 1160 3199 rerum
1194 3152 1361 3200 scien·
1440 3152 1580 3206 nium
1605 3167 1754 3201 coena
1794 3149 2083 3214 exciperet,
2120 3148 2273 3207 dixit,
2309 3148 2358 3196 in
2402 3148 2499 3198 Cae

305 3223 453 3274 tiam·
477 3222 781 3286 professum,
826 3224 1111 3275 Platonicae
1152 3227 1357 3280 demum
1439 3229 1563 3278 rinis
1605 3230 1711 3278 suis
1753 3243 1808 3277 se
1848 3242 2044 3276 coenam
2085 3226 2231 3287 dare,
2273 3223 2500 3277 referens

304 3306 468 3351 sectoe
503 3313 617 3349 sese
654 3300 930 3361 dedidisse,
954 3316 1015 3350 ac
1047 3302 1232 3351 deinde
1254 3318 1360 3351 ma·
1438 3305 1535 3354 hoc
1579 3304 1775 3353 dictum
1818 3304 1884 3351 ad
1930 3303 2029 3354 loci
2068 3314 2276 3363 nomeu,
2312 3300 2363 3347 in
2396 3314 2499 3361 quo

299 3377 460 3433 thesi,
493 3379 895 3444 qua-praecipue
919 3380 1084 3443 viguit
1108 3381 1243 3445 apud
1268 3381 1358 3430 Ti·
1440 3386 1656 3443 paterna
1690 3380 1868 3427 domus
1904 3378 1968 3426 ab
2005 3376 2234 3428 Antonio
2270 3374 2499 3437 possid&

302 3454 522 3504 betium.
537 3455 752 3505 Tacitus
768 3471 847 3506 vr.
865 3457 1053 3507 Annal.
1068 3467 1122 3507 et
1146 3458 1251 3506 Dio
1271 3457 1358 3508 lib.
1441 3455 1628 3506 batur.'
1695 3456 1765 3503 Et
1802 3453 1904 3502 Dio
1946 3452 2035 3506 lib.
2068 3464 2273 3500 xnvm.
2315 3457 2496 3498 auctor

303 3543 396 3583 nv.
422 3534 839 3597 experimentum
863 3536 957 3585 hoc
998 3537 1122 3586 artis
1147 3542 1363 3586 narrant
1439 3539 1538 3587 est,
1573 3529 1877 3593 Pompeium
1916 3542 2032 3577 cum
2068 3527 2311 3576 universa
2331 3527 2497 3581 classe

299 3610 458 3673 paulo
478 3610 647 3660 aliter.
716 3613 886 3676 Hujus
923 3614 1117 3663 mentio
1142 3614 1252 3677 jam
1279 3628 1358 3661 su·
1435 3609 1487 3659 in
1509 3610 1817 3675 colloquium
1839 3609 2038 3658 venisse
2059 3609 2108 3657 in
2124 3615 2390 3657 exstructo
2409 3624 2498 3670 ag·

298 3700 398 3751 pra
417 3685 555 3750 Aug.
575 3702 622 3736 c.
641 3692 725 3737 98.
1039 3721 1045 3727 -
1434 3703 1559 3751 gere
1595 3688 1722 3737 mari
1761 3685 2076 3741 circumfluo,
2117 3685 2402 3736 astantibus
2441 3686 2491 3732 in

358 3770 384 3795 ⁰
417 3762 636 3812 Deducta
669 3764 723 3811 in
746 3765 934 3828 sorum]
969 3767 1055 3816 De
1089 3768 1186 3817 hoc
1216 3782 1356 3817 more
1432 3766 1674 3833 proximo
1697 3764 1982 3816 continenti
2005 3765 2208 3814 Caesare
2241 3771 2296 3812 et
2330 3762 2491 3813 Anto-

296 3840 350 3892 iu
379 3838 611 3904 Augusto
632 3855 679 3891 c.
695 3845 774 3892 26.
799 3850 855 3891 et
874 3842 1007 3893 iufra
1027 3844 1190 3908 Calig.
1210 3860 1256 3894 c.
1276 3850 1359 3895 10.
1436 3844 1543 3892 nio.

298 3922 396 3969 ὅτε.
973 3947 978 3952 ·
1341 3953 1348 3957 „
1499 3926 1527 3960 ‘1
1563 3915 1826 3980 Esquilias]
1861 3915 2106 3979 Esquiliae
2138 3916 2367 3979 quintam
2393 3918 2489 3965 Ur-

362 4003 389 4037 1’
429 3996 643 4059 Carinis]
679 3996 881 4045 Carinae
917 3996 1059 4047 vicus
1090 3997 1267 4060 Urbis,
1301 3999 1353 4047 in
1433 3996 1514 4045 bis
1539 3996 1799 4057 regionem
1825 3991 2104 4044 faciebant.
2171 3993 2233 4041 In
2257 4008 2318 4041 ea
2343 4002 2489 4056 parte

299 4085 401 4135 qno
459 4070 697 4135 Pompeii
745 4073 923 4136 Magni
980 4074 1158 4123 domus
1220 4083 1349 4125 erat.
1433 4070 1583 4120 hodie
1624 4077 1702 4118 est
1745 4068 1988 4131 templum
2031 4068 2085 4116 S.
2132 4068 2400 4118 Laurentii
2438 4071 2489 4119 in

294 4146 441 4197 Hinc
465 4161 692 4197 scomma
714 4147 841 4196 illud
862 4148 1011 4198 Sexti
1033 4151 1270 4214 Pompeii
1299 4151 1349 4200 in
1432 4146 1647 4197 Lucina.

292 4223 600 4280 Antonium,
621 4223 760 4289 quod
792 4224 973 4274 retulit
993 4226 1223 4276 Velleius
1261 4227 1351 4277 lib.
1495 4233 1515 4259 ¹·
1549 4225 1689 4273 Intra
1724 4223 1980 4273 triennium
2002 4223 2270 4292 destinetis]
2299 4223 2386 4272 Sic
2412 4224 2481 4270 le-

295 4312 364 4349 11.
399 4313 517 4365 cap.
552 4304 632 4351 77.
666 4298 830 4351 ‘Cum
862 4300 1115 4365 Pompeio
1148 4316 1349 4369 quoque
1432 4303 1509 4369 git
1532 4303 1583 4354 in
1602 4303 1833 4355 omnibus
1850 4302 1977 4354 Mss.
1992 4303 2340 4356 casaubonus.
2376 4300 2482 4349 Un-
