3019 4922
452 397 581 467 528

455 579 649 638 anno,
681 560 875 624 tertio
927 564 998 623 et
1026 557 1392 622 vicesimo¹
1427 553 1709 638 imperii,
1754 554 2041 638 septimo
2084 553 2346 620 decimo
2394 555 2644 626 Kalen·

455 665 580 729 das
606 661 887 747 Aprilis,
935 662 1058 727 Cn.
1103 657 1473 725 Acerronio
1524 656 1860 738 Proculo,
1887 657 1962 722 C.
2015 656 2262 722 Pontio
2280 664 2305 692 ²
2339 658 2643 741 Nigrino,

454 766 886 832 Consulibus,
974 764 1166 842 Sunt,
1191 765 1313 849 qui
1339 768 1621 847 putent,³
1654 780 1974 828 venenum
2001 761 2067 826 ei
2091 781 2135 826 a
2164 760 2335 826 Caio
2352 769 2379 806 y
2409 759 2643 826 datum

360 900 365 904 ·
452 871 698 934 lentum
725 876 929 952 atque
959 867 1324 933 tabificum.
1411 863 1581 943 Alii,
1612 866 1682 929 in
1705 865 2102 930 remissione
2130 864 2416 930 fortuitae
2438 864 2644 930 febris

454 972 675 1037 cibum
696 971 1099 1037 desideranti
1128 977 1436 1052 negatum
1457 990 1473 1033 ε
1502 968 1860 1045 nonnulli,⁴
1877 968 2222 1052 pulvinum
2242 975 2268 1002 ⁸
2299 966 2643 1053 injectum,

453 1091 607 1140 cum
637 1081 1008 1140 extractum
1029 1074 1159 1139 sibi
1181 1071 1517 1138 deficienti
1538 1069 1811 1156 anulum
1827 1079 1856 1106 ⁸
1875 1090 2039 1135 mox
2060 1070 2468 1153 resipiscens
2487 1077 2512 1119 ⁵
2542 1090 2644 1135 re·

454 1177 793 1261 quisisset.
878 1177 1144 1242 Seneca
1199 1195 1353 1240 eum
1396 1173 1642 1249 scribit,
1691 1173 2040 1239 intellecta
2083 1173 2484 1251 defectione,
2526 1189 2643 1237 ex-

454 1286 704 1345 emtum
725 1282 1039 1358 anulum,¹¹
1056 1280 1252 1365 quasi
1276 1277 1484 1344 alicui
1503 1275 1915 1355 traditurum,
1934 1295 2297 1360 parumper
2323 1276 2645 1340 tenuisset

453 1383 607 1447 dein
635 1403 861 1449 rursus
884 1389 1164 1467 aptasse
1187 1383 1419 1465 digito,
1447 1385 1539 1458 et,
1570 1399 1962 1463 compressa
1991 1379 2265 1445 sinistra
2293 1398 2516 1455 manu,
2537 1378 2647 1463 jao

452 1485 673 1551 cuisse
704 1486 819 1551 diu
840 1484 1282 1550 immobilem:
1329 1483 1555 1547 subito
1574 1480 1603 1521 ⁶
1634 1484 1888 1547 vocatis
1917 1483 2253 1554 ministris,
2279 1501 2362 1546 ac
2389 1483 2646 1546 nemine

453 1588 922 1673 respondente,
944 1586 1480 1665 consurrexisse,
1503 1606 1634 1651 nec
1661 1587 1902 1669 procul
1942 1607 1985 1650 a
2026 1585 2299 1664 lectule,
2331 1584 2647 1650 deficiens

453 1691 631 1756 tibus
663 1692 939 1763 viribus,
971 1690 1372 1756 concidisse.
1460 1687 1629 1774 [74]
1675 1688 1998 1773 Supremo
2042 1689 2254 1755 natali
2285 1707 2410 1754 suo
2438 1685 2654 1773 Apol·

1309 413 1371 459 G.
1420 409 1508 459 Su
1521 409 1745 458 ETONI
1758 410 1780 455 1

1366 1888 1455 1909 ΟΝ
1459 1888 1543 1909 OOC
1547 1887 1728 1909 NO‘OO

450 2054 631 2118 Steph.
651 2054 826 2104 Plant.
847 2053 1014 2104 Scriv.
1038 2053 1190 2104 Torr.
1210 2055 1429 2106 Casaub.
1458 2055 1658 2105 Schild.
1690 2056 1958 2106 Lucilliano
1977 2056 2102 2106 Bas.
2120 2054 2323 2118 Gryph.
2345 2052 2458 2103 Col.
2479 2059 2535 2103 et
2555 2054 2648 2103 ali·

454 2127 581 2184 quot
604 2119 894 2169 Mss.Torr.
934 2119 1113 2168 Nostr.
1133 2120 1253 2169 lect.
1276 2120 1513 2170 restituit
1532 2122 1709 2171 Burm.
1732 2135 1847 2170 cum
1874 2120 2006 2170 Edd.
2030 2120 2207 2183 primis
2230 2129 2285 2168 et
2306 2119 2431 2169 Mss.
2452 2117 2563 2168 fere
2581 2118 2650 2169 O.

452 2187 545 2232 -l
587 2185 655 2232 Et
671 2189 783 2235 tert.
807 2189 854 2232 et
875 2186 975 2245 vig.
996 2183 1157 2233 Vind.
1183 2188 1230 2233 1.
1297 2186 1432 2236 Dein
1454 2192 1578 2248 sept.
1601 2188 1702 2234 dec.
1721 2187 1930 2235 edidere
1958 2186 2136 2234 Burm.
2164 2185 2303 2234 Oud.
2326 2185 2450 2233 Ern-
2473 2184 2539 2233 al.
2553 2184 2649 2235 ob·

451 2249 617 2299 secuti
637 2249 799 2299 Gron.
820 2249 885 2296 ad
906 2250 1034 2297 Tac.
1055 2248 1191 2298 Anu.
1215 2262 1289 2297 vl.
1315 2253 1397 2299 60.
1468 2249 1574 2299 Alii
1605 2252 1704 2300 dec.
1723 2255 1847 2314 sept.
1914 2249 1975 2299 In
1995 2249 2185 2298 omnib.
2208 2250 2334 2299 Mas.
2361 2250 2650 2298 numerales

452 2321 572 2362 snut
598 2321 735 2363 notae
757 2314 946 2364 XVII.
1013 2313 1147 2362 Item
1173 2312 1363 2376 Apriles
1387 2313 1620 2365 Harlem.
1643 2325 1696 2364 et
1721 2316 2068 2379 plerique.——2
2097 2314 2268 2364 Por-tio
2289 2314 2525 2363 Harlem.
2549 2315 2650 2363 Pe·

452 2377 698 2428 riz.Edd.
722 2378 854 2427 Ven.
881 2379 1047 2441 Lugd.
1083 2378 1285 2442 Gryph.
1325 2380 1447 2427 Bas.
1478 2379 1654 2430 Plaut.
1695 2389 1750 2430 et
1785 2381 1836 2429 in
1876 2380 2108 2442 plurimis
2144 2380 2326 2440 Nigro,
2359 2380 2650 2441 corrigente

449 2443 597 2492 Torr.
618 2443 832 2508 aliisque
853 2458 920 2492 ex
955 2443 1129 2508 lapide
1151 2442 1298 2508 apud,
1314 2443 1545 2495 Fabrett.
1573 2460 1624 2509 p.
1646 2450 1761 2497 4⁷4.
1827 2446 1890 2496 In
1916 2451 2166 2495 'contextu
2190 2444 2289 2494 Ed.
2315 2443 2452 2493 Oud.
2468 2444 2653 2494 vitiose

450 2510 624 2558 Contio
647 2509 826 2570 Nigro,
861 2524 975 2559 cum
1017 2510 1131 2571 ipse
1164 2510 1316 2559 aliter
1348 2510 1557 2574 legend.
1583 2512 1633 2560 in
1657 2513 1791 2561 notis
1815 2512 2212 2561 monumen—3
2250 2511 2434 2559 Putant
2455 2509 2649 2558 Medic.
2737 2560 2744 2565 ,

448 2577 499 2625 2.
525 2574 682 2624 vind.
704 2579 752 2624 2.
776 2574 910 2624 Edd.
933 2574 1114 2623 Graev.
1134 2576 1231 2624 ult.
1261 2581 1317 2624 et
1353 2574 1515 2625 Gron.
1581 2577 1707 2625 Mox
1727 2576 1924 2626 Medic.
1949 2581 1997 2626 1.
2018 2577 2194 2625 lentum
2212 2589 2389 2638 quoque
2410 2579 2454 2623 et
2478 2574 2576 2623 tab.
2598 2580 2652 2624 et

449 2640 529 2687 sed
548 2639 741 2689 Medic.
758 2642 807 2688 8.
830 2639 919 2689 sed
943 2640 1052 2688 sine
1073 2642 1144 2701 τῷ
1163 2643 1326 2688 ete-4
1350 2641 1494 2690 Torr.
1517 2649 1666 2704 putat
1684 2646 1844 2703 negat.
1869 2657 1897 2690 a
1919 2648 2214 2690 correctore
2236 2655 2351 2688 esse
2382 2640 2650 2700 insertum,

448 2710 507 2753 et
530 2704 742 2753 nonnulli
762 2718 864 2753 non
897 2718 987 2753 suo
1010 2705 1127 2753 leco
1146 2706 1394 2769 positum,
1428 2713 1484 2755 ut
1507 2707 1606 2755 hoc
1628 2707 1779 2756 modo
1803 2708 2027 2770 legatur,
2048 2706 2195 2755 desid.
2223 2706 2356 2768 pulv.
2384 2704 2473 2765 ἰού.
2510 2719 2652 2753 noan.

448 2781 554 2817 cum
573 2773 696 2818 extr.
731 2769 925 2818 Medic.
951 2773 996 2817 ἱ.
1032 2769 1126 2819 dat
1158 2784 1269 2832 neg.
1289 2786 1432 2818 mmn.
1454 2772 1508 2819 in
1527 2773 1753 2834 palm—5
1791 2772 2069 2834 Respiciens
2098 2770 2249 2819 Huls.
2315 2771 2441 2818 Tum
2480 2785 2652 2832 parum

449 2833 605 2881 Vind.
630 2838 675 2882 1.
696 2841 753 2883 et
769 2849 888 2882 mox
901 2836 1069 2884 deinde
1090 2849 1205 2884 cum
1225 2836 1393 2885 Periz.
1411 2836 1557 2887 Cort.
1574 2836 1709 2884 Edd.
1728 2837 1875 2886 Rom.
1891 2836 2219 2900 comprehensa
2232 2835 2387 2883 Vind.
2410 2842 2651 2898 uterque.

447 2897 621 2950 Periz.
645 2899 790 2950 Cort.
813 2898 948 2948 Edd.
972 2900 1217 2953 Rome-6
1257 2901 1375 2950 Tum
1410 2903 1492 2951 vel
1530 2903 1748 2955 similem
1775 2903 2009 2953 voculam
2036 2900 2437 2967 praeponendam
2464 2900 2652 2950 suadet

1425 3094 1642 3148 NOTAE

450 3220 615 3271 fuisse
651 3221 870 3273 aedificia
900 3223 1039 3274 circa
1063 3225 1361 3290 Neapolim,
1385 3241 1512 3292 que·
1657 3238 1679 3263 ⁸
1695 3229 1979 3295 Pulvinum]
1996 3229 2210 3280 Tacitus
2234 3234 2289 3278 et
2309 3226 2416 3277 Dio
2439 3225 2658 3286 addunt,

448 3313 562 3348 rum
606 3313 764 3349 causa
818 3300 988 3352 dictus
1041 3308 1125 3351 est
1165 3317 1197 3351 a
1237 3303 1512 3354 Tuberone

450 3377 656 3427 Xerxes
679 3384 902 3442 togatus,
920 3379 1057 3444 quod
1088 3382 1141 3430 in
1167 3395 1229 3432 ea
1261 3383 1511 3433 marinam

448 3462 632 3517 aquam
670 3453 958 3504 induxisset
991 3456 1055 3505 ad
1088 3455 1375 3507 faciliorem
1410 3459 1511 3523 pis-

448 3528 586 3577 cium
623 3529 845 3594 copiam,
883 3529 1125 3593 perfossis
1160 3540 1216 3582 et
1252 3534 1513 3598 suspensis

445 3605 500 3655 in
525 3604 660 3656 banc
681 3620 789 3656 rem
811 3607 1046 3657 collibus.

510 3689 538 3715 ¹
580 3682 759 3732 Octavo
774 3689 821 3733 et
838 3686 1203 3752 septuagesimo]
1240 3685 1514 3739 Consentit

446 3759 568 3810 huic
601 3776 814 3811 numero
837 3764 1060 3813 Tacitus.
1125 3764 1231 3813 Dio
1255 3766 1513 3828 exactius,

445 3840 778 3903 septuaginta
806 3839 1061 3891 duntaxat
1095 3849 1151 3892 et
1189 3848 1387 3905 septem
1422 3857 1511 3892 an·-

449 3930 560 3972 nos,
579 3930 783 3966 merises
804 3925 1043 3982 quatuor,
1066 3919 1175 3969 dies
1199 3933 1380 3969 novem
1403 3920 1513 3969 vix·

446 3991 549 4039 isse
581 3990 829 4042 referens.
895 3994 976 4042 De
1015 4000 1247 4058 ternpore
1281 4010 1382 4060 quo
1416 3996 1512 4046 im-

446 4070 652 4132 peravit
673 4070 925 4121 Suetonio
942 4085 1042 4122 non
1063 4074 1395 4124 consentiunt
1420 4074 1507 4125 alii

454 4144 664 4208 quidam
686 4147 938 4197 historici.
1502 4145 1506 4149 ’

513 4229 535 4263 5
572 4222 717 4286 Caio]
749 4224 996 4290 Caligula,
1029 4226 1097 4278 de
1130 4241 1229 4293 quo
1263 4227 1394 4279 libro
1424 4242 1504 4283 se·

444 4304 657 4361 quente-

1593 3307 1805 3357 multam
1853 3315 2072 3368 vestem,
2135 3319 2350 3368 eamque
2405 3317 2653 3366 crassam,

1582 3383 1732 3447 jussu
1774 3384 2043 3433 Macronis
2084 3382 2348 3447 injectam,
2395 3386 2455 3429 ut
2497 3378 2656 3429 citius

1592 3459 1949 3513 suffocaretur.
2015 3457 2161 3510 Infra
2192 3460 2244 3507 in
2272 3456 2505 3521 Caligula
2537 3469 2655 3518 cap.
2759 3510 2766 3513 ,

1594 3540 1676 3586 12.
1760 3535 1906 3585 Idem
1961 3535 2029 3585 de
2091 3535 2337 3599 Philippo
2402 3531 2657 3582 Demetrii

1589 3612 1700 3662 filio
1721 3613 1894 3663 Livius
1918 3612 2011 3662 lib.
2035 3626 2076 3661 1.
2109 3611 2295 3662 decad.
2319 3624 2371 3660 V.
2407 3608 2559 3660 Idem
2597 3614 2654 3656 et

1591 3689 1810 3740 historia
1854 3689 2115 3739 recentior
2154 3688 2221 3738 de
2264 3684 2545 3737 Frederico
2588 3696 2649 3733 11.

1591 3767 1972 3819 Germanorum
2011 3766 2351 3831 Imperatore,
2383 3763 2526 3814 circa
2565 3776 2652 3811 an·

1592 3859 1713 3894 num
1738 3844 1918 3894 salutis
1941 3843 2179 3894 humanae
2205 3845 2352 3892 3250.

1654 3927 1681 3955 ⁸
1714 3919 1941 3983 Anulum]
1975 3919 2107 3970 Eum
2136 3919 2386 3983 intellige,
2412 3931 2513 3982 quo
2534 3928 2652 3980 pre-

1591 3997 1865 4047 tiosissima
1883 4011 2102 4061 quaeque
2121 3994 2482 4060 obsignabant,
2505 3995 2650 4057 cnjus

1591 4074 1803 4125 traditio
1839 4073 2175 4123 successionis
2217 4072 2411 4123 futura
2454 4071 2649 4134 signum

1591 4156 1721 4212 erat,
1763 4156 1822 4200 ut
1855 4163 2015 4215 supra
2045 4157 2281 4201 notatum
2316 4156 2411 4212 est,
2441 4148 2541 4198 nisi
2575 4153 2649 4195 ta-

1588 4241 1708 4277 men
1733 4233 2099 4277 testamentum
2128 4227 2377 4277 obstaret.
2442 4224 2648 4276 videsis

1589 4305 1764 4357 Valer-
1789 4305 1934 4357 Max.
1953 4304 2043 4356 lib.
2067 4317 2164 4358 vn.
2187 4294 2303 4370 cap.
2327 4309 2375 4359 9.
