3019 4922
533 392 666 458 254
1394 406 1455 452 c,
1503 403 1861 453 sumomr

535 551 864 635 delegavit
915 547 1119 614 Urbis
1143 568 1161 628 3
1182 556 1207 593 ⁸
1231 554 1255 583 ²
1299 553 1369 612 at
1420 547 1932 630 provincialium
1954 543 1979 581 ¹¹
2024 547 2487 613 consularibus
2540 547 2728 627 viris,

535 673 710 738 quos
752 652 1042 736 singulos
1094 650 1420 734 cujusque
1471 650 1843 733 provinciae
1886 651 2167 732 negotiis
2213 653 2725 745 praeposuisset.

531 755 694 836 [34]
737 755 950 838 Leges
979 754 1416 833 retractavit,³
1462 762 1534 817 et
1576 752 1902 836 quasdam
1945 772 2034 818 ex
2076 754 2330 837 integro
2361 756 2617 833 sanxit,
2645 760 2726 822 ut

535 853 1007 934 summatim?
1049 855 1179 919 de*
1220 839 1573 921 adulteriis
1622 864 1695 920 et
1742 855 1825 921 de
1870 853 2255 939 pudicitia,¹‘
2297 856 2382 921 de
2425 855 2724 936 ambitu,¹

533 958 617 1025 de
657 958 1045 1030 maritandis
1090 958 1509 1024 ordinibus.¹'¹
1599 958 1802 1024 Hanc
1846 979 2001 1025 cum
2045 959 2395 1043 aliquanto
2426 960 2726 1024 severius

1447 1154 1816 1178 ‘nomn

532 1288 675 1350 Lips.
712 1293 911 1338 terr-ore.
978 1286 1151 1338 Etiam
1186 1291 1307 1352 quod
1338 1290 1478 1339 annis
1515 1290 1568 1340 in
1604 1289 1916 1339 Nema—2
1951 1288 2091 1338 Num
2119 1286 2194 1338 ita
2216 1285 2542 1337 scribendum
2568 1289 2727 1346 esset,

532 1352 712 1402 timide.
737 1353 996 1415 ambigere
1019 1368 1072 1403 se
1095 1352 1306 1404 dicebat
1326 1355 1466 1419 Lips.
1534 1355 1769 1419 Recepta
1801 1362 1986 1418 postea
2021 1359 2103 1403 est
2128 1367 2189 1402 sa
2211 1352 2504 1401 emendatio
2528 1349 2729 1412 vulgati

531 1417 745 1466 Proetori
780 1420 873 1467 del.
917 1416 1129 1479 Urbano,
1161 1419 1245 1468 vel
1279 1419 1614 1483 comprobata
1633 1417 1684 1467 *a
1722 1419 1944 1469 Casaub.
1984 1419 2110 1468 Ern.
2143 1416 2286 1468 Oud.
2319 1414 2476 1466 Wolf.
2510 1416 2729 1474 Baumss.

532 1482 700 1531 Reitz.
759 1483 914 1531 Error
937 1483 1116 1532 extitit
1138 1498 1167 1531 e
1190 1484 1498 1546 compendio
1528 1498 1620 1535 1³11.
1639 1495 1769 1534 muz.
1836 1484 1968 1533 Item
2004 1481 2287 1547 reposuere
2322 1481 2463 1532 Oud.
2489 1486 2544 1530 et
2567 1476 2725 1527 Wolf.

530 1545 798 1609 delegabat,
819 1547 1129 1596 auctoritate
1151 1547 1349 1596 Medic.
1375 1548 1534 1599 vind.
1560 1550 1710 1598 Voss.
1732 1548 1877 1598 Cort.
1902 1548 2056 1597 Huls.
2081 1547 2211 1611 Cop.
2246 1545 2380 1596 Edd.
2419 1547 2569 1594 Rom.
2592 1544 2728 1592 Ven.

533 1618 602 1660 tr.
643 1611 807 1673 Lugd.
838 1611 989 1662 Jnut.
1024 1613 1146 1662 Ald.
1180 1613 1361 1675 Stepb.
1394 1613 1637 1675 delegabat
1669 1612 1904 1663 Harlem.
1967 1612 2098 1660 Tum
2119 1627 2176 1661 ac
2204 1611 2255 1660 in
2280 1610 2396 1675 Cuj.
2420 1610 2566 1659 Cort.
2589 1607 2727 1658 Edd.

529 1674 682 1725 Rom.
702 1680 788 1725 aut
808 1676 904 1726 Ed.
920 1676 1096 1726 Burm.
1160 1677 1386 1727 Tandem
1404 1693 1590 1741 propos.
1617 1678 1745 1727 Exc.
1765 1677 2015 1727 Voss—3
2040 1675 2280 1726 Tractaoit
2302 1674 2537 1724 Harlem.
2553 1671 2728 1721 Pcriz.

528 1739 667 1789 Edd.
688 1740 831 1790 Med.
855 1739 1101 1792 Came-4
1134 1741 1202 1791 Et
1224 1744 1282 1792 de
1304 1744 1456 1793 adult.
1480 1742 1651 1805 vulgo.
1719 1741 1906 1792 Deleri
1920 1741 2082 1805 jussit
2106 1738 2294 1790 Scbeff.
2316 1737 2376 1787 τὸ
2397 1745 2445 1788 et
2472 1753 2502 1787 e
2528 1738 2648 1787 Pin.
2672 1742 2729 1786 et

528 1811 717 1869 postea
739 1806 866 1855 Ern.
932 1806 1069 1856 Item
1093 1811 1139 1855 et
1154 1809 1212 1858 de
1232 1807 1355 1858 amb.
1381 1808 1542 1858 Fouc.
1561 1806 1815 1857 ambitione
1834 1807 1979 1857 Cort.
1999 1813 2056 1857 et
2077 1804 2215 1855 Edd.
2233 1806 2383 1856 Rom.
2416 1803 2584 1854 Paulo
2607 1808 2729 1860 aute

1511 1968 1732 2020 NOTAE

528 2075 760 2127 Asconio
800 2079 868 2128 ad
908 2095 1023 2130 eum
1060 2082 1248 2146 locum,
1288 2095 1317 2129 a
1357 2087 1586 2145 praetore

528 2153 640 2216 ipso
663 2154 728 2204 ad
753 2156 983 2206 tribunos
1005 2173 1070 2206 ex
1095 2156 1276 2207 eodem
1314 2157 1587 2219 Cicerone,

527 2230 762 2280 oratione
785 2246 880 2294 pro
903 2234 1117 2284 Quintio
1139 2247 1350 2283 numero
1369 2237 1450 2283 64.
1476 2233 1586 2283 Sub

524 2305 922 2367 imperatoribus
943 2309 1338 2375 frequentiorem
1381 2309 1484 2359 Sub
1503 2309 1590 2359 Ti·

528 2379 694 2444 berio,
719 2396 750 2430 a
775 2383 971 2433 Senatu
1002 2384 1071 2453 ad
1110 2384 1419 2450 principem,
1438 2384 1587 2434 Taci-

526 2461 610 2506 tus
632 2454 910 2509 Annalium
934 2476 1013 2511 ιν.
1039 2469 1277 2520 testatur,
1301 2469 1356 2512 et
1388 2475 1420 2511 a
1450 2460 1587 2512 Cali-

527 2536 646 2599 gula
671 2537 1014 2597 immutatum.
1036 2539 1171 2589 infra
1200 2540 1250 2589 in
1277 2540 1443 2604 Calig.
1469 2554 1586 2604 cap.

527 2616 609 2665 16.
625 2613 762 2678 quod
788 2622 842 2665 et
861 2617 1004 2667 Nero
1026 2616 1253 2667 nonnihil
1275 2617 1586 2675 immutavit,

522 2691 790 2753 proposita
827 2693 939 2756 pari
979 2708 1131 2759 poena
1163 2693 1218 2744 in
1257 2708 1364 2759 eos,
1393 2695 1482 2759 qni
1520 2693 1587 2744 ad

525 2766 773 2818 Senatum
817 2775 874 2819 et
919 2769 985 2820 ad
1031 2770 1314 2834 principem
1360 2770 1589 2834 appella·

524 2849 675 2891 rent:
706 2841 919 2894 Tacitus
944 2844 1133 2897 Annal.
1156 2859 1279 2895 xrv.
1301 2851 1358 2896 et
1378 2844 1513 2895 infra
1532 2846 1584 2895 in

525 2916 738 2968 Nerone
761 2934 807 2969 c.
832 2924 914 2971 17.

588 3003 614 3038 s
650 2993 885 3056 Prqfecto
919 2998 1011 3046 del.
1048 2997 1193 3047 Urbis
1222 2997 1462 3062 [Praetori
1490 2999 1586 3048 del.

531 3067 743 3130 Urbano]
802 3073 885 3121 De
931 3071 1144 3122 Urbano
1193 3079 1248 3122 et
1291 3074 1581 3137 Peregrino

525 3152 752 3206 praetore
786 3147 841 3195 in
869 3147 978 3198 Jul.
1015 3163 1132 3212 cap.
1173 3153 1251 3198 14.
1319 3150 1581 3200 Casaubo·

524 3234 620 3269 nus
642 3221 967 3273 scribendum
992 3224 1076 3274 hie
1104 3231 1287 3274 censet
1307 3224 1410 3276 Pa.
1434 3225 1580 3276 Uan-

522 3304 578 3347 et
601 3298 835 3363 explicat
851 3299 1077 3364 prefecto
1088 3301 1251 3365 urbis,
1269 3300 1357 3366 qui
1380 3301 1585 3351 ordina-

521 3374 628 3425 rius
649 3374 855 3441 quidem
879 3378 1214 3442 magistratus
1237 3377 1337 3429 fuit
1371 3377 1467 3428 sub
1491 3379 1584 3429 im·

519 3451 862 3515 peratoribns,
885 3453 974 3502 sed
1010 3453 1077 3504 ab
1101 3452 1339 3518 Angusto
1373 3455 1583 3505 restitu-

521 3534 623 3584 tus,
643 3535 829 3593 utpote
850 3529 937 3593 qni
961 3537 1079 3594 post
1117 3531 1292 3594 pulsos
1326 3544 1500 3594 reges,
1528 3534 1584 3581 et

518 3611 690 3655 stante
729 3606 937 3670 Repub.
981 3606 1423 3666 extraordinarius
1468 3615 1582 3656 tan-

519 3686 629 3731 tum
652 3689 708 3731 et
740 3683 924 3732 nullius
957 3682 1329 3747 propemodum
1355 3681 1582 3732 auctori·

520 3756 649 3805 tatis
681 3755 811 3818 fuit3
846 3758 936 3809 sed
964 3759 1284 3821 probandum
1306 3764 1447 3808 esset
1467 3758 1580 3822 jam

518 3831 834 3882 restitutum.
886 3833 1044 3883 Certe
1064 3834 1240 3883 Caesar
1260 3832 1276 3859 ‘
1296 3832 1581 3896 praefectos

519 3921 615 3967 pro
648 3908 960 3970 praetoribus
996 3908 1270 3960 constituit
1287 3908 1303 3931 '
1326 3909 1379 3958 in
1400 3908 1508 3961 Jul.
1532 3923 1581 3961 c.

519 3983 602 4030 76.
625 3995 727 4045 quo
748 3982 954 4034 videtur
976 3991 1177 4034 mutata
1198 3991 1484 4049 praetorum
1497 3983 1582 4048 ju-

520 4055 770 4121 risdictio,
791 4064 883 4108 aut
905 4059 1088 4109 saltem
1114 4061 1418 4124 appellatio.

586 4129 611 4163 ¹¹
635 4133 704 4181 At
743 4132 1126 4198 provincialium]
1162 4135 1238 4186 Ut
1283 4134 1471 4200 singuli
1515 4134 1582 4184 de

523 4205 838 4266 singulorum
860 4209 1082 4271 negotiis
1091 4209 1414 4272 judicarent,
1434 4209 1585 4261 urba·

525 4277 580 4328 ni
603 4276 668 4330 da
697 4279 925 4344 urbanis,
958 4285 1252 4335 consulares
1286 4291 1461 4336 autem
1482 4283 1584 4335 viri

1667 2082 1735 2131 de
1757 2080 2145 2146 provincialium
2166 2077 2387 2144 negotiis
2408 2075 2731 2142 judicarent.

1668 2158 1866 2207 Horum
1886 2158 2088 2207 nomine
2107 2156 2482 2219 intelliguntur,
2498 2153 2730 2219 quicum·

1669 2249 1769 2299 qne
1794 2248 1893 2283 uon
1914 2239 2062 2283 erant
2079 2233 2216 2284 Itali.
2282 2232 2423 2281 Hinc
2443 2237 2611 2293 pater,
2629 2228 2735 2282 Au-

1669 2310 1807 2372 gusti
1846 2309 2089 2359 iustituto
2121 2323 2269 2358 snum
2309 2307 2498 2371 cuique
2531 2304 2732 2354 nationi

1668 2387 1914 2440 Judicem
1937 2387 2117 2436 Romae
2142 2385 2321 2435 fuisse.

1733 2463 1748 2497 ¹
1779 2461 2126 2526 Summa-iam]
2158 2461 2295 2512 Vide
2318 2460 2370 2511 in
2392 2458 2501 2512 Jul.
2519 2473 2568 2509 c.
2591 2461 2679 2509 43.

1731 2538 1757 2573 ¹¹
1789 2540 1868 2590 De
1884 2539 2149 2604 pudicitia]
2195 2540 2438 2602 Vulgatae
2473 2536 2730 2587 editiones

1667 2616 1848 2680 legunt
1869 2615 2185 2680 impudicitia,
2208 2613 2347 2680 quod
2387 2626 2593 2662 sensnm
2627 2626 2733 2661 non
2825 2631 2834 2641 ·

1667 2699 1855 2742 mutat.
1919 2689 2186 2754 Augustus
2224 2688 2406 2739 eadem
2441 2688 2559 2752 lege
2582 2687 2734 2737 adul·
2797 2692 2803 2697 '

1669 2768 1802 2819 teria
1830 2767 2083 2830 coercuit,
2112 2774 2168 2818 at
2200 2763 2597 2829 impudicitiam,
2632 2764 2735 2812 hoc

1665 2853 1764 2903 est,
1778 2843 2028 2894 nefariam
2047 2856 2164 2894 cum
2187 2840 2426 2892 masculis
2444 2839 2736 2902 libidinem,

1664 2935 1780 2986 quae
1805 2921 1902 2971 bac
1925 2934 2051 2970 voce
2077 2916 2365 2983 praesertim
2398 2914 2733 2978 intelligitur,

1664 3004 1726 3046 nt
1749 2996 1884 3046 infra
1906 3011 1954 3047 c.
1977 2999 2060 3046 71.
2096 2995 2319 3058 Vespas.
2343 3007 2391 3042 c.
2413 2995 2461 3041 8.
2490 2990 2735 3041 Catullus

1664 3071 1819 3135 Epig.
1855 3075 1937 3121 30.
1973 3085 2050 3122 vs.
2082 3073 2132 3119 2.
2165 3061 2218 3119 in
2242 3068 2518 3118 Caesarem.
2586 3062 2735 3132 ῌίιια

1661 3151 1915 3202 Horatius
1936 3150 2056 3201 Ode
2079 3154 2127 3200 6.
2158 3147 2355 3215 lib-iv.
2391 3144 2522 3192 hanc
2556 3142 2734 3205 legem

1660 3226 1857 3277 innuit:
1881 3226 1898 3254 ‘
1914 3225 2084 3277 Nullis
2105 3223 2353 3289 polluitur
2374 3226 2518 3271 casta
2541 3218 2734 3270 domus

1666 3304 1877 3368 stupris,
1911 3303 2030 3353 Mos
2064 3307 2121 3352 et
2152 3301 2240 3350 lex
2262 3297 2583 3349 maculosum
2602 3294 2735 3346 edo-

1664 3380 1795 3429 muit
1812 3376 1995 3428 nefas-⁹

1724 3453 1741 3488 ¹
1774 3455 1854 3505 De
1873 3452 2078 3518 ambitu]
2112 3451 2175 3502 In
2199 3449 2308 3503 Jul.
2331 3463 2378 3498 c.
2398 3451 2448 3497 9.

1726 3538 1762 3564 ¹¹¹
1784 3530 1865 3581 De
1884 3527 2172 3579 maritandis
2187 3520 2456 3585 ordinibus]
2481 3523 2604 3573 Non
2627 3538 2737 3589 qua

1662 3611 1870 3656 vetaret
1891 3601 2405 3654 communicationem
2440 3598 2737 3648 connubio·

1662 3695 1776 3730 rum
1794 3680 1933 3730 iuter
1953 3678 2180 3739 ordines,
2215 3673 2475 3740 plebeium
2498 3672 2738 3738 scilicet,

1663 3761 1980 3820 equestrem,
2022 3759 2081 3804 et
2118 3748 2423 3814 patricium3
2463 3747 2737 3810 quomodo

1663 3831 1859 3880 factum
1871 3831 1983 3894 Jam
2008 3835 2063 3877 et
2084 3826 2383 3888 abrogatum
2406 3831 2524 3872 erat
2541 3829 2738 3885 antea;

1662 3903 1755 3954 sed
1779 3920 1880 3970 qua
1904 3900 2216 3967 prohibebat
2233 3896 2424 3948 ordinis
2439 3896 2738 3962 cujuslibet

1660 3982 1797 4032 viros
1818 3981 1993 4031 vivere
2015 3977 2246 4040 coelibes,
2276 3983 2334 4025 ut
2367 3980 2519 4039 patet
2549 3988 2737 4024 exem-

1660 4059 1751 4121 plo
1787 4055 2114 4107 Germanici:
2150 4050 2287 4118 quod
2328 4050 2414 4099 hic
2458 4047 2735 4100 refertur:

1662 4134 1762 4182 huc
1799 4130 2081 4195 respiciens
2117 4126 2367 4178 Horatius
2399 4125 2453 4175 in
2476 4124 2732 4175 Carmine

1663 4206 1914 4258 Saeculari
1938 4207 2041 4256 ait:
2076 4207 2091 4234 ‘
2110 4205 2264 4264 Diva,
2286 4202 2547 4268 producas
2570 4198 2733 4249 sobo-

1663 4285 1785 4349 lem,
1823 4290 2134 4348 patrumque
2176 4282 2466 4341 Prosperes
2504 4274 2732 4326 decreta
