3019 4922
2379 392 2470 479 33

288 571 457 628 mam
475 569 757 628 reverso
773 571 894 638 per
915 551 1228 635 suffragia
1248 553 1501 637 populi*
1515 550 1723 618 honor
1754 552 2015 638 obtigit,
2038 557 2349 620 auctores
2363 562 2468 594 ¹0¹³

290 656 699 729 restituendae
739 656 1111 723 tribuniciae
1142 656 1567 740 potestatiS,¹¹
1597 656 1792 743 cujus
1819 657 1957 724 vim
1977 664 1997 695 ¹
2039 658 2229 746 Sylla
2259 658 2471 724 demi-

286 766 563 837 nuerat,²
595 759 994 827 enixissime
1025 758 1228 844 juvit.
1274 759 1354 823 L.
1393 759 1600 825 etiam
1620 767 1642 806 ³
1677 758 1963 837 Cinnae,⁰
1991 760 2223 825 uxoris
2251 761 2467 850 fratri,

286 869 350 925 et
376 863 485 945 qui
518 882 674 941 cum
704 882 788 931 eo
813 862 994 930 civili
1020 858 1404 931 discordia?
1434 862 1766 947 Lepidum
1796 864 2034 941 secuti,
2056 871 2216 951 post
2236 882 2468 931 necem

283 962 586 1035 Consulis
637 966 725 1049 ad
774 965 1144 1045 Sertorium
1161 974 1189 1017 ‘1
1217 966 1678 1049 confugerant,
1707 965 2002 1058 reditum·
2022 967 2094 1033 in
2124 966 2468 1051 civitatem

279 1069 652 1151 rogatione‘
680 1068 961 1145 Plotia*
981 1069 1319 1151 confecit,⁸
1345 1069 1717 1154 habuitque
1744 1069 1982 1159 etipse
2010 1085 2212 1153 super
2237 1087 2319 1134 ea
2345 1075 2369 1116 ⁵
2392 1089 2463 1134 re

1231 406 1525 481 sumus.

307 1300 319 1311 ·
334 1233 356 1267 ⁶
381 1238 485 1287 Per
500 1240 665 1314 {egem
683 1241 899 1293 Plotium
917 1243 1123 1294 obtinuit
1143 1260 1319 1308 quoque
1337 1245 1545 1296 reditum
1564 1247 1617 1298 in
1633 1245 1789 1297 urbem
1811 1246 1960 1296 Lucio
1986 1247 2153 1296 Cinnae
2174 1245 2333 1307 fratri
2349 1258 2468 1295 uxo·

273 1305 555 1419 &baethis
576 1308 679 1369 qui,
698 1323 755 1422 {⁷2⁸
776 1309 1059 1423 diss‘ensione
1079 1310 1412 1437 σίιζίιιὲίῗὲιᾶιίεε
1431 1327 1539 1389 cuni
1558 1328 1611 1389 eo
1630 1327 1662 1362 α
1677 1312 1894 1377 pentibus
1913 1313 2105 1378 Lepidi,
2124 1328 2174 1362 se
2196 1315 2470 1375 receperant*

457 1385 616 1421 onum
635 1388 696 1435 po
764 1388 865 1424 mor
889 1389 961 1424 em
979 1376 1178 1427 consulas
1327 1391 1401 1426 em
1420 1377 1611 1441 Lepida.

1184 1525 1212 1545 O
1215 1524 1508 1546 ‘oenone‘
1511 1526 1542 1544 O

274 1616 471 1677 Memm.
494 1623 691 1691 Copes.
722 1639 876 1691 quam
908 1625 1028 1675 lect.
1067 1622 1308 1676 defendit
1336 1624 1623 1677 Turnebus.
1652 1613 1953 1693 auctoresque
1983 1624 2130 1675 Med.
2151 1628 2200 1679 2.
2232 1624 2388 1676 vind.
2412 1630 2465 1676 2.

274 1683 417 1734 Fouc.
440 1688 591 1739 Cort.
616 1689 734 1744 Pin.
757 1690 939 1755 Camp.
961 1690 1166 1741 viterb.
1192 1691 1383 1755 Lislaei,
1413 1690 1553 1741 unde
1576 1691 1714 1756 conj.
1739 1691 1979 1742 Graevius
2011 1696 2195 1740 actores
2226 1695 2465 1740 auctores-

273 1764 353 1810 que
371 1767 409 1802 r.
429 1756 466 1802 t.
482 1769 535 1816 p.
591 1753 733 1808 Oud.
756 1756 971 1821 corrigit
990 1761 1204 1807 auctores
1224 1772 1418 1820 quoque,
1451 1757 1547 1807 sed
1584 1756 1878 1817 encliticam
1901 1770 1988 1819 que
2012 1763 2267 1817 respuunt
2289 1756 2463 1806 melio·

273 1828 345 1863 res
380 1815 512 1867 Edd.
560 1828 768 1873 recent.
849 1822 979 1879 Tum
1032 1822 1083 1873 in
1129 1822 1287 1887 Fouc.
1329 1821 1577 1875 scribitur
1621 1823 2024 1872 restituenda—1
2074 1822 2195 1875 Tum
2235 1821 2463 1875 Pone.—

273 1880 534 1956 2fflemm.
559 1885 867 1943 diminuerat.
917 1893 933 1915 ‘
953 1888 1124 1937 Recte
1161 1887 1340 1939 Graev.
1377 1888 1558 1936 Burro.
1593 1888 1799 1938 Ernest.
1834 1887 2034 1941 monitu
2068 1885 2288 1939 Casaub.
2309 1901 2463 1950 quem

273 1944 351 1992 alu
370 1949 499 1998 male
523 1959 861 2016 spreverunt,
893 1967 1137 2015 recepere
1173 1953 1496 2012 deminuerat5
1530 1953 1657 2002 licet
1691 1954 1821 2002 Mss.
1858 1952 1962 2001 mei
1997 1965 2193 2013 omnes,
2229 1957 2285 1999 et
2325 1951 2461 2000 Edd.

273 2008 401 2059 Vett.
438 2025 642 2077 praeter
676 2018 913 2067 Torreat.
950 2018 1210 2067 retineant
1241 2016 1426 2068 dimin?
1460 2017 1700 2068 Ouum-3
1737 2020 1905 2068 Deest
1941 2017 1992 2066 in
2030 2016 2221 2079 Copes.
2257 2017 2462 2066 Bonon.

273 2072 391 2125 Ven.
411 2082 462 2126 2.
479 2083 531 2128 3.
557 2086 619 2129 et
641 2081 771 2132 aliis.
834 2083 1038 2132 Deinde
1060 2083 1200 2132 Letio
1225 2083 1411 2145 Cium,
1442 2084 1638 2133 Venet-
1662 2086 1709 2133 1.
1777 2083 1839 2132 In
1862 2096 2028 2144 marg.
2051 2081 2148 2130 Ed.
2171 2082 2353 2144 Steph.
2381 2081 2463 2129 vir

274 2138 399 2215 doct.
414 2152 736 2202 notaverat.
757 2148 819 2198 L.
839 2148 965 2198 enim
991 2149 1273 2201 Cinam—4
1308 2149 1479 2198 Plocio
1500 2150 1715 2199 Memm.
1741 2149 1929 2199 Venet.
1948 2151 1997 2197 2.
2016 2151 2064 2197 3.
2091 2147 2224 2196 Bon.
2245 2153 2299 2194 et
2321 2145 2459 2197 Edd.

273 2205 387 2259 ²11¹ae-
447 2209 591 2263 Mox
610 2209 738 2270 fecit
775 2213 828 2267 in
859 2213 990 2269 libro
1012 2229 1133 2276 una,
1167 2217 1397 2263 testante
1420 2214 1754 2264 'ferrent-5
1791 2214 1906 2276 Ipsa
1924 2227 1977 2260 re
2012 2211 2246 2261 Harlem·
2268 2213 2459 2274 Copes.

271 2267 390 2325 Edd.
413 2272 550 2326 Ven.
580 2282 710 2343 tres,
745 2277 913 2330 Paris.
951 2280 1086 2330 Bon.
1116 2284 1173 2329 et
1211 2277 1327 2328 aliae
1359 2279 1675 2344 antiquiores
1714 2285 1838 2329 ante
1868 2279 2085 2331 Juntam
2107 2283 2163 2326 et
2184 2275 2462 2327 Aldum.-

1247 2417 1471 2470 NOTAE

267 2506 341 2559 illo
361 2510 523 2574 gradu
557 2512 791 2576 militari,
815 2516 903 2580 qui
937 2514 1090 2564 etiam
1124 2515 1189 2565 ad
1224 2517 1316 2566 Se·

268 2589 507 2638 natorium
534 2589 770 2639 ordinem
789 2591 978 2655 gradus
1002 2600 1136 2655 erat,
1152 2599 1209 2641 ut
1232 2607 1320 2656 pa·

268 2665 338 2710 tet
356 2677 419 2711 ex
439 2664 633 2715 Senec.
657 2666 825 2729 Epist.
842 2670 926 2717 47.
950 2669 1098 2731 plura
1125 2667 1317 2717 videsis

265 2740 387 2801 apud
409 2740 680 2806 Sigonium
714 2741 804 2792 lib.
827 2757 867 2792 1.
899 2742 965 2792 de
988 2742 1169 2808 Antiq.
1195 2743 1316 2807 jure

265 2817 638 2876 provinciarum
662 2834 779 2883 cap.
801 2824 852 2869 2.
866 2820 936 2870 'et
957 2820 1187 2884 Lipsium
1224 2822 1312 2871 lib.

264 2892 322 2942 de
341 2895 529 2946 militia
550 2910 594 2946 1.
615 2897 823 2961 Dialog.
842 2902 894 2947 9.

316 2972 631 3035 ¹¹²Anam-es]
662 2972 970 3038 Pompeium
1003 2973 1315 3037 praesertim,

265 3052 318 3096 ut
337 3050 493 3100 tradit
517 3050 616 3100 lib.
636 3064 698 3101 11.
715 3051 966 3115 Velleius,
983 3066 1083 3117 quo
1107 3052 1312 3102 nomine

265 3132 432 3185 postea
469 3127 695 3175 multum
734 3128 966 3178 tribunos
1010 3129 1311 3179 criminatus

266 3204 353 3249 est.
428 3199 767 3251 Infestiorem
812 3203 950 3252 enim
993 3204 1094 3254 illis
1128 3205 1312 3256 liabuit

262 3277 624 3340 propemodum
656 3280 931 3339 neminem,
956 3288 1018 3331 ut
1046 3280 1185 3332 infra
1217 3297 1310 3347 pa-

264 3352 403 3403 tebit.
898 3351 919 3368 ‘¹

318 3434 344 3461 ¹⁸
363 3430 652 3481 fflbumoioe
667 3431 944 3496 potestatis]
978 3432 1098 3483 Hoc
1117 3439 1198 3483 est
1222 3436 1313 3496 tri·

260 3505 500 3558 bunorum
561 3509 749 3574 plebis.
837 3510 1059 3569 Cautum
1099 3511 1234 3568 enim
1281 3527 1312 3563 a

262 3583 394 3647 Sylla
424 3584 619 3649 fuerat,
654 3600 737 3643 ne,
771 3578 859 3651 qui
884 3579 1123 3642 tribunus
1145 3588 1310 3651 plebis

261 3658 454 3718 fuisset,
478 3663 548 3712 ad
583 3664 944 3728 magistratum
978 3664 1197 3727 amplius
1234 3667 1309 3715 ul-

263 3734 358 3787 lum
382 3738 763 3806 admitteretur,
790 3756 856 3791 ne
879 3741 1046 3805 legum
1071 3740 1309 3793 ferenda-

261 3826 366 3865 rum
384 3818 487 3867 vim
504 3818 742 3881 haberet,
760 3822 858 3869 διο.

320 3898 342 3923 ⁰
362 3893 422 3943 L.
444 3895 588 3944 etiam
613 3896 806 3959 Cinnae]
839 3897 968 3962 Ejus
1003 3898 1091 3963 qui
1122 3905 1311 3966 quater

265 3964 445 4018 Consul
468 3969 658 4035 fuerat,
676 3971 785 4021 filio
804 3981 958 4039 atque
981 3974 1099 4024 ideo
1119 3977 1309 4025 Corne·

263 4039 341 4092 liae
362 4045 529 4107 fratri,
552 4055 613 4098 ut
633 4055 783 4112 patet
805 4065 872 4099 ex
895 4066 1012 4115 cap.
1042 4057 1087 4103 1.

296 4191 297 4194 Ἴ
322 4127 346 4161 Ρ
381 4123 524 4173 civili
542 4126 799 4191 discordia]
835 4129 1077 4180 Cat-ulum
1099 4130 1236 4180 inter
1254 4136 1310 4180 et

267 4191 502 4260 Lepidum
527 4201 796 4268 Consules,
821 4204 885 4254 de
913 4221 1016 4272 qua
1036 4206 1189 4258 modo
1223 4223 1307 4257 su·

265 4284 368 4336 pra.

384 4356 555 4422 Delph.
572 4365 619 4412 et
640 4361 754 4414 γαν.
779 4329 910 4417 Clas.

1461 2522 1487 2557 ‘1
1505 2517 1586 2565 Aa
1608 2514 1895 2579 Sertorium]
1916 2514 1969 2563 Is
1984 2513 2083 2565 fuit
2103 2515 2459 2564 Marianarum

1397 2592 1643 2656 partium,
1657 2592 1724 2641 de
1746 2591 1931 2655 quibus
1954 2606 2072 2654 cap.
2089 2594 2137 2657 1.
2162 2605 2461 2655 propugna-

1395 2674 1497 2730 tor,
1518 2667 1689 2731 quoad
1714 2666 1862 2730 vixit,
1882 2667 2185 2728 acerrimus,
2209 2668 2295 2732 qui
2326 2682 2462 2716 mor-

1396 2752 1487 2795 tuo
1541 2744 1732 2806 Mario,
1777 2742 2171 2806 desperatisque
2212 2736 2457 2792 factionis

1394 2820 1569 2881 rebus,
1591 2819 1645 2869 in
1669 2821 1997 2884 Hispaniam,
2019 2819 2109 2868 ubi
2131 2820 2244 2882 jam
2270 2827 2378 2868 tum
2401 2819 2457 2868 in

1394 2896 1588 2947 honore
1619 2897 1928 2959 habebatur,
1951 2911 2008 2944 se
2036 2895 2254 2959 recepit,
2277 2894 2456 2959 ibique

1394 2990 1506 3026 eam
1545 2976 1768 3038 adeptus
1808 2982 1889 3022 est
1926 2974 2311 3036 auctoritatem,
2353 2988 2458 3037 qua

1391 3051 1571 3103 multis
1605 3051 1929 3117 postmodum
1965 3049 2209 3099 Romanis
2236 3049 2456 3100 ducibus

1392 3143 1426 3180 a
1468 3130 1610 3195 Sylla
1645 3129 1834 3190 missis,
1873 3128 2091 3191 aliisque
2133 3132 2254 3190 post
2296 3127 2454 3191 Syllae

1391 3213 1611 3257 mortem
1671 3204 1867 3256 restitit
1929 3203 2231 3267 fortissime,
2283 3203 2454 3254 donec

1394 3286 1691 3350 Perpennae
1718 3282 2010 3349 proditione
2028 3281 2334 3333 interfectus
2353 3290 2456 3346 est,

1388 3362 1460 3412 de
1485 3378 1585 3428 quo
1608 3362 1878 3411 Plutarch.
1898 3361 1950 3410 in
1975 3359 2221 3410 Sertorio.

1457 3445 1478 3472 ¹'
1509 3438 1801 3501 Rogatione]
1836 3436 2059 3500 Rogatio
2082 3450 2176 3500 pro
2199 3435 2315 3498 ipsa
2334 3433 2454 3498 lege

1392 3516 1475 3565 hic
1517 3522 1571 3565 et
1609 3516 1733 3565 alibi
1772 3529 1913 3578 saepe
1953 3513 2241 3577 aecipitur3
2292 3525 2454 3575 quan-

1394 3606 1548 3656 quam
1593 3595 1780 3640 exacte
1832 3588 2266 3652 distinguentibus
2306 3598 2452 3649 roga-

1394 3668 1585 3716 tionem
1620 3667 1758 3715 inter
1781 3671 1836 3715 et
1856 3665 2027 3728 legem
2055 3660 2367 3713 discriminis
2391 3662 2451 3711 il-

1393 3744 1483 3793 lud
1501 3749 1659 3806 esset,
1674 3741 1809 3806 quod
1827 3741 2029 3808 rogatio
2049 3740 2121 3788 nil
2138 3738 2275 3788 foret
2292 3737 2451 3796 aliud,

1391 3834 1546 3885 quam
1584 3819 1658 3869 rei
1695 3834 1812 3881 quae
1846 3815 2123 3867 sancienda
2165 3816 2450 3879 petebatur

1388 3897 1696 3962 propositio,
1719 3896 1796 3944 his
1821 3894 2011 3957 verbis,
2034 3898 2049 3923 ‘
2070 3893 2237 3943 velitis
2261 3892 2448 3958 jubea-

1389 3975 1472 4036 tis,
1509 3971 1893 4034 Quirites,’&c.
1930 3985 2043 4034 quae
2079 3970 2122 4019 si
2148 3970 2446 4033 juberetur,

1387 4052 1475 4102 lex
1496 4050 1690 4100 fiebat:
1723 4051 1832 4114 ejus
1865 4054 1944 4098 est
1969 4056 2027 4098 ut
2057 4047 2328 4113 plurimum
2360 4063 2449 4110 ap-

1388 4130 1582 4193 pellata
1615 4130 1817 4177 nomine
1852 4128 1938 4193 qui
1977 4132 2353 4194 proposuerat3
2388 4135 2447 4175 ut

1389 4214 1539 4271 patet
1558 4221 1621 4255 ex
1643 4208 1894 4257 hocloco.
1961 4205 2166 4255 Plotius
2188 4204 2320 4252 enim
2354 4203 2445 4251 tri-

1392 4283 1556 4334 bunus
1577 4284 1743 4348 plebis
1764 4282 2059 4347 impellente
2084 4282 2290 4332 Caesare
2315 4282 2444 4330 tule-

1254 4339 1460 4417 'Suetom
2157 4384 2166 4391 ·
2267 4362 2311 4411 C
2345 4433 2348 4440 Ι
