3019 4922
511 402 642 469 334
1358 416 1423 463 o.
1466 413 1825 465 sossrosn

514 572 709 631 tuus²¹
734 562 989 646 magnis
1007 560 1409 627 clamoribus
1427 582 1564 627 rem
1584 563 1811 645 gessit.
1835 559 1947 627 Ad
1968 578 2288 625 summam
2310 568 2539 626 tamen
2564 581 2710 648 per·

516 667 688 732 didit
715 686 843 731 non
869 666 1144 729 multum
1170 686 1189 744 ;
1235 664 1353 729 sed
1375 685 1464 729 ex
1485 673 1512 715 ⁷
1534 667 1795 748 magnis
1814 663 2224 730 detrimentis
2243 672 2492 748 praeter
2515 685 2710 750 spem

515 770 839 853 paulatim
862 774 1180 834 retractus
1205 775 1332 832 est.
1378 768 1522 851 Ego
1544 768 1804 853 perdidi
1832 768 2065 850 viginti
2091 767 2300 831 millia
2321 787 2665 833 nummum
2684 777 2712 802 '

516 892 666 936 meo
694 871 999 952 nomine3
1048 870 1164 934 sed
1206 890 1360 934 cum
1388 870 1599 934 effuse
1631 871 1700 934 in
1730 872 1885 935 lusu
1917 870 2211 934 liberalis
2234 868 2257 906 ⁸
2303 869 2606 949 fuissem,
2638 877 2715 937 ut

517 974 712 1039 soleo
744 975 1149 1058 plerumque.
1242 973 1421 1038 Nam
1476 973 1561 1051 si,
1616 993 1787 1057 quas
1815 978 2112 1037 manusW
2157 971 2388 1036 remisi
2440 973 2715 1057 cuique,

516 1077 907 1160 exegissem,
939 1084 1054 1141 aut
1092 1077 1548 1154 retinuissem,
1578 1075 1761 1159 quod
1800 1077 2044 1160 cuique
2080 1075 2347 1154 donavi,
2392 1076 2714 1140 vicissem

517 1180 623 1244 vel
653 1179 1134 1266 quinquaginta
1171 1178 1407 1243 millia.
1494 1178 1631 1243 Sed
1664 1179 1792 1243 hoc
1825 1179 2026 1244 malo.
2116 1179 2506 1263 Benignitas
2535 1180 2715 1243 enirn

517 1303 666 1348 mea
687 1303 794 1347 me
826 1283 910 1347 ad
931 1283 1272 1348 coelestem
1304 1282 1586 1364 gloriam
1606 1280 1875 1346 efferet.'
1901 1290 1928 1332 9
2016 1280 2267 1346 Scribit
2298 1281 2382 1346 ad
2414 1281 2616 1347 filiam
2640 1291 2719 1348 :¹0

518 1390 538 1420 ‘
563 1386 731 1450 Misi
783 1385 903 1450 tibi
934 1384 1245 1450 denarios
1273 1386 1594 1450 ducentos
1643 1384 2173 1469 quinquaginta?
2220 1405 2389 1468 quos
2436 1385 2719 1468 singulis

520 1479 1184 1566 convivis‘dederam,
1216 1488 1274 1552 si
1296 1488 1547 1552 vellent
1569 1488 1744 1552 inter
1761 1506 1832 1551 se
1855 1495 1873 1525 ¹
1902 1488 2074 1551 inter
2103 1506 2368 1552 coenam
2391 1487 2501 1553 vel
2532 1487 2718 1567 talis,

517 1592 631 1656 vel
661 1611 782 1675 par
808 1591 1108 1673 imparw
1135 1588 1414 1656 ludere!
1503 1590 1583 1654 In
1632 1590 1876 1654 ceteris
1903 1589 2245 1673 partibus³
2293 1589 2451 1655 vitae
2500 1591 2721 1655 conti-

519 1695 976 1759 nentissimum
1004 1693 1215 1759 fuisse
1238 1700 1528 1773 constat,
1561 1714 1640 1758 ae
1670 1694 1816 1758 sine
1845 1691 2467 1776 suspicione-ullius
2489 1700 2519 1740 4
2547 1693 2724 1760 vitii.

1427 1891 1636 1915 OONOOO
1644 1893 1757 1913 'Ob‘
1763 1894 1789 1912 O

522 2025 642 2075 Pin.
665 2025 797 2075 Edd.
823 2026 971 2075 Rom.
988 2024 1203 2073 Mediol.
1225 2025 1390 2087 Lugd.
1412 2024 1565 2075 Junt.
1588 2025 1717 2088 Arg.
1751 2024 1835 2076 Cf.
1855 2025 1968 2075 Tib.
1991 2039 2039 2077 e.
2060 2029 2242 2075 74.·-7
2278 2026 2362 2075 Ex
2392 2024 2539 2075 :best
2562 2025 2728 2076 Vind.

524 2096 573 2141 1.
640 2092 769 2139 Mox
805 2095 1115 2139 retractatum
1148 2090 1365 2140 Memm.
1386 2095 1648 2139 retractum
1671 2092 1832 2140 Fouc.
1861 2090 2101 2142 Dum—8
2133 2091 2348 2141 Liberali
2381 2091 2578 2140 Medic.
2598 2094 2650 2142 1.
2677 2096 2728 2141 3.

525 2166 581 2205 et
606 2164 791 2219 postea
827 2157 918 2204 dat
959 2155 1191 2204 Har-lem.
1232 2154 1465 2216 exegisse,
1495 2154 1654 2204 vind.
1675 2160 1720 2205 1.
1754 2155 1969 2217 egissem.
2035 2155 2175 2206 Ante
2197 2171 2312 2220 quas
2349 2169 2449 2205 non
2485 2156 2648 2205 habet
2682 2157 2730 2206 si

524 2220 737 2284 Cuj.—9
771 2219 937 2284 Effert
957 2219 1190 2268 Harlem.
1216 2219 1375 2268 vind.
1398 2224 1448 2269 2.
1474 2228 1530 2269 et
1558 2218 1690 2268 Edd.
1713 2221 1910 2283 priores
1937 2218 2048 2270 fere
2086 2220 2156 2271 Ο.
2202 2235 2363 2285 usque
2400 2219 2465 2268 ad
2504 2221 2629 2269 Bas.
2671 2228 2729 2271 et

526 2299 672 2349 seqq.
693 2299 808 2346 quae
832 2284 1016 2347 efferet.
1049 2283 1215 2332 Paulo
1233 2291 1354 2333 ente
1381 2284 1443 2333 ad
1469 2284 1597 2333 enim
1618 2284 1847 2334 additum
1882 2285 1935 2335 in
1963 2300 2124 2349 marg.
2147 2286 2305 2336 Fouc.
2341 2287 2357 2314 ⁸
2381 2283 2487 2334 Alii
2507 2299 2607 2334 non
2632 2286 2729 2335 ha-

524 2348 819 2399 bent.'——10
852 2349 1028 2398 Verba
1049 2348 1189 2398 scrib.
1211 2352 1273 2398 ad
1281 2349 1364 2413 fil.
1389 2348 1577 2398 desunt
1600 2348 1740 2399 Dnn.
1765 2350 1895 2400 Exe.
1929 2350 2077 2400 Voss.
2109 2360 2163 2400 et
2199 2352 2447 2413 leguntur
2484 2349 2638 2400 modo
2678 2353 2732 2401 in

525 2428 689 2478 marg.
729 2414 849 2465 Pin.
891 2429 953 2464 ac
989 2413 1184 2464 Medic.
1207 2418 1256 2463 2.
1290 2415 1343 2463 in
1380 2407 1499 2479 ᾣο,
1534 2414 1611 2465 uti
1641 2420 1698 2464 et
1720 2415 1876 2467 vind.
1914 2419 1963 2466 2.
1991 2416 2222 2466 Heriem.
2245 2416 2416 2467 Periz.
2440 2415 2565 2467 item
2589 2415 2733 2469 Edd.

527 2482 677 2531 Rom.
698 2481 836 2529 Ven.
872 2479 1086 2529 Mediol.
1120 2479 1363 2530 conviviis.
1420 2480 1559 2530 Dein
1600 2494 1694 2543 pro
1732 2496 1846 2544 quos
1884 2482 2029 2545 Lips.
2066 2481 2245 2531 mallet
2278 2486 2390 2545 quot
2428 2482 2735 2545 probantu).

525 2547 674 2596 Torr.
701 2546 840 2595 Oud.
862 2545 1000 2610 quod
1026 2545 1236 2607 ascript.
1261 2552 1342 2594 est
1364 2544 1416 2593 in
1433 2561 1519 2595 ora
1545 2546 1815 2597 Plent.-—l
1853 2546 1987 2596 Inter
2006 2561 2057 2595 se
2077 2548 2221 2611 quasi
2239 2560 2626 2610 supervacanea
2651 2563 2733 2596 re-

515 2610 748 2674 jicienda
768 2611 975 2660 censuit
994 2611 1139 2661 Torr.
1162 2611 1253 2659 sed
1282 2611 1514 2660 vindicat
1540 2610 1706 2660 Gron.
1731 2611 1796 2659 ad
1818 2612 1928 2662 Liv.
1951 2625 2032 2660 lx.
2053 2615 2103 2660 2.
2127 2611 2253 2660 inter
2273 2627 2326 2661 se
2350 2627 2467 2663 σωκ.
2491 2611 2731 2664 Harlem.
2834 2606 2842 2615 ⁶

523 2676 660 2726 Ven.
680 2682 727 2725 1.
753 2676 918 2740 Lugd.
934 2675 1084 2726 Junt.
1106 2675 1228 2724 Ald.
1249 2675 1472 2738 Arge-2
1504 2675 1593 2725 Vel
1608 2691 1696 2738 par
1715 2677 1787 2724 vel
1803 2676 1915 2739 imp.
1937 2676 2168 2726 Heriem.
2191 2676 2328 2727 Edd.
2350 2678 2487 2725 Ven.
2508 2677 2732 2727 Mediol.

526 2740 674 2791 eald.
696 2743 772 2790 vel
788 2755 879 2804 par
901 2741 1141 2804 imparque
1159 2739 1194 2790 J
1199 2745 1308 2789 unt.
1325 2743 1396 2790 vel
1413 2755 1504 2804 par
1526 2741 1686 2790 ludere
1709 2741 1955 2791 Halm-3
1991 2741 2053 2789 In
2070 2747 2201 2804 part.
2221 2747 2309 2791 cet·
2335 2741 2570 2792 Heriem.
2588 2742 2730 2793 Edd.

526 2806 679 2856 Rom.
703 2808 835 2854 Ven.
855 2807 986 2854 Bon.
1014 2813 1068 2854 et
1093 2807 1156 2854 al.
1180 2806 1342 2869 antiq.
1368 2806 1432 2854 sd
1455 2805 1581 2854 Bas.
1612 2820 1790 2868 usqne,
1812 2806 1969 2855 etiam
1993 2806 2170 2855 Burni.
2204 2806 2324 2855 Alio
2341 2804 2520 2855 ordine
2542 2820 2571 2854 e
2594 2807 2733 2856 Mss.

529 2870 766 2931 praebent
787 2870 925 2919 Oud.
948 2871 1071 2918 Ern.
1093 2870 1213 2932 Bip.
1236 2871 1302 2918 sl.
1351 2871 1479 2918 Tum
1515 2870 1663 2919 deest
1673 2871 1829 2929 fuisse
1849 2870 2065 2921 Memm.
2083 2871 2280 2920 Medic.
2309 2875 2357 2919 3.
2377 2871 2498 2920 Pin.
2523 2880 2579 2921 et
2598 2872 2733 2922 Exc.

525 2936 778 2986 Voss.—4
817 2935 1012 2985 Nullius
1034 2935 1132 2985 Ed.
1164 2934 1345 2998 Camp.
1379 2936 1520 2984 ullius
1555 2936 1720 3003 officiis
1763 2937 1893 3001 Cop·
1929 2951 1962 2985 a
1996 2950 2066 2986 m.
2106 2950 2185 3000 pr.
2217 2935 2308 2987 sed
2349 2950 2485 2987 corr.
2505 2937 2731 2987 viciis.—

1515 3134 1734 3186 NOTAE

529 3261 617 3298 rus
653 3251 710 3297 et
736 3246 914 3298 tabula
951 3246 1105 3297 idem.
1173 3246 1329 3297 Unde
1367 3246 1469 3297 fori
1496 3261 1586 3297 na-

1667 3247 1974 3299 Frsnciscus
1996 3249 2216 3313 Gujetus
2246 3249 2299 3298 in
2331 3247 2467 3298 notis
2489 3245 2596 3296 suis
2622 3259 2735 3294 ver·

526 3325 667 3374 vium
695 3332 817 3373 sunt
854 3323 1105 3382 tabulata,
1137 3330 1193 3373 et
1223 3322 1323 3376 fori
1360 3325 1588 3374 toreula-
2442 3332 2450 3339 '

1667 3323 1735 3374 tit
1758 3339 1898 3388 συπρα
1919 3327 1978 3375 de
1999 3327 2100 3377 dez.

529 3399 697 3451 rium?
763 3399 916 3453 Quod
957 3415 1109 3464 quem
1158 3401 1311 3459 bene,
1362 3402 1588 3452 viderint

528 3478 635 3528 alii.
686 3479 800 3542 Ego
821 3492 944 3526 sane
969 3477 1098 3527 tanti
1122 3478 1216 3528 viri
1239 3479 1586 3531 eruditionem

529 3554 701 3642 potius
727 3554 811 3604 hie
843 3554 1179 3618 laudaverim,
1199 3571 1352 3620 quam
1385 3562 1590 3607 senten·

528 3638 817 3795 nimivm&
835 3703 968 3768 tuus]
999 3704 1199 3756 Drusus
1217 3706 1382 3766 Nero,
1398 3707 1463 3756 de
1482 3722 1584 3773 quo

526 3781 848 3921 miralo'iginti
876 3856 1029 3906 millia
1045 3872 1301 3923 nummum,
1323 3860 1430 3924 ξω]
1465 3860 1587 3912 Hoc

529 3943 612 3986 est
631 3943 885 3985 nostrates
906 3937 1062 3986 libras
1083 3941 1196 3987 880.
1213 3939 1588 4004 quinquaginta

528 4024 654 4061 vero
690 4012 850 4062 millia
881 4013 1061 4064 22001.
1096 4023 1157 4065 ut
1194 4029 1353 4081 supra
1390 4017 1443 4066 in
1478 4018 1585 4070 Jul.

530 4092 859 4227 “gozi-anus]
914 4166 1243 4217 Cassubonus
1267 4167 1498 4232 explicat
1521 4169 1587 4218 de

530 4239 770 4303 pecunia,
798 4254 950 4304 qusm
989 4241 1198 4306 quisque
1235 4250 1352 4306 post
1380 4243 1587 4306 jactum

529 4314 790 4368 infelicem
827 4315 1152 4378 conferebat,
1188 4332 1339 4384 quem
1375 4327 1588 4371 secutus

1729 3406 1757 3433 ¹
1793 3402 2034 3451 Βοιωτίου
2085 3403 2308 3451 ducentos
2355 3395 2736 3462 quinquaginta]

1669 3477 1790 3527 Hoc
1824 3486 1923 3535 est,
1957 3479 2094 3527 mille
2135 3492 2386 3535 nummos,
2425 3477 2478 3525 in
2517 3474 2739 3524 denario

1668 3555 1866 3620 quippe
1904 3561 2124 3619 quatuor
2160 3552 2352 3604 nummi
2390 3549 2643 3606 sestertii,
2678 3555 2738 3597 ut

1669 3646 1827 3696 supra
1860 3631 1915 3681 in
1952 3632 2061 3684 Jul.
2094 3646 2141 3682 e.
2178 3635 2230 3682 4.
2265 3634 2534 3679 notatum:
2570 3626 2739 3689 igitur

1667 3708 1783 3758 431.
1808 3712 1867 3757 16
1884 3722 1925 3758 s,

1733 3792 1754 3827 5
1788 3785 1895 3835 Par·
1913 3783 2093 3848 impar]
2125 3783 2228 3833 Vei
2250 3781 2367 3832 telis
2386 3779 2470 3831 vel
2492 3778 2736 3838 nucibus,

1668 3861 1806 3926 qnod
1840 3869 1893 3911 et
1929 3861 2148 3911 nummis
2174 3858 2356 3914 fiebat,
2379 3858 2491 3906 lusu
2513 3869 2737 3920 praeser-

1669 3939 1762 3989 tim
1786 3938 1991 4001 puerili.
2059 3937 2199 3986 Hinc
2222 3935 2470 3985 Horatius
2509 3931 2736 3981 ‘ludere

1667 4030 1763 4078 par
1783 4006 1969 4077 impar,
2002 4013 2240 4078 equitare
2259 4012 2313 4060 in
2336 4009 2592 4060 arundine
2617 4010 2738 4057 lon»-

1668 4091 1779 4154 ge;'
1814 4091 1993 4140 similis
2018 4097 2132 4139 eret
2155 4089 2284 4138 lusio
2306 4086 2512 4153 quando
2534 4099 2735 4150 quaere·

1668 4166 1794 4215 bant
1814 4174 1974 4230 caput
1997 4176 2089 4215 aut
2110 4165 2300 4221 navim,
2316 4164 2384 4214 de
2403 4175 2505 4228 qua
2528 4161 2738 4211 Macro·

1666 4241 1780 4294 bins
1800 4241 1890 4293 lib.
1913 4255 1951 4293 1.
1975 4256 2020 4293 c.
2034 4244 2085 4292 7.
