3019 4922
466 352 598 421 232
1324 368 1388 419 o·
1435 367 1797 419 suEToNn

437 545 441 548 ·
472 536 650 584 anno
679 513 1029 600 interjecto
1078 511 1328 597 gessit:
1378 518 1728 597 sequentes
1781 533 1993 600 usque
2046 511 2136 582 ad
2187 514 2660 586 undecimum-³⁹

472 618 902 688 continuavit
923 612 974 680 :¹
1017 617 1374 699 multisque
1405 635 1591 694 mox,
1638 637 1792 682 cum
1842 618 2273 699 deferrentur,
2305 624 2662 706 recusatiS,

471 709 939 789 duodecimum
963 739 1226 803 magno,
1248 718 1317 782 id
1334 726 1440 782 est
1460 719 1937 802 septemdecim
1958 721 2661 804 annorum'interv-allo,

470 833 543 893 et
597 844 822 890 rursus
872 821 1476 888 tertiumdecimum
1523 822 1796 887 biennio
1843 830 2008 907 post
2051 826 2225 891 ultro
2273 826 2544 910 petiit,¹0
2588 837 2665 895 ut

472 929 715 996 Gaium
745 934 810 993 et
839 927 1183 992 Luciumm
1213 924 1415 1002 filios,
1444 925 1865 1008 amplissimo
1894 927 2226 1009 praeditus
2242 929 2663 1011 magistratu,

474 1052 599 1099 suo
639 1048 970 1115 quemque
1012 1027 1314 1094 tirocinio
1339 1035 1368 1062 ¹²
1413 1026 1766 1093 deduceret
1784 1036 1805 1067 ¹
1841 1028 1923 1118 in
1954 1030 2255 1095 Forumss
2343 1032 2667 1118 Quinque

470 1135 731 1201 medios
763 1133 1153 1198 consulatus
1196 1151 1239 1196 a
1283 1138 1483 1197 sexto
1531 1132 1620 1197 ad
1663 1132 2088 1199 undecimum
2109 1154 2381 1202 ‘annuos
2412 1138 2664 1221 gessit:

473 1247 728 1304 ceteros
756 1244 878 1302 aut
905 1256 1171 1313 novem,
1201 1240 1320 1300 aut
1353 1240 1532 1319 sex?
1554 1241 1581 1271 ⁰
1608 1242 1726 1299 aut
1754 1242 2063 1320 quatuor,
2091 1245 2211 1304 aut
2239 1240 2455 1304 tribus
2485 1259 2667 1304 men-

470 1341 705 1423 sibus3
751 1339 1113 1405 secundum
1157 1359 1343 1416 vero,
1390 1338 1828 1423 paucissimis
1857 1340 2077 1406 horis.
2164 1342 2346 1408 Nam
2374 1342 2485 1407 die
2517 1341 2665 1409 Ka-

469 1443 870 1509 lendaruml'
913 1442 960 1508 J
964 1442 1270 1520 anuarii,³
1316 1461 1468 1506 cum
1499 1460 1843 1525 mane-pro
1876 1443 2023 1508 aede
2066 1443 2437 1528 Capitolini
2463 1444 2510 1510 J
2514 1445 2668 1510 ovis

467 1547 822 1631 paululum
853 1545 1071 1610 curuli
1098 1544 1310 1609 sella‘l
1353 1531 1808 1628 praesedisset,
1856 1545 2109 1612 honore
2155 1547 2346 1626 abiit,
2381 1546 2663 1613 suffecto

467 1650 606 1715 alio
653 1649 724 1713 in
765 1649 1029 1714 locum?
1071 1666 1288 1712 suum.
1380 1649 1533 1714 Nec
1580 1667 1810 1713 omnes
1854 1648 2143 1731 Romae?
2193 1650 2311 1715 sed
2355 1656 2666 1734 quartum
2761 1689 2771 1696 -

530 1859 561 1894 δ’
601 1819 1144 1912 Utxinsignieumummo
1164 1850 1339 1908 honore
1358 1851 1609 1901 deduceret
1639 1849 1693 1899 in
1714 1850 1880 1912 sorum
1897 1852 2035 1918 filios
2055 1867 2163 1903 suos
2188 1851 2359 1901 Caium
2378 1855 2427 1902 et
2447 1850 2664 1916 Lucium,

469 1920 720 1981 utrumque
741 1918 818 1967 die
839 1916 1052 1966 tirocinii
1071 1915 1162 1966 sui.

1378 2026 1755 2050 ‘MNO

468 2150 539 2195 tr.
561 2144 698 2195 Bon.
716 2143 861 2195 Med.
885 2142 1034 2194 cald.
1057 2143 1094 2195 J
1098 2150 1207 2195 unt.
1228 2142 1349 2194 Ald.
1369 2143 1655 2208 Steph.-9
1677 2145 1856 2196 Decem
1876 2145 2033 2197 Vind.
2057 2150 2107 2197 1.
2126 2144 2345 2197 undecim
2360 2142 2666 2196 EddsRom.

466 2210 602 2261 Ven.
624 2213 673 2259 1.
697 2209 915 2259 Mediol.
942 2208 1088 2259 Cald.
1141 2210 1379 2273 Reliquae
1406 2210 1524 2260 duae
1545 2211 1684 2262 Ven.
1714 2226 1830 2261 cum
1864 2212 1998 2261 Bon.
2035 2226 2217 2262 novem.
2282 2210 2508 2261 Inferius
2527 2209 2669 2259 iiber

467 2275 617 2325 Torr.
637 2274 833 2324 omittit
855 2276 906 2323 id
928 2279 1147 2326 ech—10
1169 2275 1307 2325 Petit
1322 2275 1523 2325 Medic.
1542 2280 1590 2328 3.
1612 2281 1670 2326 et
1690 2276 1901 2326 Brutum
1917 2278 2046 2339 Cop.
2068 2282 2124 2327 et
2145 2291 2306 2340 marg.
2328 2275 2428 2325 Ed.
2448 2273 2669 2324 Medioi.

465 2345 564 2389 ——1
599 2341 848 2390 Decimum
879 2340 1008 2403 Cop.
1048 2340 1393 2390 Medion-3.
1450 2340 1667 2391 Annum
1692 2341 1972 2392 detrabunt
1994 2341 2433 2406 Pailrsupposito
2454 2340 2518 2388 ad
2538 2339 2667 2388 deci-

465 2420 611 2454 mum.
677 2406 821 2454 Item
836 2419 983 2453 annos
1003 2404 1195 2455 Medic.
1217 2410 1265 2455 3.
1289 2406 1565 2459 Voss-Ed.
1588 2407 1868 2471 Camp.-2
1904 2406 1990 2456 Ita
2022 2407 2253 2457 restituit
2293 2406 2361 2456 R.
2392 2404 2577 2468 Steph.
2611 2407 2670 2453 et

465 2471 635 2521 secuti
657 2477 779 2520 sunt
813 2470 990 2521 Graev.
1025 2471 1189 2520 Gron.
1221 2473 1400 2522 Burm.
1425 2478 1481 2521 et
1518 2487 1665 2537 seqq.
1700 2473 2138 2523 consentientibus
2172 2481 2279 2522 tum
2313 2470 2492 2522 Ursini
2512 2470 2666 2519 Torr.

468 2534 691 2585 Casaub.
713 2542 769 2585 et
789 2535 944 2586 Grut.
971 2536 1103 2585 Mss.
1121 2542 1229 2585 tum
1258 2537 1535 2602 Mediceis,
1556 2536 1717 2587 vind.
1740 2541 1790 2588 2.
1807 2537 2048 2603 aliisque.
2082 2538 2145 2588 In
2166 2537 2302 2587 Edd.
2317 2537 2465 2587 Vett.
2487 2534 2670 2599 pleris-

464 2614 567 2664 que
584 2607 762 2651 ceteros
781 2606 941 2650 autem
958 2607 1148 2650 <sexum
1167 2616 1276 2650 που.
1297 2607 1381 2651 aut
1394 2617 1500 2653 sex.
1537 2603 1704 2652 Paris.
1725 2610 1780 2652 et
1800 2603 1933 2652 Bon.
1949 2608 2047 2653 cet.
2070 2608 2226 2652 autem
2244 2607 2330 2651 aut
2349 2616 2455 2650 nov.
2467 2605 2554 2649 aut
2566 2613 2669 2648 sex.

465 2666 817 2716 Hariemccet.
838 2670 1101 2716 autem-sex
1116 2673 1201 2716 aut
1221 2673 1425 2717 octo-aut
1444 2668 2014 2718 sem—adunandorum
2036 2667 2233 2718 Medic.
2248 2671 2294 2717 2.
2314 2668 2465 2716 Voss.
2484 2665 2668 2714 Joenaa-

462 2731 588 2781 rium
609 2731 768 2782 Vind.
790 2736 839 2782 1.
872 2732 1002 2781 Tum
1019 2733 1211 2794 paucum
1228 2734 1407 2783 cameli
1427 2733 1586 2784 Vind.
1606 2738 1655 2784 2.
1675 2734 1858 2788 cut-ruli
1880 2734 2037 2784 etiam
2063 2731 2163 2784 Ed.
2187 2731 2407 2783 Mediol.
2426 2730 2665 2796 aliaeque,

1463 2880 1681 2932 NOTAE

464 2977 823 3040 magistratum
847 2982 1076 3043 gereret,
1094 2992 1210 3044 quae
1226 2978 1338 3043 jam
1357 2978 1528 3029 omnia
1606 2983 1847 3030 constare
1885 2992 1986 3028 non
2019 2991 2191 3043 posse,
2227 2980 2379 3041 patet
2399 2974 2485 3025 vel
2515 2972 2667 3036 mini-

460 3053 880 3106 obsolescebant.
1605 3069 1747 3106 mum
1783 3055 2110 3106 attendenti:
2158 3052 2451 3104 Casauboni
2485 3051 2669 3102 lectio-

529 3128 546 3162 ¹
567 3129 902 3193 continuavit]
924 3130 1205 3181 Continuus
1228 3132 1391 3195 gessit
1411 3131 1527 3183 abs·
1605 3147 1725 3182 nem
1751 3139 1963 3183 tuentur
1984 3131 2345 3194 viterbiensis,
2366 3127 2579 3192 Pithoei,
2612 3132 2670 3177 et

464 3220 567 3272 que
586 3206 988 3257 intermissione.

527 3284 776 3342 ¹¹²,C'uium
811 3288 860 3334 et
891 3282 1118 3348 Larcium]
1168 3285 1254 3334 De
1291 3284 1372 3335 his
1405 3300 1525 3351 cap.

465 3360 701 3424 proxime
725 3361 1065 3425 praecedenti‚
1100 3366 1157 3412 et
1176 3360 1311 3411 infra
1332 3377 1492 3427 saepe.

525 3443 551 3470 ¹²
587 3437 846 3501 Tirocinio]
879 3438 1002 3489 Non
1023 3437 1255 3502 militari,
1273 3445 1334 3488 ut
1354 3444 1527 3503 patet,

460 3513 552 3564 aed
570 3513 786 3566 forensi.
819 3515 1004 3567 Senec.
1019 3513 1325 3580 praefatione
1343 3516 1397 3566 in
1417 3516 1529 3564 De-

404 3626 408 3633 -
461 3591 670 3642 clamat.
692 3590 783 3641 lib.
805 3604 893 3644 111.
933 3592 952 3620 ‘
974 3596 1032 3642 et
1051 3591 1171 3641 ideo
1192 3593 1280 3641 iile
1302 3593 1527 3656 primum

459 3667 516 3717 in
537 3666 651 3718 foro
671 3666 926 3730 dicturus,
940 3667 1042 3717 tiro
1057 3665 1230 3716 dictus
1247 3665 1357 3717 est!
1394 3667 1526 3717 Cum

460 3759 651 3809 nempe
694 3752 816 3809 toga
855 3759 990 3810 pura
1029 3751 1217 3800 sumta,
1261 3743 1525 3808 barbaque

455 3824 653 3888 posita,
707 3821 1055 3887 eloquentiam
1099 3819 1525 3884 auspicabantur,

460 3898 530 3949 de
553 3899 741 3964 quibus
762 3898 1072 3949 cerimoniis
1095 3898 1263 3949 adhuc
1292 3896 1446 3949 infra.

526 3983 552 4008 ⁰
586 3977 779 4026 Ceteros
814 3981 901 4026 aut
936 3991 1119 4039 novem,
1152 3980 1238 4026 aut
1273 3990 1379 4033 sex,
1415 3976 1525 4041 &cuj

459 4050 549 4102 Sic
571 4051 945 4102 emendandum
968 4053 1173 4103 censuit
1195 4051 1417 4102 Casaub.
1434 4052 1525 4102 de-

459 4128 583 4179 letis
622 4128 823 4178 duabus
858 4129 1054 4181 voculis
1085 4135 1244 4181 autem
1273 4146 1380 4194 sex,
1406 4145 1524 4194 quae

457 4202 517 4253 in
536 4203 760 4267 vulgatis
783 4211 935 4254 erant
955 4205 1054 4256 boc
1067 4206 1239 4271 modo,
1248 4213 1426 4257 ceteros
1439 4221 1525 4256 au·

463 4285 560 4333 tem
577 4295 684 4346 sex,
703 4287 790 4332 aut
810 4295 992 4341 novem,
1023 4287 1108 4333 aut
1139 4297 1243 4349 sex,
1271 4287 1353 4348 ἅμ’.
1383 4284 1525 4349 quod

1608 3209 1786 3259 Lislaei
1805 3208 2033 3258 codices.

1671 3292 1698 3327 Ρ
1730 3286 1831 3335 Die
1853 3282 2203 3347 Kalendarum]
2237 3285 2319 3334 De
2338 3281 2473 3333 eoin
2494 3280 2602 3334 Jui.
2618 3293 2670 3332 c.

1610 3366 1691 3413 15.
1715 3367 1771 3412 et
1793 3366 1873 3412 16.
1895 3368 1951 3411 et
1968 3366 2050 3411 ⁷6.

1673 3448 1699 3482 (ι
1734 3439 1903 3491 Cur-uli
1935 3438 2075 3502 sella]
2107 3437 2241 3488 Hoec
2270 3441 2386 3487 erat
2423 3435 2671 3500 eburnea,

1608 3516 1727 3568 ideo
1771 3516 1977 3566 Cui-ulis
2027 3514 2188 3573 dicta,
2239 3512 2376 3578 quod
2430 3512 2669 3563 curribus

1606 3592 1767 3643 etiam
1809 3592 1911 3641 iuis
1961 3592 2334 3655 imponeretur,
2386 3589 2570 3653 quibus
2614 3588 2672 3637 iu

1609 3670 1819 3720 Curiam
1864 3668 2189 3718 vehebantur
2227 3667 2527 3728 Senatores,
2578 3663 2669 3728 qui

1606 3748 1851 3811 majorem
1903 3744 2269 3809 magistratum
2322 3741 2504 3806 (quem
2547 3738 2667 3789 ideo

1605 3824 1762 3874 etiam
1786 3823 2033 3873 curulem
2069 3816 2345 3883 dixerunt)
2379 3820 2668 3882 gesserant,

1604 3902 1671 3953 de
1697 3916 1798 3966 qua
1820 3898 1989 3949 adbuc
2011 3895 2148 3947 infra
2170 3910 2218 3946 c.
2241 3898 2325 3945 48.
2574 3895 2576 3897 ’

1668 3983 1690 4010 ¹·
1722 3975 1936 4041 Suffecto
1959 3974 2057 4024 alio
2078 3973 2132 4022 in
2151 3969 2326 4034 Meum]
2375 3970 2571 4020 Contra
2592 3967 2664 4017 le-

1605 4067 1714 4120 ges,
1735 4053 1869 4102 utin
1890 4050 2042 4103 Julio*
2055 4064 2103 4101 c.
2120 4053 2204 4098 76.

1669 4137 1687 4162 “
1712 4130 1815 4180 Nec
1835 4143 1993 4178 omnes
2013 4124 2203 4188 Romoe]
2235 4121 2301 4172 Id
2324 4136 2530 4188 quoque
2547 4132 2665 4170 con·

1604 4214 1688 4257 tra
1702 4207 1871 4271 leges:
1895 4219 1993 4255 nec
2012 4203 2148 4253 enim
2168 4200 2291 4250 alibi
2315 4213 2468 4264 quam
2487 4197 2661 4246 Romae

1604 4283 1865 4348 designati
1886 4281 2124 4333 consules
2146 4276 2504 4343 magistratum
2535 4272 2661 4324 inire
