3019 4922
1172 444 1570 496 ocrAvms.
2345 429 2475 495 351

293 596 352 655 et
380 587 465 655 ab
495 590 632 657 imo
664 588 1158 663 deductiorem,⁶
1179 599 1202 626 ⁸
1229 592 1522 656 colorem
1552 592 1719 655 inter
1762 591 2057 675 aquilum
2085 590 2470 656 candidum-

292 714 436 776 que,
468 702 496 730 ⁸
526 700 842 759 staturam
874 693 1160 785 brevem,
1199 700 1426 777 (quam
1455 679 1676 759 'tamen
1704 694 1934 759 Julius
1961 694 2314 760 Marathus
2339 703 2364 743 ⁷
2395 694 2480 757 li-

289 795 508 859 bertus
562 798 629 859 in
682 796 1035 862 memoriab
1074 796 1220 880 ejus
1263 797 1560 881 quinque
1612 796 1896 879 pedumc
1947 803 2013 860 et
2072 796 2422 861 dodrantis
2451 793 2479 832 ‘¹

285 896 496 961 fuisse
525 898 788 982 tradit,)
816 900 932 963 sed
962 920 1112 983 quae
1145 899 1615 978 commoditate
1647 904 1718 963 ‘et
1748 899 2066 982 aequitate
2084 898 2109 936 ⁸
2142 900 2468 964 membro-

288 1013 431 1063 rum
461 1002 907 1077 occuleretur,
939 1007 1014 1066 ut
1057 1002 1318 1065 nonnisi
1347 1023 1434 1065 ex
1486 1002 1985 1084 comparatione
2030 1002 2314 1065 astantis
2354 1002 2485 1065 ali-

290 1102 476 1186 cujus
537 1105 931 1188 procerioris
981 1104 1261 1188 intelligi
1305 1110 1558 1189 posset.
1628 1104 1794 1188 [80]
1840 1103 2136 1187 Corpore
2195 1104 2473 1168 traditur

289 1206 662 1283 maculoso,
691 1206 1017 1290 dispersis
1047 1227 1163 1291 per
1193 1213 1431 1290 pectus
1453 1215 1481 1257 9
1512 1215 1710 1290 atque
1739 1208 1961 1270 alvum
2006 1204 2316 1296 genitivis
2360 1223 2496 1270 no-‘

291 1307 401 1388 tiS‚
428 1308 502 1372 in
529 1307 799 1374 modum
828 1315 894 1374 et
942 1310 1230 1375 ordinem
1268 1329 1348 1375 ac
1397 1329 1736 1375 numerum
1782 1309 2123 1375 stellarum
2172 1308 2477 1375 coelestis

1205 1505 1571 1529 ‘moeno

289 1634 480 1684 retinet
501 1634 677 1683 Burin.
698 1633 982 1684 accedente
1004 1631 1160 1683 Wolf.
1195 1632 1374 1683 Habet
1391 1632 1533 1683 Cort.
1554 1632 1981 1695 capillumque.—6
2003 1630 2306 1680 Eductiorem
2327 1630 2480 1680 Huls.

289 1699 415 1748 Mox
434 1704 755 1762 statur-amque
779 1699 933 1749 Vind.
955 1703 1000 1747 1.
1023 1706 1076 1747 et
1094 1704 1321 1761 quantum
1344 1699 1456 1746 Pal.
1479 1702 1526 1747 1.
1549 1713 1640 1758 pro
1672 1713 1749 1761 qu.
1771 1700 2042 1745 tamem—⁷
2076 1697 2302 1745 Muretus
2318 1696 2481 1745 vind.

289 1770 334 1814 l.
378 1766 534 1814 Vilius
572 1765 830 1813 Marachus
866 1765 1024 1813 Fouc.
1058 1764 1191 1811 Tum
1216 1763 1268 1811 in
1309 1764 1500 1825 Vulgg.
1539 1763 1671 1812 Edd.
1708 1764 1761 1811 in
1790 1762 2059 1809 memoriam
2081 1762 2139 1821 qi.
2185 1760 2355 1809 Abest
2373 1762 2425 1810 iu
2449 1769 2483 1809 a‘

287 1829 499 1879 Merum.
522 1830 717 1881 Medic.
739 1834 786 1878 2.
807 1830 956 1879 Voss.
977 1830 1116 1877 Dun.
1143 1836 1197 1877 et
1230 1827 1346 1889 Cuj.
1371 1828 1506 1877 unde
1530 1827 1758 1876 faciebat
1779 1826 1944 1876 Gron.
1978 1826 2061 1874 lib.
2084 1825 2217 1874 Atioe
2238 1826 2289 1874 iu
2308 1840 2484 1873 memo-

287 1894 360 1942 ria
382 1896 443 1955 ei.
467 1894 610 1957 Lips.
633 1896 800 1943 Elect.
824 1908 862 1942 ι.
888 1898 968 1943 12.
992 1894 1216 1954 conjecit
1253 1892 1335 1941 zib.
1358 1897 1406 1942 et
1435 1908 1466 1941 α
1497 1892 1721 1941 memoria
1758 1890 1819 1951 ej.
1856 1905 2009 1954 quam
2046 1890 2479 1947 emendationem,

288 1973 400 2007 cum
426 1959 493 2009 ad
518 1974 657 2007 oram
681 1959 780 2009 Ed.
799 1959 1004 2022 Grypu.
1025 1962 1168 2007 1539.
1191 1957 1475 2006 invenisset
1494 1959 1787 2021 ascriptam,
1809 1955 2049 2018 probavit
2076 1954 2198 2002 Ern.
2224 1969 2479 2004 commen-

289 2023 482 2088 datque
510 2023 668 2073 Wolf.
717 2024 959 2072 Praetulit
984 2024 1209 2073 casaub.
1229 2037 1393 2083 suam,
1433 2022 1518 2071 lib.
1550 2021 1602 2071 iu
1638 2021 1859 2071 memoria
1886 2019 2002 2070 vitoe
2023 2020 2141 2080 ejus,
2164 2018 2478 2084 suffragante

288 2088 497 2138 Ruhnk.
531 2090 696 2138 Favet
718 2088 858 2138 Oud.
883 2088 1186 2150 Cannegiet.
1220 2088 1446 2149 conject.
1483 2088 1535 2135 in
1569 2087 1726 2136 Misc.
1751 2086 1885 2136 obs.
1911 2085 1975 2133 V.
2003 2098 2083 2133 vr.
2109 2091 2147 2134 t.
2177 2088 2222 2133 3.
2253 2085 2479 2147 legentis

283 2154 731 2213 sedjczmjnmemor
751 2154 811 2214 qi.
830 2154 914 2201 vel
939 2155 1109 2216 potius
1129 2154 1212 2201 sed
1234 2158 1281 2200 et
1301 2150 1646 2213 inmemorjum
1668 2152 1826 2213 (ζῇ-8
1863 2149 2016 2213 Legit
2040 2150 2257 2199 Casaub.
2284 2151 2479 2214 ‹equali-

286 2222 400 2268 tate.
451 2219 586 2267 Dein
619 2218 964 2283 conspiratione
995 2219 1113 2282 Cuj.
1149 2225 1205 2268 et
1239 2217 1362 2266 alius
1400 2218 1630 2282 Cop.—9
1668 2218 1848 2281 Corpus
1882 2214 2081 2267 Medic.
2106 2218 2155 2264 1.
2190 2229 2250 2265 ac
2270 2215 2484 2278 geuetiv.

1267 2397 1485 2449 No'rAE

351 2538 373 2563 ²
410 2529 594 2580 Nasum
625 2536 674 2581 et
704 2547 733 2581 a
766 2547 944 2582 summo
971 2532 1352 2589 eminentiorem,
1418 2532 1662 2592 memoria,
1703 2536 1762 2580 ut
1784 2530 1852 2580 sit
1872 2543 2074 2590 sensus,
2096 2516 2391 2578 Marathum
2420 2529 2481 2576 il-

289 2612 338 2656 et
357 2607 416 2656 ab
444 2608 538 2656 imo
565 2609 902 2674 deductiorem]
939 2610 1054 2659 Hoc
1074 2617 1156 2659 est
1180 2608 1346 2658 ferme
1423 2609 1529 2656 lum
1558 2606 1792 2671 Augusto
1824 2604 1981 2654 fuisse
2012 2619 2042 2652 a
2075 2603 2263 2653 libellis
2297 2617 2487 2652 memo-

291 2685 574 2748 aquilinum
596 2686 923 2747 Casaubono‚
940 2687 1038 2736 nisi
1059 2685 1195 2750 quod
1224 2692 1238 2714 ‘
1258 2685 1349 2734 de·
1425 2683 1659 2740 rialibus,
1682 2680 2112 2748 quemadmodum
2150 2680 2200 2727 in
2238 2678 2380 2729 Julio
2414 2679 2430 2706 ‘
2455 2693 2487 2727 a

291 2760 581 2810 ductiorem
599 2761 614 2782 ²
646 2763 1021 2825 interpretatur
1043 2760 1348 2821 λεπτὸν,1ιοο

292 2828 389 2894 est,
414 2844 603 2887 tenuem
619 2855 635 2887 .-
670 2853 772 2903 quo
794 2853 944 2887 sensu
969 2839 1101 2887 dixit
1125 2839 1349 2900 Pompo·

293 2915 406 2962 nius
423 2917 439 2942 ⁴
458 2929 636 2963 vocem
655 2913 954 2970 dedncere:
979 2915 1072 2964 hoc
1091 2922 1190 2978 est,
1206 2922 1351 2963 tenu-

290 3004 369 3038 em
384 2990 522 3038 illam
539 2991 602 3040 ad
621 2992 848 3040 mulieris
863 2991 1068 3041 modum
1083 2990 1349 3055 effingere,

292 3069 308 3094 ⁸
332 3079 511 3114 vocem
537 3065 765 3115 deducas
789 3074 1015 3131 oportet,
1034 3075 1093 3117 ut
1122 3068 1350 3117 mulieris

293 3141 572 3190 videantur
611 3141 802 3192 verba-³
867 3143 972 3192 Alii
1008 3144 1187 3194 volunt
1220 3151 1235 3173 ‘
1260 3144 1349 3193 de-

291 3216 583 3267 ductiorem
599 3218 613 3239 ³
638 3232 749 3266 esse
765 3219 1138 3283 depressiorem
1151 3236 1241 3270 seu
1261 3220 1349 3269 de-

289 3291 666 3354 missiorem‚ut
687 3294 1010 3344 eminentiori
1025 3303 1317 3359 opponatur
1334 3313 1350 3358 ς

292 3369 431 3432 quod
468 3369 513 3418 si
537 3369 909 3430 deductim-em,
946 3372 1042 3421 hoc
1083 3379 1165 3421 est
1198 3373 1352 3434 paulo

290 3444 549 3502 latiorem,
565 3447 629 3494 ab
645 3446 744 3494 ima
767 3454 914 3509 parte
931 3447 1265 3503 intellexeris,
1283 3447 1350 3496 si-

292 3521 461 3569 milior
493 3519 656 3571 fuetit
677 3522 922 3587 Augusti,
944 3523 1033 3588 qui
1055 3531 1351 3588 supersunt,

291 3597 532 3648 nummis.

354 3674 378 3707 ἰ
413 3674 663 3738 Aquilam,
703 3676 1066 3741 candidumque]
1110 3668 1350 3727 Priorem

290 3750 356 3800 ab
374 3766 506 3816 aqua
524 3752 716 3803 dictum
733 3754 806 3802 ait
824 3754 1172 3817 Festus‚quod
1204 3769 1351 3818 aquae

289 3829 454 3879 instar
475 3830 702 3880 incertus
725 3831 793 3881 sit
812 3837 866 3879 et
881 3830 1021 3895 quasi
1045 3830 1260 3888 medius,
1280 3832 1351 3879 al-

290 3907 414 3956 bum
457 3907 593 3956 inter
637 3915 694 3957 et
739 3909 952 3970 nigrum.
1016 3907 1157 3959 Quid
1198 3908 1239 3956 si
1285 3907 1355 3957 ab

290 3983 464 4048 aquila
489 3982 676 4032 feceris
710 3984 973 4049 aquilum?
1001 3998 1178 4033 eorum
1215 3985 1352 4034 colo·

294 4074 405 4110 rem
427 4075 528 4109 non
570 4062 702 4111 male
743 4060 957 4118 referet,
993 4075 1122 4126 quos
1163 4061 1352 4110 torruit

295 4138 417 4187 solis
441 4137 612 4197 ardor,
635 4146 691 4188 et
715 4154 840 4189 voce
876 4139 1156 4189 vernacula
1177 4137 1349 4188 busane

294 4213 628 4264 Casaubonus
651 4215 914 4279 indigitat.
1343 4207 1354 4229 ³

354 4287 380 4322 Β
424 4289 490 4338 In
528 4293 750 4341 memoria
793 4290 1109 4354 [memoriam]
1143 4289 1353 4354 Lipsius

295 4365 595 4420 Electorum
617 4382 656 4422 1.
679 4368 769 4421 lib.
801 4381 921 4434 cap.
943 4370 1032 4419 12.‘
1055 4365 1296 4420 emendat
1316 4379 1349 4417 a

1426 2757 1611 2807 manu'
1662 2773 1839 2807 servus
1886 2757 2055 2805 dictus
2098 2762 2176 2804 est
2220 2770 2267 2804 c.
2313 2758 2395 2804 74.
2431 2763 2488 2803 et

1423 2835 1440 2862 ⁴
1464 2833 1827 2884 amanuensis’
1875 2833 2007 2894 Aug.
2037 2836 2119 2881 67.
2153 2832 2168 2858 ‘
2189 2847 2217 2879 a
2258 2831 2449 2880 libellis
2473 2830 2489 2854 ⁹

1427 2909 1565 2959 infra
1582 2911 1805 2960 Ner.‹19.
1824 2909 1960 2973 quod
1978 2923 2075 2958 nec
2092 2908 2366 2957 Torrentio
2385 2908 2487 2957 ‹lis-

1429 2987 1592 3050 plicet
1615 3001 1783 3052 neque
1807 2984 2143 3036 casaubono:
2181 2984 2299 3032 huic
2315 2989 2487 3034 tamen

1430 3080 1523 3114 sua
1542 3064 1706 3130 magis
1746 3064 1940 3128 placet,
1974 3077 2128 3128 quam
2171 3061 2331 3125 Lipsii
2366 3075 2486 3110 con·

1418 3142 1649 3208 jectura,
1685 3141 1879 3206 legenti
1908 3141 1960 3190 in
1996 3139 2217 3189 memoria
2236 3138 2353 3187 ὀὔτω
2372 3138 2490 3200 qius,

1428 3227 1488 3269 ut
1511 3220 1830 3283 intelligatur
1847 3218 2115 3266 Marathus
2137 3215 2224 3264 ille
2242 3214 2488 3280 quosdam

1429 3297 1494 3346 de
1529 3297 1751 3361 Augusti
1790 3296 1893 3344 vita
1930 3294 2193 3358 scripsisse
2232 3307 2503 3359 commen·-

1435 3375 1614 3436 tarios,
1631 3390 1756 3439 quos
1779 3375 1860 3423 hic
1884 3380 2065 3422 auctor
2083 3372 2378 3421 memoriam
2398 3386 2488 3439 αρτ

1436 3450 1727 3512 pellaverit,
1774 3447 2201 3514 quemadmodum
2258 3454 2313 3496 et
2354 3445 2490 3496 infra

1433 3528 1617 3577 Claud.
1656 3543 1703 3578 c.
1736 3533 1783 3577 l.
1818 3535 1873 3577 et
1911 3527 2122 3576 Baebius
2144 3526 2324 3573 Macer
2348 3523 2487 3587 apud

1431 3605 1701 3656 Ser-Viam:
1737 3603 1891 3652 ‘Hoc
1930 3602 2087 3652 etiam
2128 3599 2398 3663 Augustus
2434 3598 2488 3648 in

1430 3682 1565 3730 libro
1619 3680 1845 3731 secundo
1897 3675 2157 3730 memorias
2201 3677 2322 3725 vitae
2366 3667 2487 3724 'suae

1432 3758 1733 3822 complexus
1756 3755 1871 3805 est?

1495 3843 1521 3870 e
1557 3836 1779 3898 Quinque
1795 3831 1988 3897 pedum]
2016 3832 2321 3881 Mensuram
2353 3842 2485 3878 sum-

1432 3927 1567 3962 mam
1601 3911 1928 3960 adolescendi
1962 3906 2249 3957 hominibus
2283 3911 2491 3968 septem

1434 3987 1627 4051 pedum
1650 4002 1764 4036 esse
1788 3985 1923 4034 dixit
1955 3983 2156 4034 Gellius
2192 3983 2278 4030 lib.
2310 3994 2401 4029 111.
2435 3984 2487 4031 c.'

1433 4068 1515 4112 10.
1539 4069 1722 4124 utpote
1748 4075 1895 4124 quam
1919 4074 2022 4110 nou
2060 4057 2344 4108 excessisse
2382 4062 2490 4113 trae

1432 4138 1565 4187 dunt
1587 4138 1890 4187 Herculem.
1937 4142 1940 4147 '

1494 4211 1519 4246 ‘¹
1551 4212 1846 4277 Dodrantis]
1884 4212 2000 4262 Hoc
2027 4216 2124 4270 est,
2146 4210 2300 4260 trium
2337 4206 2485 4271 pedis

1431 4288 1809 4353 quadrantium.
1874 4289 1957 4341 De
1977 4286 2231 4340 dodrante
2253 4284 2378 4353 quid
2401 4284 2490 4351 sit,

1427 4365 1610 4420 indul.
1630 4376 1679 4419 c,
1701 4369 1784 4420 83.
2301 4374 2304 4381 '
2403 4356 2411 4363 ’
2461 4364 2480 4375 “”
