3019 4922
981 447 1046 495 c.
1093 443 1455 495 sua'roNu
1504 443 1804 492 sumus.
2401 423 2489 489 2⁷

297 593 574 663 dimissa
619 588 994 675 Cossutia,⁴
1041 609 1220 674 quae,
1271 588 1527 654 familia
1575 589 1900 673 equestri,
1955 585 2073 652 sed
2133 583 2491 650 admodum

298 697 511 775 diveS,
569 698 980 780 praetextato
999 689 1021 727 f
1067 692 1470 776 desponsata
1526 691 1765 769 fuerat,
1813 689 2210 767 Corneliam,
2256 685 2489 752 Cinnae

298 805 542 885 quater
560 796 875 864 Consulis
903 796 1135 875 filiam,
1156 795 1352 863 duxit
1377 813 1684 874 uxorem,
1706 813 1796 859 ex
1823 813 1961 877 qua
1987 792 2091 857 illi
2120 810 2285 856 mox
2306 791 2349 856 J
2357 789 2496 855 ulia

295 909 443 969 nata
471 910 624 984 est3
667 920 887 985 neque
907 907 989 966 ut
1013 898 1427 984 repudiaret⁵
1450 896 1768 983 compelli
1787 917 1829 962 a
1852 897 2195 962 Dictatore
2215 903 2242 942 ⁸
2270 890 2498 978 Sylla»⁶

294 1005 429 1072 ullo
450 1005 665 1071 modo
682 1004 925 1091 potuit.
1010 1002 1238 1082 Quare
1260 1011 1331 1069 et
1352 1001 1755 1078 sacerdotio,
1785 1006 1854 1067 et
1880 1000 2108 1066 uxoris
2126 1007 2151 1049 ⁷
2195 994 2401 1076 dote,¹¹
2432 999 2498 1061 et

292 1109 660 1192 gentiliciis
678 1108 702 1147 ⁸
724 1105 742 1146 ³
769 1106 1276 1174 haereditatibus
1298 1106 1688 1184 mulctatus,
1727 1103 2133 1174 diversarum
2162 1100 2456 1188 partium
2472 1095 2499 1135 ¹‘

295 1210 711 1279 habebatur:
762 1219 843 1277 ut
891 1212 1095 1277 etiam
1139 1210 1539 1276 discedere⁹
1586 1229 1626 1274 e
1670 1207 1918 1289 medio,
1964 1215 2057 1285 et,
2110 1223 2499 1289 quanquam

296 1317 536 1380 morbo
581 1298 935 1400 quartanae
977 1322 1408 1397 aggravante,
1461 1333 1679 1399 prope
1730 1333 1854 1399 per
1903 1311 2197 1394 singulas
2256 1315 2497 1373 noctes

294 1429 709 1485 commutare
764 1420 1063 1485 latebras
1112 1425 1486 1504 cogeretur,
1541 1438 1750 1504 seque
1801 1419 1889 1482 ab
1944 1403 2500 1500 inquisitoribus¹

300 1523 601 1604 pecunia
623 1523 942 1589 redimere
961 1530 1051 1607 3¹⁰
1093 1522 1310 1590 donec
1347 1543 1473 1609 per
1500 1524 1787 1607 virgines
1815 1519 2200 1597 VestaleS,¹¹¹
2244 1532 2503 1600 perque

1488 1690 1516 1710 O
1519 1690 1578 1711 O&

306 1786 620 1837 minim—4
675 1786 902 1838 Consualia
939 1788 1128 1853 Copes.
1165 1790 1330 1841 Fouc.
1392 1789 1515 1839 Pin.
1555 1804 1673 1838 mox
1720 1804 1816 1853 pro
1859 1789 2156 1852 desponsata,
2208 1788 2397 1852 Copes.
2452 1792 2509 1837 et

302 1852 509 1901 viterb.
532 1850 917 1914 dispensatae—5
950 1854 1144 1919 Vulgg.
1168 1853 1304 1905 Edd.
1328 1868 1444 1904 cum
1469 1855 1646 1904 Periz.
1674 1855 1904 1905 Harlem.
1924 1853 2187 1910 exhibent,
2219 1859 2274 1903 ut
2291 1853 2510 1918 repudia·

303 1922 373 1966 ret
392 1917 555 1979 illum,
579 1917 670 1966 sed
695 1918 830 1967 illam
851 1918 998 1968 deest
1021 1920 1073 1969 in
1098 1920 1215 1970 Pal.
1239 1919 1424 1982 tribus,
1447 1920 1645 1969 Medic.
1666 1920 1859 1969 Vinob.
1887 1920 2031 1970 Cort.
2055 1925 2111 1983 et
2134 1919 2270 1970 Edd.
2293 1920 2511 1969 Rom.—

303 1984 334 2028 6
365 1980 573 2032 Nomen
599 1981 737 2047 Sylla
760 1998 966 2046 semper
990 2000 1086 2049 per
1105 2001 1144 2047 g·
1166 1985 1412 2035 scribitur
1434 1986 1486 2034 in
1509 1986 1727 2036 Memm.
1751 1985 1985 2050 aliisque,
2016 1998 2168 2047 quam
2198 1983 2511 2047 scripturam

306 2045 543 2097 defendit
584 2045 806 2098 Casaub.
847 2057 1026 2099 contra
1061 2051 1217 2114 Vulg.
1259 2051 1514 2102 Suum—7
1569 2052 1727 2100 Fouc.
1763 2065 1933 2110 uxore,
1966 2050 2219 2099 male.-8
2257 2046 2515 2098 Gentilicis

306 2111 460 2160 Saltu.
488 2111 680 2162 deinde
702 2119 930 2176 mutatus,
947 2129 1062 2178 'pro
1083 2117 1425 2165 multatus-*9
1446 2116 1739 2173 'Discederet
1772 2115 1946 2165 Periz.
1973 2114 2126 2164 Huls.
2150 2114 2342 2177 Copes.
2363 2111 2514 2161 Med.

309 2179 351 2225 1.
372 2177 608 2240 Guelpb.
631 2182 679 2226 2.
702 2186 917 2243 uterque
938 2181 1096 2229 Bern.
1121 2181 1258 2246 quod
1285 2180 1472 2244 probat
1493 2180 1609 2232 Jac.
1636 2180 1865 2230 Gronov.
1882 2178 1972 2228 sed
1993 2178 2118 2239 nihil
2142 2186 2310 2227 mutat
2331 2178 2512 2232 Burm-

309 2241 652 2303 probantibus
677 2241 818 2293 Oud.
851 2251 906 2293 et
945 2243 1101 2294 Wolf.
1138 2244 1537 2309 suffragantibus
1576 2246 1786 2294 Memm.
1824 2243 2023 2293 Medic.
2062 2244 2183 2307 duo,
2216 2242 2374 2292 vind.
2396 2247 2441 2290 l.
2464 2245 2514 2289 2.

309 2305 452 2357 Cort.
495 2306 619 2356 item
658 2307 895 2359 Harlem.
918 2309 1204 2359 Voss.—10
1235 2311 1321 2360 Sic
1348 2310 1496 2369 malit
1515 2308 1676 2360 Wolf.
1706 2315 1764 2358 et
1784 2310 2001 2369 Baumg.
2023 2308 2181 2373 Vulg.
2204 2307 2389 2366 secuti,
2420 2305 2514 2355 sed

310 2370 527 2422 Memm.
546 2372 751 2423 viterb.
775 2373 895 2424 Pal.
916 2381 1040 2439 tres,
1063 2374 1221 2426 vind.
1247 2380 1296 2427 1.
1331 2377 1453 2427 Pin.
1484 2376 1726 2426 Harlem.
1766 2388 1880 2424 eum
1904 2372 2040 2425 Edd.
2061 2373 2364 2440 quibusdam
2387 2369 2516 2420 redi-

1301 2486 1527 2560 no‘rAE
1581 2485 1588 2492 “

306 2583 355 2633 lo
376 2588 503 2647 post
520 2581 836 2633 auctoritate
849 2582 1009 2648 Syll-«n
1022 2591 1252 2635 remotus
1269 2590 1373 2650 est,

307 2658 380 2708 ita
402 2666 465 2709 ut
497 2660 671 2708 nullus
705 2658 769 2709 ab
804 2673 868 2709 eo
904 2668 1140 2724 tempore
1174 2660 1242 2711 ad
1266 2660 1372 2711 Au-

308 2735 443 2799 gusti
465 2735 622 2786 finem
645 2734 838 2786 flamen
869 2736 1035 2787 Dialis
1057 2735 1219 2788 fuerit
1234 2738 1374 2788 inau-

308 2820 539 2877 ‘uratum

376 2887 395 2922 ¹
438 2889 771 2955 Praetextato]
829 2888 1149 2947 Praetextam
1206 2890 1372 2941 adbuc

313 2970 534 3032 gerenti,
557 2968 880 3034 proindeque
897 2984 1059 3034 puero
1079 2986 1097 3032 ;
1131 2975 1217 3021 est
1236 2971 1371 3021 enim

312 3046 395 3095 illa
415 3046 580 3095 vestis
619 3059 894 3109 puerorum
928 3046 1282 3112 patriciorum,
1305 3048 1374 3098 ab

314 3134 374 3169 eo
396 3120 560 3182 dicta,
583 3121 716 3185 quod
740 3122 842 3186 ipsi
867 3137 1099 3187 purpura
1121 3130 1379 3186 praetexe·

318 3203 481 3261 retur,
519 3197 661 3264 unde
699 3205 756 3252 et
793 3198 996 3251 Graecia
1034 3192 1378 3265 πέριπόρφυροε

318 3276 599 3338 appellata.

379 3357 404 3393 t
434 3350 713 3413 metatore]
768 3350 917 3415 Sylla
953 3352 1149 3416 primus
1193 3352 1377 3406 Rome

323 3433 626 3489 perpetuam
668 3426 837 3477 induit
879 3427 1214 3494 dictaturam,
1259 3444 1378 3481 cum

322 3503 581 3553 semestris
605 3504 835 3553 antevix
857 3502 996 3554 foret
1016 3520 1081 3555 ea
1099 3506 1345 3571 dignitas.

378 3576 403 3612 ¹¹
432 3578 589 3642 Dete]
622 3579 831 3644 Potitus
862 3582 999 3630 enim
1022 3595 1194 3633 rerum
1217 3584 1379 3647 Sylla,

323 3667 420 3705 non
452 3656 713 3705 Corneliae
745 3662 968 3715 tantum,
991 3658 1085 3708 sed
1107 3665 1164 3710 et
1196 3659 1378 3710 Cinnae

325 3729 456 3781 bona
478 3731 783 3796 publicavit.
1174 3764 1183 3774 ·

378 3804 401 3843 ί
431 3808 733 3871 Gentiliciis]
768 3808 1191 3861 obvenientibus
1229 3812 1316 3861 vel
1351 3824 1383 3861 a

323 3895 476 3951 gente
500 3888 694 3949 uxoris,
713 3889 797 3938 vel
817 3904 979 3956 asna,
992 3884 1137 3941 Julia
1158 3890 1381 3953 scilicet,

325 3978 435 4029 qua·
456 3964 630 4015 Iulum
653 3964 827 4015 AEneae
853 3965 1017 4016 filium
1048 3966 1128 4015 sui
1159 3964 1382 4020 nominis

326 4053 585 4095 auctorem
611 4044 891 4096 asserebat.
936 4036 1223 4097 Gentilicia
1245 4046 1383 4096 enim

327 4135 388 4171 ea
429 4124 672 4173 dicuntur
710 4123 935 4187 nomina,
970 4137 1086 4187 quat
1131 4124 1383 4189 originem

334 4201 498 4262 gentis
524 4207 580 4250 et
601 4198 809 4250 familiae
833 4200 1119 4250 declarant.

393 4273 418 4308 ι
448 4275 759 4327 Βὶυονωηηι
782 4276 1021 4342 partium]
1049 4276 1205 4336 Anno
1226 4291 1258 4328 a
1280 4279 1384 4327 Ro·

337 4366 415 4403 ma
434 4353 641 4405 condita
661 4356 780 4403 666.
800 4358 924 4404 ante
947 4351 1210 4406 Christum
1233 4353 1387 4405 circi-

1451 2591 1537 2638 ter
1567 2590 1653 2637 88.
1688 2591 1744 2636 et
1778 2584 2203 2651 sequentibus,in
2240 2584 2369 2652 duas
2407 2581 2519 2634 fac-

1454 2662 1624 2713 tiones
1677 2662 2067 2727 potentissimas
2119 2661 2372 2712 distracta
2414 2658 2520 2708 fuit

1454 2739 1688 2789 Romana
1720 2736 2061 2801 Respublica,
2094 2736 2343 2787 nobilium
2380 2730 2519 2783 scili·

1452 2820 1545 2863 cet
1564 2820 1621 2862 et
1647 2813 1840 2878 plebis:
1877 2812 2081 2861 illorum
2100 2812 2245 2876 Sylla
2257 2811 2365 2861 dux
2388 2804 2524 2875 erat,

1453 2890 1606 2955 hujus
1635 2904 1761 2939 vero
1796 2889 2017 2948 Marius,
2047 2889 2395 2954 optimatium,
2424 2886 2522 2937 hoc

1454 2973 1555 3029 est,
1586 2967 1852 3030 nobilium,
1876 2966 2148 3030 potentiae,
2171 2965 2339 3031 quoad
2374 2964 2524 3027 vixit,

1452 3042 1709 3094 infestus:
1744 3043 1984 3095 maximis
2005 3052 2063 3096 et
2086 3043 2241 3094 rebus
2265 3049 2321 3093 et
2344 3056 2523 3091 mune-

1453 3120 1598 3172 ribus
1615 3120 1776 3184 gestis
1797 3128 2019 3184 uterque
2034 3119 2365 3170 clarissimus.
2398 3118 2523 3167 Sus-

1452 3204 1646 3262 pectus
1670 3204 1845 3247 autem
1863 3195 2035 3266 *syuae
2072 3196 2250 3247 Coesar
2269 3194 2396 3250 ideo.
2410 3191 2523 3243 fue·

1456 3281 1560 3338 rat,
1582 3274 1721 3339 quod
1754 3274 1928 3323 Mario
1962 3267 2220 3337 nupsisset
2242 3271 2388 3323 Julia
2409 3270 2523 3321 Ου-

1454 3350 1585 3402 saris
1608 3350 1786 3400 amita.
1813 3377 1820 3384 ·
2353 3343 2355 3346 ’

1525 3424 1538 3460 ¹
1571 3423 1967 3490 Inquisiton’bus]
2017 3423 2259 3475 Cornelio
2304 3434 2526 3487 praeser-

1458 3503 1552 3555 tim
1589 3502 1836 3565 Phagita,
1872 3501 1940 3550 de
1986 3515 2088 3565 quo
2120 3498 2256 3549 infra
2292 3513 2412 3562 cap.
2442 3499 2525 3548 74.

1458 3582 1597 3631 Nam
1623 3578 1978 3643 deprehensns
2016 3574 2083 3625 ab
2120 3575 2208 3625 illo
2230 3573 2431 3624 duobus
2467 3586 2535 3622 se‘

1458 3655 1675 3707 talentis
1709 3652 1975 3714 liberavit,
1998 3656 2213 3701 auctore
2240 3647 2525 3699 Plutarcho
2630 3645 2636 3652 ’

1460 3733 1517 3784 in
1539 3733 1766 3784 Caesare.

1524 3817 1563 3844 ¹¹²
1604 3806 1839 3872 Vestales]
1872 3806 2006 3856 Deae
2045 3802 2226 3853 vesto
2267 3806 2528 3867 perpetuo

1452 3886 1590 3953 ‘vigil
1620 3885 1754 3951 iguis
1775 3881 2074 3935 consecrari
2108 3879 2338 3942 solebatg
2374 3878 2526 3942 cujus

1463 3964 1713 4013 custodiae
1736 3975 1798 4011 ac
1833 3959 1998 4010 cultui
2020 3958 2242 4022 virgines
2266 3970 2296 4006 e
2321 3957 2527 4019 patrum

1454 4037 1780 4104 primoribus
1834 4036 2020 4086 electae
2071 4032 2525 4098 praeficiebanturt

1463 4114 1673 4185 quibus,
1706 4120 1768 4163 ut
1806 4127 1895 4163 eas
1928 4110 1995 4160 ad
2030 4108 2433 4161 consecrandam
2468 4108 2529 4156 li-

1463 4192 1673 4243 bentius
1708 4189 2062 4254 virginitatem
2095 4186 2374 4237 invitarent
2403 4182 2529 4246 (nec

1466 4271 1604 4321 enim
1643 4268 1743 4318 nisi
1771 4271 1852 4317 30.
1890 4270 2165 4329 postquam
2204 4267 2380 4323 captae
2416 4257 2529 4306 fue·

1466 4356 1588 4400 rant
1607 4345 1753 4398 annis
1774 4342 1969 4394 nubere
1990 4335 2278 4404 poterant),
2290 4334 2433 4385 varia
2454 4333 2531 4383 in-
