3019 4922
481 404 618 470 166

477 562 669 643 est,'⁸¹
714 564 876 627 alter
921 581 959 625 e
1000 559 1240 624 Cascis
1266 565 1341 594 ²*
1384 565 1733 622 aversum³
1786 557 2115 635 vulnerat,
2162 557 2438 640 paulum
2492 558 2669 624 infra.

467 667 789 753 jugulum.
877 664 1110 729 Caesar
1171 661 1410 727 Cascae
1467 661 1806 726 brachium
1867 668 2204 746 arreptum
2229 668 2262 708 4
2315 662 2596 745 graphio
2628 670 2670 697 Ψ

1329 418 1391 463 G·
1438 413 1795 463 SUBToNu

476 770 776 853 trajecit3
839 775 1259 849 conatusque
1312 767 1644 848 prosilire,
1689 765 1820 828 alio
1872 765 2134 830 vulnere
2186 765 2493 830 tardatus
2537 773 2677 829 est.·
2751 823 2766 839 ,

478 870 705 954 thue
736 870 1224 943 animadvertit,
1271 867 1557 952 undique
1601 887 1677 931 se
1722 867 1976 931 strictis
2002 867 2409 951 pugionibus
2433 877 2459 904 Χ
2501 871 2669 951 peti,

477 979 632 1055 toga
660 980 866 1055 caput
896 971 1231 1036 obvolvit:
1278 971 1473 1034 simul
1499 977 1521 1016 ⁵
1567 971 1831 1034 sinistra
1879 990 2074 1035 manu
2107 972 2324 1036 sinum
2347 981 2375 1017 s
2419 970 2504 1035 ad
2530 973 2667 1035 ima

1388 1171 1476 1189 m

473 1309 614 1366 gestu
645 1303 785 1354 eum!
832 1302 971 1353 Oud.
1034 1303 1304 1366 Apprendit
1340 1302 1616 1367 cujum-⁹2
1656 1304 1739 1353 Ita
1778 1303 2150 1354 emendandum
2191 1309 2485 1353 statuerunt
2522 1302 2664 1354 Oud.
2768 1335 2775 1342 ·

479 1369 633 1419 Wolf.
663 1371 879 1432 Baumg.
905 1378 964 1418 ut
985 1378 1041 1418 et
1067 1384 1186 1418 mox
1216 1370 1391 1417 Casca.
1460 1369 1635 1418 Primo
1655 1370 1770 1418 loco
1804 1370 2008 1432 legebat
2039 1369 2321 1419 Beroaldus
2342 1372 2465 1418 alter
2492 1370 2665 1425 Casca,

478 1451 593 1483 cum
640 1436 789 1484 codd.
829 1434 949 1483 trib.
985 1435 1131 1484 Torr.
1172 1434 1313 1483 Cort.
1347 1444 1402 1482 et
1438 1450 1503 1482 ex
1543 1433 1651 1498 ejus
1684 1437 1943 1483 sententia
1976 1435 2112 1483 Edd.
2148 1435 2276 1484 Bou.
2314 1432 2479 1495 Lugd.
2512 1434 2666 1485 Junt.

476 1499 595 1548 Ald.
618 1500 739 1550 Bas.
766 1500 966 1563 Gryph.
990 1498 1164 1562 steph.
1183 1508 1236 1548 et
1259 1498 1390 1548 aliae.
1458 1500 1673 1548 Praebet
1696 1501 1908 1550 Memm.
1933 1501 2020 1549 ult.
2049 1515 2075 1548 e
2102 1500 2302 1557 Cassiis,
2327 1498 2669 1562 probantibus

475 1565 708 1614 Turneb.
731 1564 867 1614 Adv.
892 1577 1057 1614 xxiv.
1085 1569 1161 1613 14.
1183 1565 1360 1614 Graev.
1382 1566 1562 1615 Burm.
1582 1565 1707 1613 alter
1732 1564 1923 1614 Cassius
1947 1566 2058 1614 Pal.
2083 1575 2189 1614 tres
2215 1580 2328 1614 cum
2358 1564 2488 1613 Edd.
2513 1564 2666 1613 Vett.

475 1638 596 1676 ante
622 1630 751 1677 Bou.
776 1629 909 1692 quod
936 1630 1109 1692 placet
1132 1630 1350 1679 Casatrb.
1387 1631 1543 1680 Grut.
1580 1639 1632 1677 et
1677 1630 1940 1679 Pulm.—3
1974 1631 2061 1679 Sic
2100 1631 2330 1692 reposuit
2357 1630 2578 1692 Baumg.
2600 1644 2666 1678 ex

476 1694 687 1742 Merum.
712 1695 897 1756 Copes.
916 1695 1096 1756 quibus
1118 1695 1368 1743 accedunt
1397 1695 1590 1743 Medic.
1609 1699 1659 1744 3.
1687 1697 1931 1744 Dunclm.
1953 1710 1981 1741 a
2001 1711 2066 1744 m.
2088 1710 2165 1758 pr.
2184 1697 2407 1744 adversus
2426 1695 2593 1743 Rhed.
2614 1697 2666 1742 2.

474 1760 721 1806 aduersum
743 1768 951 1807 servant
967 1774 1138 1807 omnes
1162 1760 1247 1808 alii
1273 1760 1627 1809 Editores.—-4
1661 1758 1919 1824 Abreptus
1951 1760 2083 1808 ΕΜ.
2111 1761 2231 1810 Bas.
2262 1760 2669 1823 capiamur.

474 1823 627 1873 Torr.
643 1829 829 1886 arrepto
854 1825 1039 1887 Copes.
1058 1825 1253 1873 Medic.
1273 1829 1379 1886 1.3‚.
1400 1826 1496 1874 Ed.
1515 1826 1696 1888 Steph.
1720 1835 1775 1873 et
1803 1827 1911 1874 l’al.
1938 1829 1981 1873 1.
2002 1830 2049 1874 2.
2074 1841 2104 1874 a
2127 1841 2193 1873 ιιι.
2215 1840 2319 1874 sec.
2340 1832 2524 1887 accepto
2548 1839 2579 1871 a
2599 1839 2669 1873 m.

476 1902 555 1950 pr.
571 1888 760 1950 abrepto
785 1889 1007 1937 Han-lem.
1031 1889 1199 1938 Periz.
1226 1890 1383 1938 vind.
1405 1897 1450 1940 l.
1477 1889 1652 1939 Ursiu·
1671 1889 1802 1939 Edd.
1823 1891 1958 1953 Ven.
1979 1898 2107 1945 tres,
2126 1891 2273 1940 Cald.
2297 1890 2512 1939 Mediol.
2533 1890 2665 1939 Bon.

476 1952 640 2014 Lugd.
659 1952 693 2003 J
699 1959 806 2003 unt.
823 1952 1037 2003 Alth—5
1061 1955 1224 2003 Deest
1240 1956 1380 2004 simul
1396 1955 1543 2004 Huls.
1558 1964 1611 2003 et
1627 1956 1897 2018 sequentia
1911 1960 1958 2004 et
1971 1955 2059 2016 inf.
2075 1971 2115 2006 c.
2127 1973 2175 2019 p.
2188 1972 2235 2004 v.
2257 1970 2349 2017 pro
2362 1954 2667 2017 glossemate

475 2017 631 2066 habet
653 2018 807 2067 Grut.
860 2018 922 2067 In
948 2019 1138 2080 Copes.
1161 2018 1411 2079 inferiori:
1446 2021 1674 2069 Harlem.
1694 2020 1862 2070 Periz.
1890 2021 2019 2070 Edd.
2052 2021 2187 2071 Ven.
2211 2019 2354 2069 Med.
2378 2021 2524 2072 eald.
2549 2019 2669 2078 infe·

388 2090 392 2094 ·
476 2082 637 2144 rior-is,
657 2082 851 2133 Medic.
865 2088 909 2132 1.
935 2082 1181 2144 inferioris
1193 2090 1350 2148 parte,
1371 2100 1622 2148 suprascr.
1643 2086 2034 2148 corporis,Viud.
2053 2091 2100 2137 1.
2119 2086 2257 2147 coris,
2279 2100 2371 2150 pro
2395 2086 2667 2148 scripturae

1464 2266 1676 2316 NOTAE

472 2395 694 2444 humeris
718 2395 1039 2457 demitteret,
1077 2398 1209 2461 quod
1235 2398 1432 2461 signum
1453 2400 1529 2449 in-

472 2472 692 2521 vadendi
716 2474 1015 2537 conspiratis
1039 2485 1171 2535 erat,
1202 2484 1259 2525 ut
1286 2477 1359 2526 ait
1394 2476 1527 2525 idem

475 2548 800 2608 Plutarchus,
835 2550 927 2598 bac
957 2550 1299 2601 verisimiliter
1321 2553 1387 2603 de
1409 2567 1531 2602 cau·

470 2639 549 2683 sa,
585 2631 641 2674 ut
676 2625 875 2674 fat-iiius
899 2617 1259 2678 cohiberentur
1282 2630 1389 2693 ejus
1413 2630 1530 2679 bra-

471 2701 605 2761 chia,
640 2703 857 2750 maxime
892 2703 953 2766 si,
987 2712 1042 2753 ut
1065 2704 1271 2768 quidam
1295 2716 1527 2770 censent,

471 2777 647 2825 clausa
667 2778 889 2840 undique
914 2787 1032 2843 toga
1057 2779 1210 2831 foret.

536 2861 560 2885 ¹¹
583 2854 689 2902 Ista
707 2856 890 2917 quidem
908 2857 979 2905 tis
999 2859 1096 2922 est]
1132 2860 1247 2910 Hoc
1271 2864 1527 2925 proverbii

470 2931 583 2980 loco
604 2941 920 2994 usurpatum,
938 2935 980 2982 si
1003 2938 1208 2998 quando
1233 2953 1527 3001 premeren-

473 3016 559 3055 tur
588 3010 795 3058 arctius.
865 3010 1084 3059 Plautus
1108 3013 1160 3061 in
1185 3014 1419 3076 Captivis
1444 3030 1529 3067 ιιι.

473 3088 524 3130 5.
560 3085 574 3110 ‘
607 3084 699 3131 Vis
737 3084 850 3134 haec
888 3085 1091 3148 quidem
1127 3089 1301 3139 hercle
1339 3103 1439 3155 est,
1473 3100 1529 3142 et

476 3159 630 3218 trahi,
665 3167 719 3208 et
744 3162 881 3210 trudi
906 3162 1092 3212 simul.’

481 3234 484 3235 ⁷
536 3244 560 3267 v
593 3237 733 3286 Alter
773 3239 937 3288 Cascis
975 3240 1221 3303 [Cassius]
1275 3244 1420 3294 Torr.
1461 3259 1526 3292 ex

473 3312 638 3362 tribus
695 3315 817 3364 Mss.
861 3322 917 3365 et
962 3316 1241 3368 Plutarcho
1285 3323 1528 3371 emendat

476 3389 642 3451 Casca,
689 3390 821 3454 quod
869 3393 1200 3442 Serviliorum
1231 3409 1527 3459 'cognomen

411 3522 416 3525 ,
471 3473 570 3528 est,
606 3465 741 3515 uude
773 3468 936 3518 Bruto
961 3479 1193 3519 materna
1218 3473 1383 3535 stirpe
1408 3488 1526 3522 con-

460 3541 672 3604 junctos
684 3543 896 3607 Cascae,
909 3546 1273 3598 verosimiliter
1285 3550 1528 3612 colligere

468 3628 576 3680 est3
599 3619 692 3668 sed
713 3620 1025 3672 Pulmaunus
1040 3633 1093 3673 et
1109 3626 1439 3677 casaubonus
1458 3645 1527 3678 ex

467 3695 731 3745 veteribus
756 3698 1067 3748 membranis
1091 3708 1269 3751 contra
1297 3704 1527 3766 vulgatas

468 3769 720 3821 editiones
761 3776 1130 3826 restituerunt:
1193 3780 1275 3827 cui
1323 3781 1529 3831 aceedit

467 3845 642 3909 etiam,
675 3849 809 3912 quod
851 3851 975 3900 licet
1013 3853 1114 3902 duo
1150 3854 1347 3918 Cascae,
1381 3867 1438 3906 ut
1472 3865 1528 3908 et

468 3922 636 3970 Cassii
654 3925 773 3979 duo,
790 3928 1193 3994 conjuraverint,
1209 3946 1337 3981 unius
1356 3942 1526 3984 tamen

468 3997 630 4046 Casca
654 4005 777 4049 tunc
804 4005 1058 4054 exularet.

495 4076 500 4081 ’
531 4080 563 4105 ⁸*
587 4078 844 4137 arreptum
861 4079 1088 4143 graphio]
1117 4082 1449 4134 casaubonus
1472 4086 1526 4134 in

467 4149 596 4201 Mss.
638 4152 935 4216 quibusdam
981 4157 1110 4218 legit
1144 4165 1349 4222 arrepto.
1420 4161 1525 4211 Sed

470 4228 809 4277 verosimilius
833 4239 913 4280 est
941 4241 1203 4293 arreptum
1241 4235 1523 4288 brachium.

469 4298 754 4365 Graphium
779 4306 941 4368 stylus
966 4306 1168 4369 quidam
1206 4308 1403 4361 ferreus
1429 4322 1527 4376 est,

1610 2399 1676 2449 ab
1725 2392 1823 2449 una
1866 2410 2011 2465 parte
2051 2409 2346 2466 peracutus,
2393 2400 2457 2449 ab
2503 2400 2666 2450 altera

1612 2480 1813 2543 planus,
1848 2480 1936 2531 illa
1969 2495 2071 2543 qua
2104 2479 2283 2529 literas
2319 2470 2523 2528 iu'cera
2545 2493 2668 2528 exa·

1612 2564 1803 2618 rarent‚
1837 2556 1932 2606 bac
1966 2572 2066 2620 qua
2100 2556 2324 2609 delenda
2347 2556 2668 2619 inducerent,

1611 2646 1882 2696 ceramque
1915 2648 2086 2682 rursus
2120 2633 2542 2696 complanarent:
2579 2647 2667 2681 un·

1611 2709 1695 2770 de,
1715 2712 1729 2736 ‘
1751 2712 1940 2774 stylum
1960 2720 2159 2762 vertere
2174 2710 2189 2732 ’
2212 2711 2350 2774 apud
2375 2710 2667 2766 Horatium,

1529 2809 1532 2812 ⁴
1613 2801 1705 2850 pro
1746 2787 1955 2836 delere:
2004 2788 2078 2837 his
2124 2794 2294 2836 autem
2334 2802 2473 2850 saepe
2519 2788 2666 2836 abusi

1609 2871 1728 2914 suut
1758 2863 1821 2912 ad
1858 2862 2073 2920 caedem,
2106 2871 2162 2913 ut
2196 2877 2261 2911 ex
2298 2863 2579 2912 Plutarcho
2614 2864 2665 2912 in

1612 2939 1863 2989 Gracchis
1897 2947 2121 2990 constat.
2189 2940 2524 3004 Quapropter
2546 2955 2666 2989 cau-

1612 3024 1718 3065 tum
1761 3015 2035 3080 aliquando
2075 3013 2194 3077 fuit,
2238 3028 2303 3062 ne
2340 3013 2513 3063 ferrea
2550 3029 2665 3079 gra-

1608 3092 1730 3156 phia
1772 3093 2041 3156 quisquam
2097 3090 2332 3148 haberet,
2386 3092 2478 3141 sed
2521 3106 2665 3152 ossea

1611 3176 1830 3218 tantum.

1672 3253 1698 3279 ⁸
1736 3244 2054 3307 Fugientibus]
2102 3245 2244 3297 Quos
2280 3245 2427 3308 (quia
2470 3243 2662 3296 ferrum

1610 3336 1789 3384 gerere
1813 3320 2191 3383 vetitum·erat)
2228 3323 2279 3371 in
2313 3323 2511 3371 scriniis
2540 3325 2664 3385 suis,

1609 3399 1896 3457 libellorum
1938 3402 2068 3457 loco,
2106 3398 2415 3449 deferendos
2454 3415 2666 3450 curave·

1612 3484 1745 3525 rant.
2119 3475 2131 3486 ’

1674 3560 1694 3595 5
1717 3552 1910 3615 Sinum]
1925 3553 2095 3615 ‘Togae
2121 3553 2259 3601 sinus
2281 3552 2363 3601 hic
2383 3551 2507 3601 nibil
2525 3553 2664 3601 alind

1610 3638 1708 3690 est,
1744 3643 1894 3692 quam
1920 3629 2018 3677 ima
2041 3629 2153 3692 ejus
2181 3644 2316 3691 pars,
2350 3629 2538 3678 dextro·
2560 3631 2667 3679 col-

1607 3706 1742 3754 lecta
1787 3705 2016 3769 brachio,
2057 3706 2131 3754 ita
2170 3713 2225 3754 ut
2272 3706 2444 3754 tunica
2483 3707 2664 3756 subtus

1608 3789 1916 3845 appareret:
1955 3783 2104 3843 hanc,
2138 3783 2381 3833 obvoluto
2405 3785 2546 3847 prius
2584 3799 2665 3832 ra-

1608 3858 1736 3921 pite,
1758 3858 1976 3906 deduxit
2000 3859 2063 3907 ad
2089 3859 2215 3907 imas
2241 3866 2435 3921 partes,
2451 3874 2516 3908 ne
2542 3860 2663 3922 quid

1609 3935 1882 3983 inhoneste*
1901 3934 2198 3986 nudaretur.
2266 3935 2415 3987 Quod
2438 3937 2574 3986 enim
2600 3952 2664 3987 ex

1609 4009 1949 4071 Quintiliano,
1995 4010 2240 4073 Apuleio,
2288 4013 2386 4061 ὅτε.
2433 4011 2663 4075 colligas,

1607 4087 1748 4135 sinus
1789 4095 1923 4149 togae
1963 4086 2090 4136 duos
2127 4086 2304 4149 fuisse,
2337 4102 2532 4151 eosque
2563 4102 2662 4136 non

1608 4170 1855 4225 attentos,
1889 4163 1980 4212 sed
2018 4172 2245 4214 assutos:
2284 4180 2495 4229 quorum
2534 4166 2664 4214 alter

1606 4241 1860 4303 superior,
1879 4255 1908 4289 a
1926 4239 2113 4290 dextro
2133 4240 2297 4290 latere
2315 4241 2380 4289 ad
2400 4241 2661 4290 sinistrum

1606 4317 1889 4375 luuuerum,
1930 4322 2172 4383 tanquam
2220 4318 2421 4367 balteus
2460 4318 2663 4382 oblique
