3019 4922
553 426 683 493 278

553 594 749 658 finem
780 591 941 656 fecit
969 590 1131 655 talia
1159 589 1420 666 edendi,
1454 589 1694 655 Asinio
1744 589 2055 655 Pollione
2075 598 2102 636 s
2144 593 2401 655 oratore
2453 592 2742 672 graviter

553 700 1016 781 invidiosaque
1036 696 1104 757 iu
1126 691 1328 757 Curia
1354 700 1590 776 questo
1618 694 1958 758 AEsernini
1975 700 2026 730 ¹0
2054 694 2317 776 nepotis
2346 693 2453 757 sui
2480 699 2737 770 casum,

555 806 670 889 qui
698 811 769 867 et
798 803 944 885 ipse
974 818 1125 864 crus
1154 796 1484 878 fregerat.¹
1574 796 1688 861 Ad
1736 798 2045 862 scenicas
2082 816 2353 881 quoque
2381 801 2450 862 et
2480 795 2741 878 gladia-

555 908 762 971 torias
811 920 1051 987 operas
1094 900 1337 963 etiam²
1391 897 1748 981 Equitibus
1799 898 2121 964 Romanis
2167 899 2527 982 aliquando
2571 919 2740 987 usus

557 1014 748 1087 est33
797 1023 1017 1070 verum
1065 1001 1275 1085 prius,
1324 1020 1523 1083 quam
1573 1001 2176 1065 senatusconsulto
2217 1001 2743 1067 interdiceretur.

559 1111 808 1175 Postea
850 1105 1013 1171 nihil
1057 1123 1246 1180 sane,
1294 1108 1734 1186 praeterquam
1764 1103 2331 1167 adolescentulum
2364 1103 2746 1183 Lucium,4²

511 1263 513 1266 .
556 1214 832 1278 honeste
864 1215 1116 1283 natum,
1148 1204 1491 1285 exhibuit3
1539 1213 1794 1270 tantum
1823 1215 1893 1270 ut
1924 1205 2326 1284 ostenderet,
2371 1207 2550 1290 quod
2600 1211 2743 1272 erat

550 1313 854 1398 bipedali
896 1311 1132 1386 minor,
1177 1309 1487 1372 librarum
1524 1309 2026 1391 septemdecim,
2048 1329 2128 1373 ac
2160 1310 2347 1374 vocis
2376 1311 2740 1377 immensae.

558 1416 864 1495 Quodam
895 1416 1108 1476 autem
1137 1410 1426 1474 muneris
1456 1410 1567 1473 die
1608 1410 2011 1474 Parthorum
2057 1411 2355 1487 obsideS,
2403 1401 2561 1477 tunc
2609 1417 2742 1498 pri-

556 1539 734 1583 mum
759 1518 1029 1593 missoS,
1053 1533 1175 1597 per
1195 1513 1482 1579 mediam
1507 1533 1770 1578 arenam
1793 1521 1814 1580 ⁵.
1844 1514 1931 1577 ad
1960 1514 2420 1597 spectaculum
2449 1516 2741 1593 induxit,

1402 445 1466 495 0.
1513 445 1871 494 sun'roNu

1469 1697 1827 1719 OOOOOOOOOO

556 1846 703 1897 Vett.
731 1847 843 1897 rell.
867 1845 928 1894 ad
956 1845 1077 1894 Bas.
1096 1860 1273 1910 usque.
1307 1843 1445 1894 Dein
1469 1845 1566 1894 alia
1589 1853 1682 1907 pro
1706 1840 1833 1893 talia'
1844 1844 1991 1893 Voss.
2016 1845 2262 1908 an.—1o
2286 1844 2512 1893 Asernim'
2530 1844 2743 1894 Momm.

554 1913 751 1962 Medic.
787 1920 892 1960 tres
925 1910 1080 1959 Vind.
1110 1916 1160 1960 2.
1196 1910 1292 1958 Ed.
1322 1911 1501 1972 Camp.
1553 1909 1800 1958 Assernini
1833 1910 2063 1959 Harlem.
2102 1910 2267 1958 Periz.
2306 1908 2437 1959 Edd.
2465 1910 2597 1959 Ven.
2619 1914 2668 1959 2.
2693 1914 2741 1959 3.

553 1978 701 2029 Junt.
724 1975 888 2039 Lugd.
911 1975 1111 2039 Gryph.
1147 1975 1267 2024 Bas.
1313 1974 1563 2023 Anser-vini
1585 1975 1720 2024 Ven.
1748 1978 1794 2025 1.
1849 1974 2097 2024 Esset-nini
2132 1975 2263 2023 Bon.
2297 1974 2418 2024 Bas.
2453 1981 2590 2037 post.
2626 1974 2745 2024 Ald.

553 2042 734 2105 steph.
758 2042 926 2089 Plant.
950 2041 1180 2105 aliaeque.
1248 2039 1308 2087 In
1334 2038 1488 2089 vind.
1508 2042 1555 2089 1.
1577 2038 1916 2091 Salamina—l
1944 2040 2028 2088 lta
2047 2039 2357 2102 rescripsere
2381 2040 2504 2087 Eru.
2527 2047 2584 2088 et
2600 2040 2741 2089 Oud.

516 2115 521 2121 ’
548 2107 657 2155 ‘fide
682 2106 892 2156 Memm.
911 2104 1103 2155 Medic.
1128 2108 1174 2152 1.
1194 2108 1243 2153 3.
1266 2104 1425 2154 Vind.
1450 2109 1499 2153 2.
1526 2105 1653 2166 Cop.
1675 2115 1728 2152 et
1746 2104 2050 2167 quibusdam
2076 2104 2295 2154 Casaub.
2320 2119 2413 2167 pro
2439 2105 2575 2167 vulg.
2598 2104 2741 2167 effre·

550 2173 805 2232 geram—2
836 2171 901 2218 Et
926 2171 1014 2233 Eq.
1036 2171 1250 2219 Memn».
1271 2170 1410 2219 Duu.
1437 2169 1625 2217 Medic.
1650 2173 1698 2217 2.
1716 2173 1764 2218 3.
1787 2171 1940 2219 vind.
1962 2177 2182 2233 uterque
2208 2170 2353 2219 Cort.
2370 2176 2425 2217 et
2443 2170 2574 2218 Edd.
2594 2170 2743 2219 Vett-

559 2235 822 2284 Omittunt
847 2236 1148 2295 particulam
1173 2234 1303 2297 Cop.
1329 2235 1486 2283 Fouc.
1512 2233 1744 2282 Harlem.
1766 2242 1821 2284 et
1844 2234 2039 2284 Medic.
2066 2239 2209 2285 1.—3
2251 2234 2389 2283 Visus
2410 2240 2479 2283 est
2504 2234 2740 2285 Harlem.

555 2298 655 2349 Ed.
681 2300 816 2348 Ven.
843 2303 888 2349 l.
920 2305 992 2348 est
1020 2300 1194 2347 exulat
1219 2313 1250 2347 a
1275 2298 1500 2363 Cop.—4
1536 2298 1729 2361 Lyeium
1762 2300 1864 2347 duo
1895 2300 2047 2349 Torr.
2073 2299 2225 2349 codd.
2252 2300 2378 2348 alius
2401 2298 2630 2358 Licitani,
2651 2299 2745 2348 sed

554 2365 779 2425 optimus
799 2364 983 2413 Litium
1005 2378 1119 2412 cum
1143 2362 1338 2412 Medic.
1359 2369 1403 2414 l.
1423 2368 1473 2412 2.
1498 2363 1726 2413 Harlem.
1746 2363 1878 2413 Edd.
1897 2366 2028 2414 Ven.
2050 2368 2095 2412 1.
2118 2364 2260 2413 Med.
2280 2364 2427 2414 Cald.
2447 2364 2583 2412 unde
2596 2364 2747 2414 Torr.

553 2429 874 2478 scribendum
916 2436 1093 2479 censet
1124 2428 1185 2477 L.
1210 2428 1373 2485 Itium,
1408 2428 1489 2478 cui
1529 2428 1871 2490 astipulantur
1904 2429 2278 2489 Bronkhusius,
2313 2430 2490 2480 Burm.
2515 2428 2659 2480 Oud.
2691 2437 2747 2479 et

553 2492 711 2543 Wolf·
741 2495 931 2543 Licium
955 2496 1036 2543 vel
1058 2493 1256 2558 Lycium
1280 2494 1471 2542 habent
1493 2495 1705 2542 Memm.
1730 2495 1886 2544 Fouc.
1913 2496 2127 2556 Longol.
2152 2495 2344 2546 Medic.
2374 2499 2425 2545 3.
2463 2494 2580 2544 Pal.
2618 2500 2667 2544 1.
2696 2501 2744 2545 2.

546 2559 706 2623 'idque
731 2561 1068 2622 comprobant
1093 2559 1313 2607 Casaub.
1340 2566 1391 2607 et
1413 2559 1465 2610 J.
1492 2558 1738 2607 Cruceus.
1777 2559 1974 2609 Lucium
1997 2559 2149 2608 vind.
2174 2565 2220 2608 2.
2246 2559 2379 2608 Edd.
2404 2559 2552 2609 Rom.
2576 2560 2745 2622 Lugd.

544 2624 698 2675 dunt.
734 2625 956 2674 Hirtium
974 2624 1175 2674 Viterb.
1195 2631 1251 2673 et
1274 2624 1482 2672 Hir-cum
1503 2630 1586 2672 est
1608 2626 1892 2688 ascriptum
1919 2640 2021 2674 orae
2046 2625 2160 2674 Pal.
2188 2631 2231 2673 1.
2265 2624 2385 2674 Alio
2403 2625 2515 2674 ord.
2538 2624 2601 2674 L.
2621 2627 2747 2674 adol.

555 2689 778 2753 Guelph.
802 2693 940 2738 1.-5
978 2691 1146 2752 Vulgo
1160 2702 1248 2751 per
1267 2704 1339 2738 ar.
1363 2690 1484 2737 med.
1539 2689 1766 2738 Mutavit
1790 2689 1902 2738 ord.
1928 2690 2068 2740 Oud.
2092 2705 2120 2739 e
2145 2690 2294 2739 codd.
2320 2691 2444 2740 suis.
2496 2690 2560 2739 In
2586 2690 2745 2740 Fouc.

546 2754 673 2804 Pin.
693 2769 778 2817 per
797 2770 859 2806 m.
881 2771 931 2805 α.
951 2757 1013 2804 ad
1034 2756 1365 2819 spectandum;
1389 2762 1444 2804 et
1465 2754 1608 2805 duxit
1625 2755 1843 2805 Vind.2.
1869 2755 2005 2805 Dein
2027 2770 2170 2820 supra
2193 2754 2320 2804 alios
2341 2757 2516 2819 legere
2547 2756 2747 2805 notavit

1547 2932 1759 2986 Nom-2

616 3056 638 3090 r
673 3045 844 3095 Asinio
887 3048 1127 3111 Pollione]
1189 3050 1275 3098 De
1318 3047 1417 3098 hoc
1456 3064 1613 3113 supra
1693 3065 1901 3100 nummo
1925 3053 2103 3114 veteri,
2125 3052 2174 3101 iu
2197 3064 2298 3117 quo
2333 3051 2575 3101 videntur
2608 3040 2753 3118 equi·

552 3138 669 3186 cap.
693 3127 775 3173 29.
817 3124 871 3172 in
910 3125 1054 3175 Julio
1086 3140 1204 3189 cap.
1227 3129 1308 3176 30.
1349 3133 1405 3174 et
1439 3132 1521 3177 65.
1554 3133 1611 3178 ut
1694 3134 1775 3176 tes
1797 3128 1899 3176 duo
1919 3144 2035 3178 cum
2060 3130 2302 3194 ascriptis
2326 3131 2383 3179 L.
2408 3129 2529 3179 11¹1.
2555 3137 2610 3179 et
2634 3145 2748 3193 pro·

553 3207 811 3249 oratorem
855 3215 1058 3264 quoque
1094 3201 1273 3250 laudat
1322 3203 1607 3253 Horatius:
1692 3202 1784 3253 bat
1816 3218 1882 3252 ex
1929 3205 2150 3255 Horatio
2196 3205 2315 3257 Ode
2347 3211 2429 3257 29.
2469 3207 2561 3257 lib.
2608 3222 2647 3256 ι.
2680 3207 2744 3256 ad

551 3275 796 3338 ‘Insigne
830 3276 1025 3324 moestis
1062 3278 1356 3340 praesidium
1388 3279 1507 3336 reis,
1541 3282 1609 3330 Et
1690 3279 1887 3329 Itium:
1955 3281 1970 3308 ‘
1993 3282 2088 3343 Iti,
2125 3282 2288 3332 beatis
2336 3296 2471 3332 nunc
2516 3282 2747 3333 Arabum

550 3352 836 3402 consulenti
873 3352 1040 3401 Pollio
1073 3353 1264 3404 curiae.’
1331 3356 1401 3404 Et
1424 3356 1609 3407 Claud.
1688 3356 1886 3406 invides
1932 3357 2122 3420 Gazisf
2162 3362 2263 3411 διο.
2343 3361 2413 3409 Et
2473 3359 2627 3422 epist.
2670 3362 2749 3408 11.

552 3443 670 3491 cap.
695 3432 777 3477 41.
813 3427 877 3475 de
897 3427 1052 3477 Gallo
1081 3430 1191 3491 ejus
1224 3429 1351 3492 filio,
1384 3431 1482 3480 boc
1518 3433 1607 3483 lib.

548 3503 644 3554 inf.
686 3519 732 3555 c.
767 3508 851 3554 66.
920 3503 1214 3554 AEserniuus
1259 3507 1364 3572 ille,
1407 3508 1473 3558 de
1507 3523 1609 3574 quo

549 3581 633 3630 liic
648 3595 816 3630 sermo
835 3588 933 3644 est,
957 3581 1211 3630 Pollionis
1238 3597 1398 3648 nepos
1417 3583 1520 3634 fuit
1542 3600 1607 3634 ex

547 3654 672 3712 filia,
693 3656 806 3721 quae
838 3657 919 3705 Cl.
943 3656 1193 3706 Marcello
1212 3659 1497 3722 AEsernino,
1517 3675 1604 3709 au-

549 3745 615 3781 no
651 3731 719 3782 U.
764 3732 820 3781 C.
845 3736 958 3782 733.
997 3734 1194 3782 consuli
1235 3743 1500 3797 nupserat,
1545 3743 1605 3786 ut

548 3807 771 3858 oratoris
802 3822 1006 3873 quoque
1040 3807 1390 3858 facundissimi
1430 3812 1606 3861 memi-

538 3886 627 3933 nit
663 3887 858 3934 Seneca
883 3885 975 3934 lib.
1012 3899 1090 3935 iv.
1123 3886 1456 3938 Controvers.
1478 3904 1607 3953 prae-

548 3960 767 4022 satione,
791 3968 847 4010 et
879 3961 1049 4010 Tacit.
1075 3959 1262 4012 Annal.
1289 3977 1375 4013 ιιι.

612 4044 632 4068 ²
663 4037 882 4101 Lucium]
913 4038 1084 4100 Super
1108 4038 1257 4102 hujus
1283 4040 1486 4090 nomine
1520 4056 1606 4091 va-

538 4111 685 4167 ¹riaut
721 4115 946 4176 codices,
983 4114 1224 4178 Hirtium,
1262 4116 1496 4179 Licitum,
1520 4121 1605 4168 Li·

547 4189 668 4238 tium
708 4188 999 4239 habentes:
1057 4205 1123 4239 ex
1166 4200 1429 4254 postremo
1473 4195 1603 4245 facit

547 4264 859 4313 Torrentius
900 4265 961 4312 L.
1000 4267 1162 4317 Itium.
1228 4269 1441 4319 Itiorum
1466 4273 1599 4321 enim

546 4339 738 4390 familia
781 4340 1013 4391 Romana
1051 4350 1149 4406 est,
1198 4351 1254 4393 ut
1305 4342 1489 4410 probat
1535 4365 1601 4398 ex

1688 3432 1779 3482 lib.
1816 3446 1854 3481 ι.
1906 3434 1922 3462 ‘
1946 3434 2223 3484 Fructibus
2264 3435 2509 3498 Agrippae
2553 3435 2745 3485 Siculis

1687 3524 1813 3574 quos
1869 3511 2067 3575 colligis
2118 3511 2226 3560 Iti.'
2313 3512 2415 3560 Sed
2470 3512 2747 3577 utrobique

1689 3586 1911 3647 vulgatae
1931 3586 2183 3634 editiones
2202 3586 2436 3636 scribunt
2457 3587 2572 3649 leci,
2588 3603 2747 3652 quan·

1690 3677 1841 3729 quam
1863 3670 1918 3712 et
1953 3662 2160 3713 codices
2185 3663 2389 3727 quidam
2413 3663 2486 3712 Iti
2507 3664 2749 3712 habeant.

1691 3740 1846 3789 Hunc
1881 3739 2039 3803 igitur
2083 3740 2386 3803 gracilitatis
2419 3739 2535 3802 ipsa
2578 3740 2746 3790 brevi-

1689 3824 1797 3865 tate
1837 3816 2235 3866 admirabilioris
2273 3814 2430 3866 fuisse
2472 3831 2744 3866 necessum

1687 3901 1787 3952 est,
1816 3908 1951 3957 cum,
1981 3893 2231 3959 bipedalis
2256 3896 2399 3959 licet,
2424 3896 2645 3945 alterum
2671 3903 2745 3945 ta-

1686 3983 1803 4019 men
1824 3969 1985 4019 ferme
2007 3979 2205 4020 tantum
2231 3972 2458 4035 pendere
2481 3972 2746 4031 debuerit,

1689 4052 1895 4094 servata
1916 4061 2031 4097 cuin
2069 4047 2275 4111 reliquis
2303 4047 2591 4097 bominibus
2628 4063 2745 4111 pro·

1671 4121 1947 4184 -portione3
1969 4122 2192 4185 vulgaris
2212 4125 2407 4188 quippe
2426 4130 2627 4173 statura
2653 4139 2744 4173 sex

1686 4197 1895 4246 circiter
1919 4199 2124 4261 pedum,
2156 4200 2355 4263 pondus
2389 4207 2603 4250 centum
2646 4201 2743 4249 cir·

1682 4274 1812 4322 citer
1834 4274 2097 4330 librarum,
2122 4275 2166 4323 si
2206 4275 2444 4324 Plautum
2487 4276 2669 4325 audias
2694 4277 2742 4324 iu

1637 4359 1644 4364 ·
1674 4349 1916 4399 Asinaria
1942 4350 2061 4402 Act.
2086 4365 2147 4402 ιι.
2168 4352 2255 4402 Sc.
2280 4357 2329 4401 2.
2365 4367 2442 4402 vs.
2469 4357 2556 4404 35.
2590 4354 2606 4382 ‘
2636 4354 2743 4404 Nu·
