3019 4922
533 382 660 448 158

537 545 664 608 sim
694 548 893 607 antea
944 541 1193 619 habita,
1235 545 1302 605 et
1354 560 1507 623 quae
1555 559 1737 623 saepe
1780 538 1918 602 bini
1970 538 2217 603 ternive
2269 546 2603 623 ceperant,
2653 542 2722 606 in

535 667 735 710 unum
762 665 991 709 omnes
1023 644 1468 709 contulerunt:
1514 663 1597 707 ne
1628 643 1885 726 populo
1915 641 2179 726 quidem
2220 637 2364 727 jam
2407 646 2724 726 praesenti

535 756 717 813 statu
743 750 925 825 laeto,
955 747 1072 811 sed
1107 748 1275 812 clam
1307 747 1656 830 palamque
1687 746 2089 811 detrectante
2108 754 2133 795 ⁷
2179 747 2719 822 dominationem,

536 859 733 935 atque
758 857 1165 914 assertoresv
1212 847 1569 930 flagitante.
1660 846 2032 931 Peregrinis
2062 849 2132 913 in
2166 850 2485 914 Senatum
2518 850 2721 915 allec-

533 954 622 1018 tis
649 961 686 987 W
729 953 995 1017 libellus
1025 952 1413 1035 propositus
1445 958 1591 1015 est:
1612 959 1638 986 ¹
1684 951 1986 1015 ‘Bonum
2017 952 2268 1017 factum
2289 971 2306 1016 ε
2327 951 2351 989 ⁸
2376 961 2404 998 Υ
2447 973 2530 1016 ne
2560 953 2714 1036 quis

534 1056 839 1120 Senatori
867 1074 1044 1120 novo
1075 1053 1339 1119 Curiam
1373 1059 1735 1119 monstrare
1766 1055 1926 1119 velit
1944 1053 1984 1119 τ’
2029 1061 2096 1119 et
2125 1055 2246 1120 illa
2284 1056 2482 1138 vulgo
2527 1075 2724 1122 cane·

532 1159 794 1236 bantur,
848 1218 853 1224 .

619 1262 858 1327 Gallos
888 1262 1163 1327 Caesar²
1193 1262 1262 1325 in
1293 1260 1696 1343 triumphum
1730 1260 1940 1338 ducit,
1975 1259 2150 1325 idem
2179 1262 2249 1324 in
2279 1260 2607 1326 Curiam.9
2630 1269 2654 1296 ⁸

617 1366 800 1431 Galli
829 1366 1069 1430 bracas
1089 1363 1112 1401 ¹³
1143 1365 1608 1447 deposuerunt,
1639 1368 1853 1431 latum
1884 1365 2148 1430 clavum
2179 1373 2578 1429 sumserunt.

1390 397 1453 442 C.
1500 394 1587 443 SU
1603 395 1790 442 E'roN
1806 394 1857 469 1)

1447 1546 1814 1566 θθθθθθθθθθθ

530 1647 782 1696 Fouc.—7
820 1646 1131 1699 Detractantc
1153 1646 1323 1696 Per-iz.
1347 1647 1582 1697 Harlem.
1605 1647 1738 1697 Edd.
1761 1648 1941 1711 Camp.
1971 1647 2114 1696 Mod.
2138 1646 2282 1697 Cald.
2307 1652 2361 1695 et
2384 1647 2453 1695 ita
2479 1646 2620 1704 alibi,
2643 1648 2725 1694 do·

529 1711 777 1760 minutioni
803 1712 919 1760 Pin.
942 1714 1025 1761 cui
1050 1712 1173 1777 quid
1198 1713 1407 1762 subesse
1433 1722 1586 1777 putat
1611 1710 1896 1763 Scheff.·-.-8
1931 1714 2063 1775 Bon..
2083 1713 2210 1773 fact.
2238 1714 2549 1776 geminatum
2575 1720 2726 1761 extat

529 1778 582 1825 in
617 1777 827 1826 Memm.
863 1792 958 1827 nec
994 1779 1168 1842 inepte
1206 1785 1354 1842 putat
1375 1779 1553 1828 Graev.
1611 1779 1816 1828 Nullam
1842 1778 2228 1828 distinctionem
2254 1779 2443 1827 habent
2466 1788 2581 1840 post
2596 1777 2724 1837 fuet.

528 1841 663 1891 Edd.
689 1843 837 1891 Rom.
862 1857 940 1906 pr.
962 1845 1094 1894 Ven.
1121 1852 1185 1892 tr.
1210 1845 1443 1895 Bon.--9
1475 1845 1562 1894 Ita
1583 1845 1728 1893 Torr.
1753 1845 1928 1895 Graev.
1985 1844 2211 1893 Faernus
2248 1852 2302 1892 et
2324 1844 2479 1894 Grut.
2504 1858 2571 1891 ex
2596 1843 2726 1891 Mss.

527 1908 702 1956 multis
722 1909 1080 1970 restituerunt,
1097 1915 1153 1958 et
1169 1910 1364 1959 habent
1382 1925 1560 1959 omnes
1578 1910 1774 1960 Medic.
1790 1910 1944 1959 Vind.
1966 1917 2204 1972 uterque.
2224 1911 2367 1959 Cort.
2384 1910 2533 1958 Voss.
2549 1908 2724 1957 Pulm.

527 1972 646 2022 Pal.
661 1975 707 2020 1.
725 1977 774 2022 2.
799 1973 920 2024 Par.
956 1974 1277 2035 Vulgabatur
1295 1975 1437 2039 prius
1453 1975 1598 2025 iidem
1609 1977 1660 2024 in
1678 1976 1829 2040 curia,
1848 1977 1974 2025 utin
1996 1976 2169 2025 Periz.
2188 1975 2297 2024 inde
2313 1975 2360 2023 in
2378 1975 2559 2023 carium
2577 1973 2721 2023 Pith.

527 2046 581 2086 et
620 2037 735 2089 cod.
759 2039 930 2091 Ursin.
953 2040 1040 2103 qni
1062 2040 1217 2089 etiam
1241 2041 1400 2090 duxit.
1466 2042 1655 2090 Manus
1678 2041 1834 2092 docta
1866 2042 1918 2090 in
1943 2056 2030 2090 ora
2062 2041 2244 2104 Stepli.
2265 2041 2379 2091 item
2411 2040 2462 2089 in
2505 2039 2724 2089 curia.—

1514 2188 1725 2240 NOTAE

588 2290 612 2315 ⁰
647 2282 882 2346 Negotia]
927 2284 1122 2334 Vocem
1145 2286 1276 2335 hanc
1299 2285 1584 2349 abundare,
1668 2290 1746 2337 14.
1772 2294 1825 2336 et
1848 2286 2066 2336 Plautus
2083 2285 2135 2334 in
2150 2283 2614 2346 Poenulo,Prolog.
2636 2282 2724 2330 ubi

524 2374 624 2410 nec
668 2375 784 2410 esse
827 2361 1083 2426 Suetonii,
1127 2362 1349 2412 casaub.
1394 2362 1582 2411 existi·
1654 2363 1889 2426 jocosum
1920 2362 2226 2427 proponitur
2257 2361 2557 2410 histrionum
2583 2360 2724 2409 edic-

523 2446 663 2502 mat3
697 2448 752 2490 et
776 2447 920 2490 certe
942 2440 1078 2504 apud
1101 2440 1404 2491 Ciceronem
1435 2449 1449 2471 ⁴
1470 2455 1584 2504 per·
1665 2447 1793 2502 tum,
1829 2442 1843 2468 ‘
1866 2440 2050 2490 bonum
2076 2437 2297 2488 factum:
2333 2437 2506 2487 edicta
2528 2442 2587 2486 ut
2620 2450 2724 2484 scr·
2820 2441 2823 2444 ’

1665 2519 1797 2567 vetis
1821 2532 1934 2567 mea
1947 2516 1975 2566 :’
1998 2527 2052 2566 et
2077 2516 2310 2565 Isidorus
2334 2514 2424 2563 lib.
2446 2528 2484 2562 1.
2508 2528 2622 2577 cap.
2639 2518 2722 2562 22.

1662 2597 1753 2647 ubi
1777 2596 2068 2661 compendii
2094 2609 2268 2655 causa,
2302 2593 2467 2642 literis
2500 2593 2547 2640 B
2584 2601 2637 2641 et
2683 2593 2722 2643 F

522 2515 679 2566 ficere
697 2516 961 2580 cogitata‚'
985 2523 1039 2566 et
1057 2518 1194 2581 apud
1219 2519 1418 2568 Livium
1442 2520 1458 2545 ‘
1475 2533 1583 2567 ma-

522 2602 700 2645 turare
725 2595 928 2660 coepta,’
953 2596 1064 2645 sine
1079 2596 1274 2661 addito,
1299 2612 1400 2646 non
1423 2598 1582 2647 semel

521 2681 819 2723 occurrunt.

585 2762 607 2786 '
640 2754 932 2819 Assertores]
968 2754 1070 2806 Qui
1110 2769 1165 2803 se
1197 2753 1250 2802 in
1282 2753 1580 2803 libertatem

519 2838 835 2891 assererent3
857 2832 953 2880 hoc
972 2840 1054 2881 est
1069 2831 1577 2895 vindicarent‚liber-

518 2908 642 2956 tatis
666 2907 910 2956 vindices.

583 2992 614 3015 W
649 2984 711 3032 In
731 2984 955 3032 Senatum
977 2984 1180 3047 allectis]
1229 2983 1460 3034 Allectos
1484 2984 1576 3034 Se-

518 3067 729 3108 natores
769 3075 834 3107 ex
873 3058 1008 3109 festo
1046 3061 1271 3109 Budaens
1310 3070 1485 3110 annot.
1527 3063 1577 3109 in

515 3134 810 3184 Pandectas
827 3150 916 3183 eos
938 3133 1102 3183 fuisse
1120 3134 1268 3200 dicit,
1287 3144 1300 3164 ‘
1314 3136 1399 3199 qui
1421 3150 1576 3198 prop-

516 3219 602 3260 ter
642 3211 866 3274 inopiam
916 3226 981 3259 ex
1022 3211 1247 3275 equestri
1288 3213 1467 3261 ordine
1523 3215 1575 3261 in

515 3288 734 3345 Senatus
757 3297 877 3336 sunt
904 3302 1169 3337 numerum
1193 3290 1440 3339 assumti.’
1506 3291 1577 3340 Et

514 3365 591 3415 ita
631 3366 800 3414 locum
837 3365 973 3415 bunc
1013 3365 1291 3428 intelligit:
1329 3367 1417 3415 sed
1459 3382 1575 3416 cum

511 3442 792 3491 Senatores
816 3442 892 3490 illi
918 3441 1035 3490 novi
1059 3439 1274 3505 fuerint,
1299 3442 1371 3491 illi
1397 3442 1575 3492 Gallo-

514 3533 624 3568 rum
648 3518 1005 3582 semibarbari,
1039 3519 1104 3569 de
1137 3520 1322 3583 quibus
1347 3536 1466 3584 cap.
1490 3526 1573 3572 76.

512 3595 709 3645 divitiis
754 3596 1037 3658 indiguisse
1074 3610 1174 3645 non
1216 3597 1479 3656 videntur,
1520 3602 1577 3645 et

512 3688 611 3722 vox
637 3673 809 3722 allecti
834 3672 1005 3722 latiori
1031 3672 1250 3738 quadam
1269 3672 1576 3736 accipienda

455 3810 460 3815 Ι
511 3749 902 3812 significatione.

521 3888 526 3893 ᾖ
573 3833 600 3858 ¹
628 3825 848 3874 Libellus
886 3825 1155 3889 propositus
1197 3824 1292 3888 est]
1350 3825 1572 3876 Publice

511 3899 693 3949 affixus
727 3911 784 3950 ut
821 3901 1055 3950 omnibus
1091 3902 1460 3967 innotesceret,
1496 3905 1574 3952 ni·

510 3979 694 4024 mirum
712 3991 777 4025 ne
801 3978 1057 4040 peregrini
1081 3979 1155 4028 illi
1180 3981 1409 4029 locorum
1428 3980 1572 4030 urbis

510 4053 677 4117 ignari
702 4055 894 4102 curiam
920 4055 1151 4105 invenire
1175 4065 1406 4120 possent.

575 4137 597 4172 ἵ
620 4130 1024 4193 Bonumsactum]
1059 4133 1191 4181 Boni
1210 4133 1393 4183 ominis
1416 4149 1574 4185 cansa

510 4207 583 4255 sic
619 4205 829 4269 praefari
868 4208 1070 4256 solitum
1096 4210 1142 4256 in
1168 4209 1355 4259 edictis
1382 4226 1572 4276 propo·

509 4284 709 4344 nendis,
728 4292 783 4332 ut
804 4285 970 4333 adhuc
995 4285 1130 4335 infra
1153 4288 1204 4335 in
1224 4287 1439 4338 Vitellio
1454 4304 1571 4354 cap.

1665 2678 1864 2723 tantum
1890 2670 2148 2735 designari
2187 2670 2395 2719 solitum
2436 2675 2619 2718 notat:
2656 2669 2722 2717 de

1662 2765 1762 2814 quo
1788 2740 1935 2813 pliira
1953 2749 2108 2797 habet
2128 2746 2420 2795 Brissonius
2438 2743 2528 2794 lib.
2547 2758 2636 2793 ιιι.
2657 2744 2722 2792 de

1662 2825 1937 2885 Formulis‚
1972 2824 2147 2873 statim
2172 2822 2237 2871 ab
2262 2822 2427 2873 initio.
2592 2868 2603 2872 ,

1725 2912 1745 2936 ²
1783 2904 1948 2951 Gallos
1975 2901 2160 2964 Caesar]
2204 2900 2471 2949 Trocbaici
2509 2899 2632 2963 duo,
2666 2908 2724 2948 ut

1662 2979 1864 3043 pridem
1897 2977 2165 3026 Turnebus
2200 2977 2466 3026 annotavit
2501 2975 2723 3026 Advers.

1661 3070 1746 3104 ιιι.
1772 3070 1886 3120 cap.
1905 3060 1987 3105 22.
2006 3069 2217 3118 quorum
2234 3054 2285 3102 in
2304 3054 2474 3103 altero
2493 3055 2509 3080 ‘
2528 3068 2721 3103 sumse-

1662 3132 1817 3193 runt,'
1840 3128 2027 3193 legitur
2051 3132 2336 3197 penultima
2356 3131 2523 3193 brevi,
2546 3146 2721 3194 quem-

1658 3208 1933 3259 admodum
1950 3209 2086 3272 apud
2107 3208 2382 3271 Virgilium
2402 3210 2418 3235 ‘
2436 3214 2694 3257 steterunt
2713 3206 2726 3226 ’

1658 3287 1862 3337 AEneid.
1877 3300 1938 3337 ιι.
1951 3295 2006 3337 et
2022 3300 2107 3335 m.
2119 3285 2420 3350 ‘Obstupui‚
2435 3292 2721 3335 steterunt-

1660 3378 1761 3429 que
1786 3378 1964 3425 comm,
1987 3370 2040 3412 et
2065 3377 2160 3411 vox
2184 3360 2422 3411 faucibus
2444 3362 2634 3412 haesitl

1721 3448 1746 3475 ⁸
1778 3441 1913 3490 Idem
1934 3441 1986 3489 iu
2027 3440 2222 3488 Curiam
2259 3439 2427 3502 [iidem
2460 3441 2511 3489 in
2548 3441 2719 3507 Curia]

1655 3518 1720 3568 In
1759 3519 1958 3569 duobus
2000 3519 2127 3569 Mss.
2164 3518 2309 3567 Torr.
2348 3519 2485 3581 legit
2516 3518 2644 3567 idem
2672 3519 2721 3566 in

1662 3597 1856 3646 Curiam
1870 3612 1890 3654 ;
1944 3603 1999 3645 et
2044 3595 2253 3659 probat¹
2287 3596 2381 3644 hoc
2437 3610 2609 3657 sensu,
2665 3604 2721 3645 nt

1657 3677 1673 3702 ‘
1698 3674 1835 3723 idem
1856 3675 1871 3697 ’
1906 3675 2101 3736 Caesar,
2127 3674 2215 3739 qui
2241 3675 2422 3724 Gallos
2446 3675 2497 3724 in
2518 3676 2719 3724 Trium-

1657 3751 1813 3814 phum
1859 3753 2097 3813 duxerat,
2150 3750 2357 3799 eosdem
2407 3751 2621 3800 duxisse
2665 3753 2717 3800 in

1657 3828 1882 3891 Curiam,
1907 3828 2242 3891 intelligatur.
2308 3828 2370 3876 In
2395 3828 2586 3877 Codice
2610 3830 2719 3878 Sal-

1656 3919 1780 3954 mas.
1801 3904 2073 3965 Schildins,
2106 3905 2258 3953 Iidem
2281 3903 2331 3951 in
2357 3905 2572 3954 Curium.

1718 3980 1741 4015 ¹²
1769 3981 1976 4043 Bracae]
2011 3983 2193 4030 Bracae
2220 3980 2519 4029 vestimenti
2538 3996 2718 4044 genus,

1652 4057 1817 4107 Gallis
1841 4052 2273 4107 Narbonensibus
2298 4056 2514 4119 proprii,
2544 4065 2602 4106 ut
2634 4073 2715 4106 su·
2768 4068 2773 4071 ’

1653 4152 1745 4201 pra
1768 4152 1883 4200 cap.
1902 4141 1985 4187 22.
2008 4144 2063 4186 et
2084 4140 2166 4186 ⁷6.
2201 4136 2292 4186 sed
2318 4137 2576 4201 quodnam
2607 4151 2718 4186 ves-

1654 4214 1925 4264 timentum
1961 4213 2087 4262 illud
2117 4211 2293 4275 fuerit,
2318 4213 2591 4263 obscurum
2616 4220 2714 4273 est,

1652 4305 1765 4341 cum
1806 4298 1860 4339 et
1900 4290 1985 4339 alii
2025 4304 2229 4354 quoque
2270 4289 2447 4354 populi
2484 4289 2713 4354 ejusdem
