3019 4922
1290 387 1584 437 JUmtJS.

2401 380 2531 446 109

342 550 659 615 parasse:
714 531 990 599 servitia
1013 531 1380 599 rectiora²¹
1426 535 1882 622 politioraque
1924 539 2247 606 immenso
2291 542 2528 625 pretio,

343 641 403 698 et
429 636 634 719 cujus
665 637 928 720 ipsum³
962 638 1165 702 etiam
1196 637 1489 722 puderet,
1523 640 1624 705 sic
1652 643 2185 709 utrarionibusm
2229 651 2534 711 vetaret4

335 737 578 803 inferri.
632 738 834 824 [48]
880 739 1318 806 Convivatum
1367 742 1644 807 assidue
1688 763 1811 827 per
1855 741 2227 829 provincias
2272 747 2530 813 duobus

341 842 709 920 tricliniis,¹²
752 862 908 919 uno,
940 862 1073 926 quo
1107 845 1321 925 sagati
1368 845 1766 927 palliativeff’
1820 841 2055 926 altem,
2096 869 2235 933 quo
2280 850 2530 934 togatip

324 964 485 1010 cum
516 946 991 1011 illustrioribus
1036 948 1527 1029 provinciarum
1556 950 2081 1018 discumberent.

1254 1094 1340 1114 ἸΙ

2190 951 2530 1019 Domesti⁴

339 1177 563 1228 Casaub.
595 1185 651 1228 et
684 1178 906 1228 Bernec.
942 1178 1179 1229 adductis
1217 1181 1467 1242 exemplis
1499 1181 1880 1233 vindicant.—-2
1915 1183 1996 1233 Ita
2033 1200 2098 1234 ex
2136 1185 2338 1237 Viterb.
2375 1188 2532 1237 male-

336 1241 454 1293 bant
481 1245 653 1295 Gron.
677 1245 824 1292 Voss.
891 1244 1134 1294 Proxime
1168 1246 1421 1295 accedunt
1460 1247 1672 1296 Memm.
1695 1249 1868 1297 Vatic.
1888 1250 2072 1299 Barth.
2107 1250 2159 1299 in
2181 1252 2367 1316 quibus
2406 1268 2529 1304 exa·

336 1316 476 1358 ratur
499 1310 698 1359 retiora.
761 1308 893 1358 Inde
916 1312 1127 1374 corrigit
1153 1311 1270 1360 Nic.
1304 1311 1489 1361 Heius.
1526 1313 1766 1363 tereeiora.
1832 1314 1986 1378 Vulg.
2010 1316 2269 1365 recentiora
2292 1315 2532 1369 defendit

338 1374 561 1424 casaub.
589 1374 677 1423 sed
703 1375 1055 1437 conjecturam
1080 1378 1211 1439 Lips.
1237 1376 1301 1426 ad
1319 1378 1443 1426 Tac.
1467 1374 1647 1441 Agric.
1665 1392 1712 1428 c.
1737 1382 1820 1428 ³2.
1843 1379 2064 1441 legentis
2083 1382 2350 1432 decentiora
2369 1383 2531 1446 magis

312 1441 553 1501 'probant
580 1440 756 1488 Burm.
792 1442 912 1488 Ern.
981 1442 1168 1491 Placet
1189 1443 1408 1504 Baumg.
1428 1442 1673 1503 erectiora,
1695 1450 1750 1492 et
1771 1444 1859 1493 alii
1881 1446 2083 1508 loetiora,
2122 1447 2383 1508 vegetiora,
2406 1462 2530 1498 con-

325 1504 588 1567 jecerunt.
655 1505 718 1553 In
743 1503 901 1553 vind.
939 1509 984 1553 1.
1017 1515 1098 1556 est
1130 1507 1410 1569 recensoria,
1446 1514 1502 1556 et
1528 1509 1704 1570 Cujac.
1737 1509 1938 1558 rectiora
1968 1511 2298 1575 polluciorqae.
2346 1513 2529 1564 Barth.

335 1570 560 1635 denique
585 1570 792 1619 volebat
825 1570 1084 1622 eruditiore:
1115 1573 1441 1637 politioraque,
1473 1574 1756 1634 recentiora,
1779 1589 1893 1638 quae
1924 1577 2146 1625 omnium
2169 1575 2280 1626 fere
2314 1578 2532 1640 scripto-

338 1650 439 1683 rum
467 1642 553 1685 est
585 1636 859 1685 lectio.-·-3
892 1636 1001 1699 Ipse
1028 1638 1236 1686 Memm.
1258 1638 1439 1688 Barth.
1478 1638 1624 1688 Med.
1656 1642 1705 1687 3.
1740 1641 1883 1689 etiam
1910 1640 2064 1703 ipsum
2098 1642 2330 1691 Harlern.
2352 1643 2527 1693 Perit.

331 1700 462 1751 Edd.
490 1701 627 1751 Veu.
653 1706 698 1751 Ι.
720 1707 775 1750 et
796 1702 970 1751 multae
994 1703 1127 1766 aliae,
1162 1703 1318 1752 etiam
1340 1703 1618 1768 Stepl1.—-4
1656 1703 1775 1754 Duo
1807 1704 1925 1754 libri
1945 1707 2092 1755 Torr.
2117 1707 2232 1771 ipso
2257 1707 2530 1773 probante,

1329 1833 1544 1884 NOTAE

337 1931 554 1997 Ajacem
612 1940 667 1982 et
710 1931 951 1982 Medeam
1003 1932 1170 1996 pictos
1225 1937 1305 1983 80.
1362 1950 1393 1984 a
1437 1907 1438 1910 Ἴ
1474 1933 1563 1998 qui
1603 1948 1924 2000 quacumque
1961 1950 2028 1985 ex
2073 1947 2229 1985 causa
2262 1934 2526 1999 quidpiam

337 2010 541 2059 Caesare
575 2011 785 2060 talentis
819 2014 983 2060 emtos
1007 2011 1082 2060 ait
1112 2026 1126 2059 ε
1161 2010 1259 2061 boc
1291 2019 1390 2069 est,

335 2087 564 2148 84,0001.
607 2092 825 2136 nostrat.
860 2094 919 2136 ut
960 2101 1115 2151 supra
1167 2088 1388 2151 positum

336 2172 411 2213 est
432 2179 552 2227 cap.
578 2167 626 2214 4.

395 2241 410 2274 ¹
439 2241 656 2291 Servitia
683 2243 885 2292 rectiora
920 2240 1226 2306 [recentiora]
1272 2244 1390 2293 Hoc

314 2324 428 2375 est,
460 2333 637 2368 servos
671 2313 928 2383 elegantia
972 2327 1026 2369 et
1059 2320 1229 2369 aetatis
1262 2318 1389 2371 flore

336 2396 782 2460 commendabiles,
798 2412 1012 2463 quorum
1036 2412 1151 2446 cum
1173 2399 1391 2449 servitus

334 2488 511 2533 recens
532 2473 692 2539 foret,
713 2476 909 2525 vultum
935 2473 1252 2540 formamque
1279 2479 1392 2526 nul-

334 2552 411 2603 lus
449 2554 618 2603 adhuc
652 2555 797 2604 labor
831 2554 1172 2617 deturparet:
1218 2554 1390 2617 cujus·

306 2620 467 2678 ⁴modi
518 2631 774 2693 mancipia
821 2644 1013 2692 magno
1056 2637 1209 2679 erant
1253 2630 1388 2694 apud

335 2706 497 2755 lautos
519 2707 633 2755 illos
656 2707 706 2754 in
732 2705 918 2770 pretio.
970 2705 1123 2754 Unde
1144 2706 1387 2757 Juvenal.

333 2784 437 2833 Sat.
461 2799 515 2833 v.
539 2798 673 2834 vers,
693 2789 770 2832 55.
819 2785 834 2811 ‘
864 2779 980 2831 Flos
1003 2780 1143 2831 Asiae
1168 2790 1288 2833 ante
1312 2784 1387 2847 ip-

335 2876 461 2923 sum,
501 2861 672 2925 pretio
714 2859 905 2923 majore
951 2866 1181 2922 paratus,
1221 2858 1385 2909 Quam

333 2938 430 2988 fuit
484 2947 541 2988 et
585 2937 723 2986 Tulli
769 2951 955 2986 census
1012 2934 1279 2998 pugnacis,
1334 2944 1387 2987 et

333 3008 501 3064 Anci.'
566 3012 719 3076 Legit
776 3012 829 3061 in
869 3012 1139 3060 'Vaticano
1194 3012 1387 3063 Codice

321 3088 479 3141 Torr.
517 3091 714 3154 retiora,
752 3094 806 3138 et
848 3089 1065 3153 margini
1101 3090 1385 3153 ascriptum

333 3169 553 3234 rectiora,
587 3173 645 3218 ut
678 3168 788 3216 sani
833 3167 1196 3237 intelligantur
1225 3168 1385 3216 homi-

334 3262 424 3296 nes
435 3253 612 3296 erecto
626 3252 681 3296 et
697 3245 842 3294 firmo
855 3259 1071 3308 corpore
1086 3264 1098 3305 ;
1118 3260 1217 3309 quo
1233 3260 1385 3295 sensu

334 3324 566 3375 Catullus
611 3323 676 3372 de
723 3323 1005 3379 lecticariis
1015 3339 1043 3382 3
1089 3324 1104 3350 ‘
1129 3322 1268 3381 Non,
1310 3323 1395 3372 in-

334 3417 506 3466 quam,
530 3400 652 3450 mihi
673 3407 775 3448 tam
795 3396 895 3448 fuit
913 3399 1154 3462 maligne,
1176 3399 1252 3448 Ut
1274 3415 1394 3464 pro-

337 3477 500 3527 vincia
517 3475 655 3542 quod
678 3475 813 3524 mala
832 3475 1100 3525 incidisset
1125 3476 1247 3524 Non
1272 3491 1388 3540 pos-

334 3569 440 3604 sem
464 3562 580 3604 octo
603 3552 832 3602 homines
856 3567 1033 3616 parare
1058 3552 1261 3604 rectos?
1318 3555 1389 3603 Et

334 3632 576 3684 Juvenal.
598 3631 706 3680 Sat.
742 3644 832 3679 ιιι.
863 3645 995 3680 vers.
1027 3634 1141 3680 251.
1205 3630 1220 3658 ‘
1245 3631 1387 3682 Quas

335 3714 480 3758 recto
503 3706 696 3756 vertice
716 3713 888 3770 portat
905 3704 1149 3757 Servulus'
1173 3706 1389 3771 infelix,’

334 3782 433 3834 διὸ.
498 3784 566 3833 Et
588 3784 725 3832 idem
749 3783 813 3832 de
832 3782 999 3832 amica
1020 3798 1114 3832 sua
1137 3783 1385 3833 Horatius

331 3862 441 3910 Sat.
497 3863 544 3909 2.
591 3860 692 3917 lib.
739 3874 779 3907 1.
826 3860 842 3886 ‘
876 3858 1097 3909 candida
1138 3869 1385 3924 rectaque

334 3935 439 3987 sit.’

396 4021 434 4046 ¹¹¹
474 4011 774 4075 Rationibus]
827 4011 945 4061 Hoc
984 4018 1083 4076 est,
1118 4013 1171 4062 in
1196 4014 1384 4063 tabulis

333 4090 431 4139 illis
458 4088 519 4136 de
553 4088 737 4153 quibus
770 4103 886 4152 cap.
920 4092 1002 4138 42.
1039 4089 1294 4140 describi:
1331 4090 1384 4139 in

333 4168 412 4216 his
448 4167 577 4215 enim
613 4164 946 4216 conficiendis
980 4174 1127 4215 tanta
1160 4164 1260 4216 fuit
1282 4168 1385 4217 Ro-

333 4256 594 4293 rnanorum
634 4242 924 4306 diligentia,
963 4242 1022 4290 ut'
1062 4240 1385 4307 dispensato-

301 4332 448 4368 'rem
484 4317 657 4369 domus
699 4317 766 4367 ob
809 4314 862 4366 id
905 4317 1072 4381 ipsum
1116 4318 1388 4382 haberent,

1472 2009 1859 2072 expendissent,
1882 2011 1934 2060 id
1960 2025 2109 2061 omne
2141 2009 2360 2068 referret
2378 2011 2431 2060 in
2453 2025 2529 2061 ra·

1471 2087 1641 2137 tiones
1651 2086 1928 2152 (l'escrivoit
1937 2104 2022 2138 sur
2031 2091 2074 2138 le
2085 2088 2230 2139 Livre
2239 2090 2296 2139 de
2307 2086 2530 2153 compte).

1470 2161 1626 2212 Unde
1665 2177 1760 2213 nec
1782 2161 1918 2229 'frugi
1944 2165 2269 2216 habebantur
2291 2165 2379 2231 qui
2415 2166 2529 2215 nul·

1471 2241 1546 2288 las
1579 2239 1914 2307 conficerent,
1944 2249 2188 2307 saepeque
2210 2242 2448 2293 usuvenit
2468 2249 2528 2291 nt

1469 2319 1638 2368 scelus
1703 2321 1924 2382 pecunia
1979 2320 2267 2369 redemtum
2323 2320 2529 2384 aliaque

1471 2395 1722 2457 ejusmodi
1758 2410 1824 2443 ex
1865 2396 1990 2460 ipsis
2028 2403 2294 2445 auctorum
2332 2396 2526 2445 tabulis

1471 2472 1849 2537 probarentur-3
1883 2473 2019 2538 quod
2040 2488 2105 2522 ne
2135 2473 2233 2523 sibi
2257 2473 2527 2535 continge-

1471 2556 1573 2610 ret,
1595 2549 1724 2598 male
1761 2557 1817 2599 et
1854 2551 2092 2614 nequiter
2113 2559 2250 2600 emta
2271 2550 2529 2599 cautiores

1472 2627 1553 2675 vel
1574 2627 1780 2676 omnino
1797 2627 2062 2686 vetabant,
2085 2628 2168 2676 vel
2198 2625 2338 2675 falsis
2363 2626 2524 2676 titulis

1458 2703 1718 2767 jubebant
1744 2700 1943 2751 inferri.
2508 2694 2512 2698 ’

1532 2787 1557 2812 ¹¹
1593 2779 1860 2841 Tria-liniis]
1894 2778 2027 2827 Vide
2049 2793 2160 2840 cap.
2181 2782 2263 2826 43.

1489 2861 1494 2864 ’
1532 2862 1556 2888 ⁰
1589 2855 1759 2916 Sagati
1776 2853 2045 2918 palliative]
2075 2855 2265 2918 Sagum
2300 2853 2523 2904 militare

1469 2933 1830 2980 vestimentum
1854 2936 1969 2979 erat
1993 2930 2130 2994 quod
2154 2931 2306 2979 armis
2343 2945 2523 2995 super-

1467 3008 1794 3058 induebatur.
1862 3007 2128 3058 Gallorum
2157 3007 2416 3074 proprium
2444 3006 2526 3058 su·

1465 3088 1566 3135 isse
1605 3085 1813 3151 quidam
1853 3084 1970 3132 ideo
2009 3084 2328 3133 contendunt
2383 3086 2520 3149 quod

1468 3164 1726 3214 Gallicum
1765 3162 1833 3212 sit
1865 3161 2190 3224 vocabulum,
2223 3167 2357 3212 teste
2380 3162 2523 3212 Stra·

1468 3241 1600 3290 bone
1617 3240 1707 3290 lib.
1734 3255 1809 3290 lv.
1844 3240 2008 3289 Immo
2031 3240 2186 3289 etiam
2207 3255 2346 3290 nune
2365 3241 2522 3291 hodie

1468 3316 1659 3368 dicitur
1687 3331 1775 3365 une
1802 3317 1917 3366 saie.
1984 3316 2052 3365 Et
2075 3315 2320 3379 Virgilius
2340 3317 2413 3367 sic
2438 3332 2523 3368 ca-

1464 3395 1544 3443 nit
1589 3407 1713 3443 vm.
1756 3392 1958 3443 AEneid.
2007 3392 2272 3443 Gallorum
2330 3393 2521 3445 descri-

1463 3469 1593 3518 bens
1627 3468 1858 3518 habitum
1883 3485 1895 3518 ε
1931 3470 1946 3498 ‘
1973 3468 2148 3533 Aurea
2177 3471 2426 3520 Caesaries
2447 3472 2514 3520 ol·

1460 3547 1555 3595 lis:
1607 3553 1763 3609 atque
1800 3561 1954 3594 aurea
1991 3548 2147 3596 vestis
2181 3547 2410 3611 Vin-gatis
2444 3548 2520 3597 lu-

1459 3630 1584 3672 cent
1619 3621 1842 3686 saguliS,'
1877 3625 1974 3672 &c.
2061 3623 2167 3672 Sed
2211 3632 2267 3672 et
2303 3638 2367 3673 eo
2402 3639 2519 3674 usos

1461 3701 1724 3765 Hispanos
1744 3700 1878 3748 idem
1903 3698 2094 3748 Strabo
2112 3708 2166 3748 et
2189 3698 2402 3763 insuper
2416 3698 2524 3763 Ap-

1463 3781 1644 3845 planus
1669 3781 1717 3828 in
1743 3779 1960 3828 Ibericis
1977 3776 2271 3838 tradidere3
2307 3779 2518 3841 pallium

1465 3872 1590 3905 vero
1626 3856 1931 3906 Graecorum
1971 3859 2086 3902 erat
2122 3868 2187 3902 ex
2223 3868 2397 3903 earum
2432 3869 2520 3920 ge-

1464 3947 1590 3981 nere
1636 3932 1855 3995 vestium
1900 3945 2013 3994 quae
2050 3937 2214 3980 totum
2261 3945 2448 3995 corpus
2491 3946 2524 3980 a
2602 3972 2605 3975 Α

1465 4009 1689 4071 scapulis
1712 4007 1776 4055 ad
1806 4007 1962 4070 pedes
1995 4007 2361 4074 contegebant,
2396 4024 2523 4073 qua-

1466 4084 1690 4143 dratum,
1713 4099 1812 4148 quo
1838 4085 2116 4147 praesertim
2159 4099 2190 4133 a
2217 4091 2339 4148 toga
2372 4082 2520 4133 diffe-

1467 4163 1632 4219 rebat,
1649 4161 1729 4224 cuj
1739 4176 1794 4210 us
1809 4160 1974 4224 figura
1990 4162 2405 4229 semicirculariS,
2417 4163 2520 4231 ele·

1466 4239 1784 4305 gantioribus
1834 4241 2076 4304 utrinque
2118 4246 2378 4304 regestum
2419 4237 2520 4286 fuit

1466 4318 1519 4366 in
1543 4317 1796 4380 humeros,
1816 4317 1991 4383 ibique
2021 4324 2078 4366 ut
2114 4316 2297 4366 induta
2323 4315 2422 4365 sub
2454 4327 2517 4364 eo
