3019 4922
1196 423 1594 476 oc'rAVwS.
2362 408 2492 475 267

306 569 480 634 tibus
528 567 854 633 Romanis
884 569 1157 646 creavit,
1209 572 1305 635 ita
1342 579 1441 649 ut,
1491 575 1823 655 potestate
1862 575 2215 648 transacta,
2244 572 2314 635 in
2345 580 2491 638 utro

303 672 557 736 vellent
589 670 843 754 ordine²
886 680 1245 737 manerent.
1358 672 1527 737 Cum
1555 678 1774 736 autem
1811 672 2109 755 plerique
2141 673 2490 756 Equitum,

304 773 531 839 attrito
561 774 759 839 bellis
790 774 1143 839 civilibus‘*
1186 776 1643 858 patrimonio‚⁹
1685 780 1992 858 spectare
2032 776 2234 840 ludos
2263 796 2300 840 e
2328 796 2492 860 qua·

300 877 677 941 tuordecim
727 896 861 941 non
912 876 1254 958 auderent,
1296 884 1475 942 metu
1521 895 1743 961 poenae
1790 877 2129 942 theatralis
2155 898 2172 958 ;
2199 876 2293 916 ¹0¹²
2338 899 2493 961 pro-

299 979 646 1056 nuntiavit,
684 997 815 1042 non
842 979 1048 1042 teneri
1078 998 1181 1057 ea,
1215 979 1461 1064 quibus
1490 980 1661 1064 ipsis
1688 974 2178 1063 parentibusve-
2192 987 2492 1064 equester

300 1101 547 1146 census
575 1088 946 1165 nunquam¹
978 1080 1239 1145 suisset.
1303 1082 1552 1166 Populi
1583 1089 1965 1147 recensum²
1996 1083 2267 1148 vicatim
2290 1085 2490 1165 egiw

299 1202 379 1248 ac
409 1204 494 1248 ne
523 1184 719 1268 plebs
760 1184 1345 1249 frumentationum
1363 1182 1391 1220 ‘¹
1437 1204 1644 1249 causa
1693 1184 2106 1269 frequentius
2137 1206 2179 1249 a
2208 1186 2490 1267 negotiis

297 1290 732 1363 avocaretur,³
779 1291 880 1350 ter
923 1286 995 1349 in
1038 1306 1286 1352 annum
1316 1294 1755 1371 quaternum*
1795 1287 2125 1352 mensium
2155 1292 2492 1352 tesseras⁴³

1212 1483 1567 1503 OON‘NOO‘OO

295 1577 451 1665 vind.
482 1620 535 1665 2.
607 1614 749 1665 Infra
770 1616 902 1667 Edd.
925 1616 1162 1681 quaedam
1192 1616 1572 1669 distinctionem
1606 1622 1723 1679 post
1750 1621 1987 1666 senatores
2020 1615 2320 1666 tollunt.—9
2352 1615 2489 1668 Edd.

296 1678 495 1745 Grypb.
539 1681 712 1732 Plant.
751 1682 1063 1732 naatdmonio.
1111 1684 1411 1733 Deiu·ludos
1445 1684 1594 1732 abest
1617 1683 1879 1745 Cop.—10
1903 1680 2210 1730 Addendum
2235 1695 2346 1729 esse
2368 1682 2490 1743 legis

203 1759 207 1765 ·
295 1747 498 1796 censuit
521 1746 742 1798 Casaub.
793 1748 927 1797 Dein
951 1753 1108 1798 tenere
1131 1749 1263 1812 Cop.
1282 1749 1479 1798 Medic.
1495 1752 1642 1797 2.-1
1679 1745 1810 1795 Edd.
1836 1746 1902 1796 Ο.
1928 1754 2119 1810 praeter
2141 1746 2487 1807 Bremianam,

294 1823 443 1872 qnam
478 1818 689 1860 secutus
722 1819 802 1860 est
839 1813 1052 1876 Baumg.
1086 1813 1276 1863 habent
1307 1816 1626 1876 unquam.—2
1661 1812 1834 1875 Populi
1865 1811 1930 1860 R.
1965 1825 2152 1859 censum
2186 1811 2396 1860 Memm.
2432 1818 2490 1860 et

294 1876 462 1936 plenis
487 1878 654 1926 literis
675 1877 851 1940 Populi
883 1878 1087 1927 Romani
1118 1891 1300 1927 censum
1335 1878 1503 1926 Periz.
1538 1876 1771 1926 Harlem.
1822 1876 1994 1939 Populi
2023 1876 2164 1924 Rom.
2194 1875 2489 1926 cens.Cort.

292 1942 450 2006 populi
471 1957 597 1991 cem.
618 1943 770 1992 Voss.
835 1942 938 1991 Sed
961 1943 1119 2005 populi
1136 1944 1201 1993 R.
1223 1943 1304 1992 vel
1332 1942 1535 1991 Romani
1552 1941 1743 1991 Medic.
1759 1941 1881 2001 duo,
1896 1950 1951 1990 et
1970 1940 2101 1989 Edd.
2121 1954 2279 2004 usque
2304 1940 2367 1989 ad
2388 1939 2485 1989 Ca-

296 2009 436 2057 saub.
460 2008 548 2071 qui
567 2021 743 2057 recens.
767 2008 1015 2069 exhibuit,
1030 2009 1106 2057 uti
1121 2009 1309 2059 habent
1329 2008 1523 2058 Medic.
1541 2012 1591 2055 2.
1608 2007 1762 2055 Vind.
1778 2012 2015 2069 uterque,
2031 2019 2145 2053 curn
2164 2004 2487 2067 Exc.Cuj.—

295 2077 324 2121 3
360 2071 437 2121 Ab
458 2071 666 2133 negotiis
697 2078 940 2121 vocaretur
973 2073 1184 2122 Memm.
1253 2073 1508 2133 Reposuit
1537 2072 1596 2120 ab
1619 2071 1758 2121 Oud.
1779 2070 2030 2134 probante
2058 2069 2217 2120 Wolf.
2241 2084 2270 2118 e
2290 2070 2488 2119 Medic.

299 2144 362 2187 tr.
380 2137 538 2187 vind.
564 2142 608 2187 l.
635 2136 749 2199 Cuj.
775 2144 827 2185 et
851 2138 998 2186 Voss.
1067 2140 1167 2189 Pro
1189 2154 1315 2188 avoc.
1336 2138 1496 2188 Vind.
1522 2142 1568 2186 1.
1579 2137 1990 2199 frequentaretur,
2010 2135 2138 2198 Cop.
2159 2139 2485 2198 avocarentur,

297 2202 383 2251 sed
410 2217 440 2250 a
463 2218 532 2251 m.
559 2216 636 2265 pr.
657 2208 944 2252 evocaretur.
981 2205 1119 2253 Dun.
1141 2208 1396 2253 vocaretur.
1432 2203 1607 2252 Etiam
1626 2201 1776 2265 plebis
1798 2201 1847 2249 in
1872 2200 2030 2250 vind.
2054 2204 2196 2249 1.-4
2222 2202 2488 2257 Quaterno-

295 2282 397 2316 rum
422 2267 592 2315 Periz.
615 2267 846 2316 Harlem.
885 2268 1079 2318 Medic.
1116 2268 1236 2329 duo,
1272 2268 1433 2317 Vind.
1457 2273 1504 2318 1.
1541 2269 1693 2317 Voss.
1732 2266 1865 2315 Edd.
1890 2266 2069 2329 Camp.
2098 2265 2239 2314 Med.
2262 2266 2393 2314 Ven.
2420 2270 2487 2313 tr.

296 2332 413 2383 Bas.
424 2340 481 2383 et
495 2332 603 2383 rell.
617 2332 761 2381 Vett.
775 2338 1027 2395 quaternas
1041 2334 1092 2383 H
1097 2335 1193 2383 uls.
1205 2333 1361 2384 Vind.
1377 2338 1429 2383 2.
1464 2334 1708 2383 Ceterum
1721 2331 1931 2382 exbibet
1945 2332 2155 2381 Memm.
2170 2344 2487 2380 mensuum.—

1281 2514 1499 2566 NOTAE

295 2627 477 2691 bonus,
497 2627 615 2678 ideo
637 2627 809 2678 forsan
843 2630 1067 2680 comitiis
1097 2628 1198 2679 illis
1225 2644 1349 2679 non·
1432 2630 1523 2678 sed
1556 2635 1768 2678 auctore
1799 2641 1855 2677 se
1888 2627 2013 2676 solo.
2082 2626 2192 2675 Lex
2222 2622 2425 2682 Roscia,
2456 2639 2489 2673 a

294 2718 552 2770 nunquam
592 2704 819 2757 defuisse
857 2706 1178 2764 candidatos,
1211 2706 1346 2771 quod
1428 2706 1494 2755 P.
1536 2705 1724 2754 Roscio
1764 2705 1973 2755 Othone
2009 2703 2135 2757 lata,
2175 2715 2292 2750 ann.
2333 2702 2401 2750 U.
2424 2700 2486 2750 C.

294 2782 649 2845 magistratum
691 2782 827 2832 hunc
866 2783 1102 2847 plerique
1147 2779 1349 2845 refuge·
1428 2786 1544 2830 682.
1571 2785 1651 2831 14.
1686 2780 2046 2830 subselliorum
2068 2776 2276 2842 gradus,
2294 2775 2361 2826 de
2377 2777 2489 2841 qui-

294 2863 427 2919 rent,
462 2857 610 2921 gnari
645 2866 838 2922 quanta
873 2857 1011 2909 foret.
1047 2857 1182 2923 apud
1215 2858 1351 2922 opti·
1434 2857 1604 2906 busin
1625 2858 1734 2909 Jul.
1755 2870 1802 2906 c.
1827 2859 1909 2905 39.
1939 2854 2236 2918 assignavit,
2259 2867 2489 2916 poenam-

294 2940 456 2983 mates
509 2935 724 2985 invidia.
791 2936 931 2986 Hinc
987 2936 1145 2986 etiam
1202 2943 1351 2986 vetus
1434 2948 1535 2998 que
1554 2940 1741 2983 contra
1764 2930 2097 2995 facientibus,
2116 2937 2168 2979 et
2190 2928 2490 2979 sedendior·

292 3008 394 3072 lex,
431 3011 578 3074 cnjus
618 3011 853 3061 meminit
888 3012 1155 3077 Appianas
1189 3011 1281 3062 lib.
1309 3025 1349 3063 1.
1433 3012 1605 3061 dinem
1627 3009 1971 3072 turbantibus,
1993 3007 2259 3072 irrogavit.
2326 3005 2487 3058 Juve-

293 3086 549 3136 Bellorum
575 3088 836 3151 Civilium,
857 3104 959 3154 qua
983 3091 1175 3154 populo
1196 3089 1350 3139 liber-

297 3169 374 3211 tas
394 3164 794 3229 concedebatur,
814 3181 879 3216 ex
900 3180 1221 3232 quocumque
1245 3167 1350 3216 vel-

291 3238 365 3288 let
387 3239 569 3290 ordine
602 3241 836 3293 tribunos
873 3244 1104 3309 creandi,
1126 3245 1169 3294 si
1194 3244 1351 3294 comi-

294 3316 380 3366 tiis
403 3317 647 3369 deessent
664 3321 952 3372 candidati.

354 3401 375 3425 ²
405 3396 470 3443 In
504 3400 613 3444 utro
646 3397 820 3447 vellent
857 3398 1042 3461 ordine]
1077 3400 1349 3450 Senatorio

293 3469 490 3521 scilicet
525 3473 610 3520 vel
646 3474 904 3537 equestri3
944 3474 1156 3525 fuerunt
1195 3476 1348 3533 enim,

296 3546 380 3609 qui
401 3547 453 3595 in
477 3549 705 3611 equestri
731 3551 1011 3601 consistere
1041 3552 1350 3611 maluerunt,

295 3629 352 3672 ut
392 3623 460 3679 de
482 3625 800 3677 'Maecenate
842 3634 1081 3688 constat3
1138 3628 1273 3692 quod
1319 3644 1351 3678 a

294 3697 509 3750 Claudio
551 3707 734 3765 postea
777 3702 1100 3754 immutatum
1146 3711 1246 3768 est,
1291 3711 1352 3755 ut

292 3772 421 3824 infra
444 3775 711 3826 videbitur
726 3792 773 3828 c.
794 3782 876 3828 24.

304 3876 309 3881 ·
353 3853 726 3904 ‘Attritobellis
739 3854 982 3918 civilibus]
1017 3856 1091 3906 Ut
1102 3857 1214 3921 jam
1231 3873 1353 3922 qua·

292 3927 583 3993 dringcurt,
604 3945 717 3995 quae
739 3933 964 3995 equitem
989 3933 1178 3983 habere
1199 3949 1353 3997 opor·

296 4005 411 4067 tuit,
435 4020 538 4056 non
562 4013 911 4070 superessent.
979 4010 1114 4060 Vide
1136 4012 1187 4060 in
1210 4010 1244 4062 J
1250 4012 1352 4060 ulio

294 4097 406 4146 cap.
426 4088 507 4134 33.
532 4092 588 4134 et
605 4089 688 4134 39.
1212 4136 1215 4141 ,

355 4159 378 4192 ¹³
410 4162 576 4210 Poenoe
620 4160 893 4222 theatralis]
949 4160 1118 4213 Addit
1163 4162 1353 4212 Casan-

293 4235 452 4287 bonus
473 4237 613 4298 legis,
630 4237 727 4287 hoc
743 4236 913 4299 modo,
927 4242 1054 4287 metu
1066 4253 1213 4301 poeuoe
1226 4239 1355 4288 thea-

294 4314 427 4364 tralis
462 4313 617 4376 legib,-
650 4314 908 4378 apertiore
940 4314 1146 4380 quidem
1184 4328 1355 4373 sensu,

1431 3089 1532 3138 nal.
1563 3090 1675 3139 Sat.
1705 3101 1823 3138 xiv.
1857 3089 1874 3116 ⁴
1900 3084 2066 3137 Effice
2098 3084 2490 3155 summam,rBis

1432 3173 1633 3230 septem
1658 3164 1924 3215 ordinibus
1960 3178 2111 3229 quam
2134 3163 2220 3213 lex
2247 3163 2490 3226 dignatur

1432 3242 1691 3293 Othonis.’
1759 3242 1881 3292 Fuit
1905 3246 1959 3291 et
1984 3241 2068 3299 lex
2090 3238 2233 3292 Julia
2261 3238 2489 3289 theatra-

1431 3320 1513 3368 lie.

1494 3404 1519 3430 ‘²
1551 3391 1813 3445 Recensum
1832 3395 2026 3444 vicatim
2040 3390 2166 3456 egit]
2201 3393 2317 3463 Quo
2340 3404 2489 3455 pror-

1427 3487 1512 3522 sus
1534 3473 1687 3521 modo
1706 3473 1899 3533 Julius,
1925 3472 1977 3520 in
2000 3471 2033 3522 J
2042 3470 2114 3521 ul.
2138 3483 2186 3518 c.
2208 3471 2293 3518 41.

1491 3547 1517 3582 ‘¹
1549 3546 2017 3610 Frumenlationum]
2051 3548 2141 3595 Eae
2162 3552 2282 3595 sunt
2300 3542 2492 3607 gratui-

1430 3632 1500 3676 toe
1537 3625 1787 3676 frumenti
1810 3625 2121 3686 divisiones,
2152 3638 2184 3672 a
2218 3623 2284 3672 P.
2308 3619 2489 3671 Clodio

1427 3703 1546 3767 lege
1570 3702 1825 3767 quondam
1846 3701 2118 3751 institutae.

1492 3788 1517 3814 θ
1548 3779 1789 3844 Tesserae]
1823 3779 1928 3829 Hic
1950 3774 2216 3838 inteiligit,
2240 3780 2298 3822 ut
2324 3776 2492 3838 patet,

1427 3854 1814 3914 frumentarias,
1849 3857 1946 3904 hoc
1976 3860 2079 3915 est,
2106 3852 2273 3915 sigua,
2304 3849 2489 3914 quibus

1427 3935 1692 3990 exhibitis,
1703 3933 2015 3983 frumentum
2029 3927 2324 3992 accipiebat
2338 3942 2495 3978 unus-

1431 4012 1668 4075 quisque,
1706 4024 1800 4073 pro
1839 4022 1931 4058 sua
1963 4005 2218 4071 portione,
2248 4011 2305 4054 et
2344 4010 2490 4054 certo

1432 4095 1686 4150 tempore.
1737 4082 2032 4137 Juvenalis:
2081 4088 2096 4111 ‘
2116 4081 2381 4132 summula
2426 4095 2494 4130 ne

1433 4170 1637 4228 pereat,
1674 4177 1774 4228 qua
1808 4162 2152 4211 vilistessera
2188 4158 2331 4207 venit
2367 4159 2502 4207 Fru-·

1434 4239 1638 4292 menti.’
1703 4241 1785 4290 De
1821 4237 2034 4289 tesseris
2076 4236 2225 4303 plura
2246 4235 2299 4285 in
2334 4233 2501 4295 Calig.

1435 4331 1482 4366 c.
1506 4320 1557 4367 3.
