3019 4922
842 497 871 550 s.
919 514 931 528 ⁸

624 493 1023 614 κώιέῗίῑξμωπῳ

1197 458 1594 507 OCTAVIUS.

2349 446 2479 512 355

306 598 477 676 bus,¹
508 604 576 662 et
605 598 1433 666 tibialibus‘municbatur:
1482 606 1722 667 aestate
1747 603 1992 685 apertis
2034 604 2324 670 cubiculi
2376 606 2475 668 fo-

1281 823 1493 873 NOTAE

305 976 412 1022 143.
455 971 547 1020 lib.
590 985 705 1021 xlv.
751 972 853 1021 ‘Et
888 972 1099 1035 pingues
1140 972 1344 1022 tunicas

303 1064 438 1097 serra
463 1064 639 1098 secare
667 1050 872 1112 potest-⁹
918 1049 1215 1112 cujusmodi
1232 1065 1346 1098 ves-

301 1125 435 1173 tibus
450 1126 635 1187 hyeme
663 1127 947 1190 praesertim
971 1124 1269 1187 utebantur,
1293 1134 1348 1176 et

304 1216 496 1250 crassas
536 1216 738 1266 quoque
775 1201 1035 1270 dicebant.
1098 1203 1347 1260 Horatius

299 1279 408 1327 Sat.
429 1282 476 1326 s.
499 1279 591 1329 ub.
611 1294 648 1328 1.
683 1253 923 1341 ‘Effinge

297 1350 477 1415 frigus,
509 1354 759 1403 Quamvis
783 1349 1346 1477 crasmsqttff'agfffiffim

298 1429 492 1491 quippe
510 1428 772 1478 crassioris
787 1431 816 1477 e
832 1413 1240 1489 Gallia'lanaesut
1258 1444 1292 1491 p
1330 1456 1348 1468 ·

298 1510 376 1552 tet
397 1518 462 1552 ex
484 1505 754 1556 Juvenalis
776 1506 908 1566 loco,
932 1511 986 1554 et
1005 1520 1071 1554 ex
1097 1506 1346 1562 Martiali,

290 1580 626 1643 ‘Sequanicae
653 1581 896 1645 pinguem
929 1582 1165 1631 textricis
1194 1582 1347 1631 alum·

299 1654 451 1705 uam?

356 1738 388 1763 w
421 1730 657 1782 Sabus-ula
697 1731 978 1795 [subucula]
1022 1733 1225 1795 Legunt
1262 1726 1373 1780 atii'

291 1806 513 1855 subucula
531 1812 578 1855 et
598 1808 800 1863 thorace,
819 1817 873 1857 ut
891 1809 958 1857 sit
976 1823 1171 1862 seusus,
1192 1822 1346 1871 pecu·

292 1882 420 1931 liare
454 1882 505 1931 id
542 1882 773 1946 Augusto
807 1883 983 1939 fuisse,
1019 1884 1152 1947 quod
1189 1898 1346 1947 quan·

293 1974 446 2023 quam
474 1960 584 2008 aliis
611 1961 792 2010 thorax
824 1961 1179 2010 indumentum
1217 1959 1343 2008 mili-

293 2043 407 2084 tare
442 2033 580 2084 foret
615 2051 679 2084 ex
720 2051 842 2092 aere,
869 2036 947 2084 vel
971 2033 1127 2099 ferro,
1151 2034 1256 2083 sive
1281 2049 1346 2082 ex

294 2111 456 2176 corio,
481 2112 600 2175 quin
622 2118 676 2160 et
692 2126 757 2159 ex
780 2112 902 2169 lino,
927 2119 980 2159 ut
1004 2109 1137 2159 infra
1154 2110 1202 2158 in
1222 2109 1346 2158 Gal-

297 2188 393 2249 ῥα.
414 2189 576 2237 instar
598 2189 797 2250 loricae,
818 2189 1021 2237 laneum
1040 2193 1212 2236 tamen
1238 2186 1348 2235 tho-

295 2277 417 2312 raca
451 2271 710 2326 gestaret:
758 2264 1016 2325 receptior
1060 2270 1142 2312 est
1175 2269 1347 2310 nostra

295 2335 453 2387 lectio
467 2340 563 2387 hoc
575 2353 746 2401 sensu,
760 2346 819 2388 nt
834 2339 1082 2388 subucula
1101 2338 1347 2401 Augusti,

294 2430 395 2480 qua
428 2423 614 2479 pectus
644 2416 875 2480 tegebat,
897 2408 962 2465 ei
981 2417 1094 2465 lana
1112 2415 1269 2478 foret,
1292 2423 1347 2466 et

296 2493 499 2542 nomine
540 2494 758 2542 thoracis
796 2495 1074 2557 appellata.
1140 2494 1236 2541 Est
1259 2508 1345 2541 au·

296 2577 400 2618 tem
443 2569 690 2618 subucula
727 2570 899 2619 tunica
944 2584 1025 2630 ea,
1063 2582 1212 2633 quam
1251 2568 1345 2617 sub

294 2645 406 2693 aliis
430 2645 741 2694 induebant:
769 2652 1038 2709 postquam
1063 2645 1196 2694 enim
1222 2645 1347 2694 dua·

296 2719 388 2768 bus
413 2720 561 2769 simul
600 2722 677 2782 uti
713 2736 917 2784 coepere
951 2722 1157 2778 tunicis,
1193 2720 1346 2770 subu-

293 2796 458 2844 culam
494 2805 548 2846 et
582 2796 836 2846 indusium
861 2797 1034 2846 dicere
1056 2797 1345 2846 institutum

296 2879 396 2933 est,
441 2880 499 2921 ut
541 2889 605 2924 ex
637 2875 872 2923 Varrone
915 2873 1074 2922 habet
1128 2874 1346 2928 Nonius,

296 2949 546 2998 Horatius
565 2964 651 3012 ep.
673 2954 720 2997 1.
741 2950 831 3001 lib.
853 2964 893 2998 ι.
926 2952 940 2977 ‘
959 2950 1014 2998 Si
1038 2947 1171 2997 forte
1195 2948 1346 2996 subu·

297 3027 412 3074 cula
434 3040 580 3088 pexae
603 3027 748 3075 Trita
771 3028 947 3075 subest
970 3024 1196 3088 tunicae,’
1217 3028 1315 3075 &c-

357 3107 383 3131 Χ
407 3101 751 3164 Feminalibus]
782 3102 1060 3152 Feminalia
1083 3102 1348 3160 femorum,

296 3190 407 3240 quae
450 3184 505 3226 et
540 3175 726 3226 femina
756 3177 1019 3241 dicuntur,
1052 3185 1349 3241 tegumenta

297 3259 432 3308 sunt,
459 3253 595 3302 sicut
615 3260 667 3302 et
690 3252 892 3304 tibialia·
911 3256 1169 3304 tibiarum.
1223 3255 1348 3304 Arn-

296 3326 495 3392 borum,
521 3330 689 3392 qualia
710 3330 857 3379 nobis
871 3331 1021 3380 hodie
1043 3340 1180 3394 sunt,
1200 3347 1346 3380 usum

295 3405 520 3468 antiquis
564 3405 762 3456 Graecis
803 3416 857 3456 et
900 3408 1101 3456 Latinis
1140 3422 1346 3469 prorsus

297 3480 613 3542 incognitum
639 3481 819 3544 fuisse,
835 3483 948 3533 fuse
975 3492 1030 3533 et
1054 3485 1207 3532 docte
1229 3499 1347 3547 pro-

297 3552 386 3602 bat
411 3556 758 3607 casaubonus.
827 3560 913 3608 Nil
937 3573 1063 3623 ergo
1088 3559 1224 3622 apud
1267 3559 1344 3622 ip-

294 3645 373 3679 sos
396 3632 534 3679 aliud
559 3631 706 3682 fuere
741 3633 1007 3684 femoralia
1039 3643 1094 3685 et
1131 3635 1347 3700 tibialia,

296 3720 449 3769 quam
473 3704 873 3772 fasciae,quibus
908 3711 1023 3759 illas
1063 3719 1237 3774 partes
1275 3711 1346 3759 iu·

297 3781 568 3831 volvebant
591 3785 753 3846 primo
773 3787 976 3852 aegroti,
998 3794 1052 3836 et
1088 3787 1348 3851 imbecilli,

298 3859 373 3907 de¹
400 3860 584 3924 quibus
620 3861 866 3910 Horatius
897 3863 1070 3912 Satira
1091 3867 1138 3912 3.
1173 3863 1262 3912 lib.
1282 3878 1346 3912 ιι.

276 3935 498 3983 *Penas
523 3935 738 3998 iusignia
773 3936 937 3986 morbi
957 3938 1236 4001 Fasciolas,
1259 3953 1346 3988 cu-

300 4010 446 4071 bital,
465 4009 689 4069 focalia‚'
711 4014 812 4061 &c.
875 4013 1114 4062 Fasciolis
1159 4014 1350 4063 etenim

301 4099 468 4146 crura,
493 4088 706 4136 cubitali
733 4088 953 4152 brachia,
969 4089 1221 4139 focalibus
1244 4089 1351 4139 fau-

302 4170 386 4210 ces
428 4162 777 4213 involvebant.
812 4165 1083 4228 AEgrorum
1105 4166 1343 4227 exemplo

300 4245 478 4301 postea
499 4241 676 4288 molles
694 4256 755 4290 ac
779 4241 988 4297 delicati
1025 4243 1208 4291 sensim
1248 4241 1343 4290 eti-

301 4329 380 4365 am
422 4323 577 4365 extra
617 4316 818 4366 morbos
858 4317 920 4366 iis
959 4317 1034 4366 usi
1075 4324 1236 4378 sunt3
1288 4324 1346 4367 ut

1424 974 1687 1024 Ciceronis
1704 979 1879 1029 mate,
1897 974 2119 1022 nondum
2138 987 2347 1036 prorsus
2371 981 2474 1025 sta·

1421 1048 1569 1097 bilita
1592 1050 1982 1111 cousuetudine,
2006 1049 2285 1114 Pompeius
2303 1039 2506 1118 ss‘lasc'ss‘ia

1422 1124 1519 1172 viae
1571 1131 1625 1173 et
1676 1125 1908 1174 mollitiei
1961 1131 2231 1178 accusatus
2297 1126 2481 1183 fuerit,

1396 1200 1557 1268 'quod
1581 1201 1680 1249 illis
1705 1209 1967 1262 uteretur3
2005 1209 2063 1251 ut
2085 1208 2266 1264 aperte
2290 1204 2475 1253 Cicero

886 1268 1355 1342 ‘'iiileeTenffere’
1394 1269 1573 1338 {epten
1596 1282 1643 1325 3.
1666 1278 1755 1327 lib.
1780 1292 1844 1327 11.
1863 1278 1926 1326 ad
1952 1277 2115 1326 Attic.
2138 1280 2152 1305 ‘
2176 1278 2474 1339 Epicratem

1417 1352 1519 1416 (sic
1542 1355 1677 1402 enim
1698 1354 2001 1417 Pompeium
2020 1352 2195 1416 vocat)
2219 1353 2473 1416 suspicor,

1420 1436 1479 1477 ut
1512 1431 1713 1492 scribis,
1757 1432 2001 1480 lascivum
2053 1429 2229 1491 fuisse,
2259 1432 2476 1482 ‘etenim

1420 1505 1542 1553 milii
1576 1507 1753 1569 caligae
1789 1506 1923 1569 ejus,
1948 1514 2006 1556 ut
2033 1513 2245 1555 cretatae
2280 1504 2476 1568 fasciae,

1421 1595 1523 1628 non
1546 1581 1862 1643 placebant?
1924 1582 2062 1630 Hinc
2081 1582 2171 1630 illa
2193 1582 2487 1645 tyrannidis,

1421 1655 1682 1707 affectatio
1714 1659 1786 1707 illi
1810 1673 1841 1707 a
1863 1658 2119 1707 Favorino
2143 1659 2482 1722 exprobrata,

1421 1740 1480 1781 ut
1508 1747 1663 1795 supra
1696 1733 1747 1782 in
1774 1734 1914 1787 Julio
1951 1740 2206 1795 notatum,
2241 1742 2296 1784 et
2321 1736 2496 1798 Vale-,

1422 1807 1524 1855 rius
1568 1809 1709 1859 Max.
1753 1824 1815 1857 ac
1860 1808 2157 1858 Ammianus
2197 1810 2480 1859 tradidere.

1424 1883 1734 1946 Hujusmodi
1766 1883 1939 1948 fascias
1972 1884 2189 1948 pedibus
2212 1886 2475 1935 involven-

1421 1958 1501 2007 dis
1540 1960 1692 2008 etiam
1715 1959 1995 2021 adhibitae3
2039 1976 2153 2010 cum
2198 1961 2333 2011 enim
2380 1978 2474 2025 per

1421 2036 1576 2098 longa
1617 2038 1805 2086 saecula
1846 2038 2017 2100 nudis,
2062 2037 2155 2086 nisi
2196 2039 2473 2088 necessitas

1420 2119 1649 2176 cogeret,
1693 2113 1907 2175 pedibus
1947 2115 2197 2177 egissent.
2236 2114 2473 2162 assumtis

1425 2190 1632 2238 demum
1657 2190 1852 2246 calciis,
1874 2188 2089 2252 pedules
2114 2204 2320 2255 quoque
2344 2206 2478 2239 sum-

1422 2279 1537 2313 sere
1578 2263 1781 2328 fascias,
1827 2266 1891 2313 ad
1936 2263 2279 2315 differentiam
2325 2266 2476 2315 tibia-

1421 2340 1544 2389 lium
1584 2348 1638 2388 et
1677 2340 1971 2401 crui-alium,
2008 2355 2100 2389 seu
2131 2338 2478 2404 feminalium„

1421 2416 1604 2480 quibus
1639 2416 1874 2465 omnibus
1912 2428 2017 2464 usae
2059 2421 2178 2464 sunt
2202 2416 2356 2464 etiam
2382 2430 2475 2477 pu-

1416 2484 1535 2542 'enae
1558 2507 1571 2540 ε
1597 2491 2028 2554 quemadmodum
2051 2497 2105 2538 et
2126 2489 2279 2538 hodie
2312 2490 2475 2538 foemi-

1422 2583 1502 2617 nae
1524 2569 1822 2630 plerumque
1846 2568 2030 2615 solent.
2097 2565 2312 2614 Adriani
2331 2565 2475 2615 deni-

1421 2658 1522 2707 que
1562 2643 1875 2704 temporibus
1913 2640 2233 2706 frequentior
2269 2643 2383 2692 lnaec
2421 2643 2474 2691 in

1421 2734 1519 2768 usu
1553 2718 1728 2780 fuisse,
1750 2733 1816 2766 ex
1855 2717 2078 2780 Ulpiano
2111 2719 2351 2779 colligas:
2386 2717 2471 2765 bic

1421 2796 1555 2843 enim
1578 2794 1846 2843 ordinariis
1869 2807 1953 2842 eas
1980 2793 2205 2841 vestibus
2232 2800 2475 2843 accenset

1421 2872 1454 2921 l.
1479 2886 1620 2921 xxV.
1646 2870 1700 2920 ff.
1723 2872 1790 2920 de
1824 2885 1946 2920 auro
1985 2876 2039 2919 et
2074 2875 2289 2932 argento
2326 2885 2466 2918 mun·

1421 2948 1505 2998 do.
1594 2948 1823 2998 Tandem
1892 2949 2042 3011 longa
2099 2947 2472 2996 consuetudine

1422 3039 1535 3073 eum
1576 3025 1760 3086 Gallis,
1789 3023 2080 3080 Germanis,
2105 3023 2307 3086 Gothis,
2336 3023 2477 3073 aliis-

1422 3117 1522 3166 que
1556 3102 2060 3166 septemtrionalium
2095 3101 2360 3164 regionum
2385 3116 2474 3163 po·

1423 3178 1579 3242 pulis,
1604 3178 1901 3228 braccarum
1941 3177 2032 3244 (de
2055 3177 2131 3226 his
2155 3178 2205 3226 in
2229 3177 2333 3228 Jul.
2359 3193 2478 3240 cap.

1422 3254 1531 3317 80.)
1550 3269 1694 3303 usum
1719 3256 1785 3303 ab
1807 3256 1907 3304 illis
1930 3269 2203 3316 accepere,
2224 3268 2347 3317 quas
2373 3256 2477 3316 pri-

1421 3346 1480 3378 us
1505 3337 1690 3393 utpote
1714 3330 2151 3382 inclementissimi
2186 3331 2301 3377 coeli
2325 3345 2475 3392 argu-

1420 3414 1647 3454 mentum
1661 3411 1715 3453 et
1730 3404 2056 3453 barbarorum
2078 3405 2317 3453 vestitum
2332 3418 2477 3452 aver·

1423 3482 1688 3540 sabantur,
1730 3489 1789 3528 ut
1830 3480 1995 3528 innuit
2044 3480 2262 3528 Ovidius
2297 3481 2387 3528 lib.
2422 3494 2476 3527 v.

1422 3557 1665 3605 Tristium
1711 3555 1889 3618 Elegia
1931 3559 2012 3606 to.
2050 3557 2064 3584 ‘
2090 3558 2230 3607 Quos
2270 3563 2334 3604 ut
2374 3570 2478 3603 non

1429 3635 1607 3682 timeas
1645 3633 1808 3696 possis
1847 3631 2010 3681 odisse
2048 3631 2285 3689 videndo,
2316 3632 2479 3680 Pelli-

1428 3711 1524 3760 bus
1567 3719 1623 3760 et
1669 3711 1824 3770 longa
1865 3723 2082 3772 corpora
2127 3715 2270 3756 tecta
2314 3723 2476 3757 conia.

1428 3786 1540 3835 Hos
1584 3800 1787 3850 quoque
1829 3784 1916 3848 qui
1954 3784 2112 3846 geniti
2146 3783 2331 3832 Graeca
2363 3797 2478 3831 cre·

1427 3861 1619 3911 duntur
1669 3860 1735 3909 ab
1784 3858 1927 3921 urbe,
1969 3859 2075 3906 Pro
2120 3857 2288 3920 patrio
2332 3857 2480 3905 cultu

1427 3938 1639 4003 Persica
1664 3937 1848 3984 bracca
1873 3932 2032 3997 tegit.’
2071 3933 2317 3996 Loquitur
2339 3933 2476 3982 enim

1430 4012 1496 4061 (le
1541 4013 1695 4060 Ponti
1742 4011 1957 4074 accolis,
2003 4024 2129 4073 quos
2184 4008 2477 4070 indignatur

1430 4087 1632 4138 braccis
1664 4087 1759 4148 uti,
1792 4100 1906 4135 cum
1941 4101 1969 4134 e
2001 4085 2197 4135 Graecis
2228 4085 2479 4148 originem

1431 4165 1624 4213 ducere
1665 4162 2012 4211 crederentur.
2078 4164 2155 4211 Eo
2198 4162 2354 4224 igitur
2399 4177 2481 4211 sos·

1433 4239 1686 4288 lummodo
1712 4245 1941 4300 tempore
1966 4253 2095 4288 nova
2117 4240 2338 4299 notione,
2361 4255 2476 4302 quae

1433 4316 1711 4366 etiamnum
1744 4315 1892 4365 hodie
1928 4323 2239 4381 perseverat,
2274 4328 2478 4378 coepero
