3019 4922
496 414 627 481 378

1357 429 1420 474 Ο.
1467 425 1830 476 summm!
1883 455 1885 458 <

498 584 642 640 rum
667 573 696 614 ⁶
742 575 917 639 sicut
958 580 1223 638 veteres
1269 590 1349 637 ac
1394 578 1822 656 praeceptas¹²
1874 570 2409 636 reverentissime
2458 572 2696 651 coluit,

498 678 596 742 ita
623 683 879 741 ceteras
908 674 1276 740 contemtui
1317 675 1575 740 habuit.

1667 673 1974 757 Namque
2003 670 2294 738 Athenis
2330 674 2698 753 initiatus:

500 799 654 845 cum
681 784 921 862 postea
952 776 1194 841 Romae
1225 796 1348 861 pro
1380 776 1693 841 tribunali
1724 776 1809 840 de
1835 776 2182 860 privilegio
2199 783 2239 811 '¹'
2265 777 2697 842 sacerdotum

502 881 754 946 Atticae
782 871 1045 945 cereris
1063 887 1090 914 ¹
1121 884 1575 963 cognosceret,
1606 886 1674 944 et
1691 878 2002 964 quaedam
2024 879 2386 944 secretiora
2401 886 2429 924 Υ
2448 898 2696 963 propo-

502 990 866 1062 nerentur,⁷
928 982 1208 1048 dimisso
1267 983 1589 1048 eonsilio⁸
1662 990 1732 1045 et
1790 1000 2037 1047 corona
2096 981 2699 1055 circumstantium,

1416 1194 1626 1214 “““““

1629 1194 1777 1215 “O“

505 1361 606 1408 quo
636 1345 976 1396 dubitationem
1009 1344 1169 1395 Viud.
1205 1349 1351 1395 1.—6
1386 1346 1621 1408 Receptus
1656 1342 1972 1395 substituere
2010 1346 2208 1394 Erasm.
2248 1344 2301 1393 in
2343 1343 2440 1393 Ed.
2484 1350 2619 1408 post.
2649 1350 2707 1394 et

507 1412 747 1461 Beroald.
782 1426 896 1460 cum
920 1410 1085 1460 Codd·
1116 1411 1390 1460 nonnullis.
1431 1411 1581 1475 Conj.
1605 1411 1743 1461 Oud·
1767 1426 1823 1459 oo
1857 1411 1917 1460 P.
1948 1410 2012 1458 R.
2035 1425 2131 1459 rec.
2161 1410 2236 1459 nel
2268 1414 2499 1472 acceptas.
2564 1409 2702 1459 Edd.

508 1478 639 1527 Bon.
665 1476 828 1525 Paris.
858 1481 1118 1539 perceptus.
1187 1475 1319 1525 Item
1348 1480 1433 1525 aut
1456 1491 1550 1541 pro
1571 1491 1627 1525 oe
1653 1474 1790 1525 Edd.
1813 1476 1946 1527 Ven.
1971 1482 2094 1537 tres,
2116 1475 2331 1524 Mediol.
2353 1475 2521 1538 Lugd.
2552 1474 2703 1525 Junr.

508 1540 630 1592 ΑΜ.
669 1542 829 1591 αῙ.-7
865 1541 1187 1604 Proponerent
1230 1541 1464 1591 Har-lem.
1535 1542 1668 1592 Dein
1707 1541 1862 1605 vulgo
1897 1540 2112 1603 concilio,
2147 1538 2237 1590 sed
2272 1541 2398 1590 lect.
2437 1540 2710 1604 receptam·

1501 1741 1719 1806 No'rAE‘

509 1883 615 1929 eas,
636 1867 703 1917 de
732 1882 835 1933 qno
871 1867 1009 1917 Plin.
1040 1869 1131 1919 lib.
1152 1884 1242 1919 xv.
1266 1884 1382 1934 cap.
1408 1874 1488 1920 19.
1513 1848 1570 1920 e't

510 1947 698 1997 Cicero
720 1960 781 1996 u.
804 1947 870 1996 de
894 1946 1251 1998 Divinatione.
1307 1948 1572 2011 Postridie

510 2032 685 2074 autem
722 2023 1083 2088 nundinarum,
1105 2024 1187 2073 vel
1223 2025 1463 2088 exemplo
1485 2039 1573 2074 ee·

510 2105 737 2149 ter-orum
781 2099 1232 2163 postridianorum,
1272 2100 1361 2165 qui
1394 2116 1571 2151 omnes

512 2178 779 2227 inominati
826 2184 994 2240 erant,
1038 2187 1096 2227 ut
1139 2173 1294 2227 inodo
1339 2184 1576 2229 notatum

510 2258 610 2309 est,
629 2254 711 2302 vel
737 2260 795 2302 ut
816 2252 1079 2304 existimat
1100 2254 1419 2314 Torrentius,
1439 2254 1575 2320 quod

511 2341 629 2379 cum
668 2327 780 2377 fere
822 2326 1217 2391 proficiscantur
1242 2330 1493 2388 homines.
1517 2337 1576 2381 ut

512 2403 756 2455 nundinis
781 2404 1039 2464 intersint,
1064 2405 1154 2472 qui
1191 2407 1443 2472 postridie
1475 2409 1577 2458 iter

512 2482 775 2545 instituat,
810 2493 1133 2548 praepostere
1161 2500 1318 2550 agere
1356 2492 1411 2536 et
1431 2486 1578 2552 qnasi

513 2567 635 2624 post
655 2558 847 2609 bellum
877 2559 1146 2610 machinas
1187 2575 1371 2624 parare
1402 2563 1578 2612 videa·

515 2646 619 2687 tur.
686 2636 840 2690 Quod
888 2644 1063 2687 autem
1113 2637 1180 2687 de
1239 2638 1578 2690 similitudine

513 2714 856 2765 nundinarum
876 2721 930 2764 et
948 2715 1344 2766 novemdialium
1356 2716 1579 2774 dierum,

516 2792 603 2856 qni
641 2792 857 2843 mortuis
899 2791 1058 2843 dicati
1095 2801 1263 2849 eraut,
1298 2797 1451 2841 notat
1480 2793 1579 2843 Ca-

516 2869 662 2918 saub.
684 2868 734 2918 id
759 2877 905 2920 certe
946 2869 1080 2933 ipsas
1121 2870 1376 2919 nundinas
1403 2870 1578 2933 potius

516 2943 705 2995 feeerit
735 2944 1003 3010 infaustas,
1025 2960 1180 3011 quam
1205 2946 1580 3009 postridiauum

520 3035 698 3071 earum
721 3021 879 3070 diem.

585 3088 611 3130 ¹¹'
640 3099 937 3162 Praeceptas]
996 3100 1241 3148 Erasmus
1278 3107 1333 3150 et
1364 3100 1580 3149 Beroal-

522 3172 616 3222 dus
638 3174 818 3237 legunt
838 3180 1048 3238 receptas
1065 3192 1081 3223 .·
1125 3181 1306 3225 contra
1328 3177 1580 3226 Pulman-

513 3264 618 3298 nus
641 3258 695 3299 et
720 3263 895 3299 omnes
927 3252 1188 3301 Torrentii
1215 3252 1330 3302 libri
1364 3267 1582 3315 praecep·

521 3331 599 3375 tus
642 3326 921 3388 retinuere,
956 3334 1014 3377 nt
1053 3328 1380 3393 intelligatur
1416 3329 1482 3379 de
1519 3330 1582 3380 iis

521 3407 649 3467 quas
690 3404 802 3467 ipse
840 3405 1192 3467 praestantium
1232 3408 1470 3460 virorum,
1492 3422 1582 3458 ex·

521 3480 694 3544 emplo
716 3482 1076 3545 praecepisset,
1098 3497 1256 3547 supra
1276 3498 1324 3534 c.
1346 3488 1426 3535 31.
1466 3486 1584 3535 Ma-

517 3555 693 3620 jorum
715 3556 851 3606 enim
870 3557 1110 3608 instituto
1136 3559 1350 3611 Romani
1377 3577 1408 3611 a
1430 3575 1583 3626 pere·

522 3634 683 3702 griuis
706 3635 1010 3686 caerimoniis
1046 3637 1413 3701 abhorrebant,
1443 3640 1582 3704 quod

525 3726 557 3760 a
581 3711 801 3761 Romulo
824 3711 890 3761 ad
915 3726 1007 3762 sua
1040 3727 1199 3777 usqne
1234 3721 1469 3779 tempora
1491 3715 1583 3766 ob·

525 3796 787 3838 servatum
821 3788 1001 3839 laudat
1032 3789 1462 3841 Halicarnasseus
1494 3792 1584 3843 lib.

519 3877 593 3913 ιι.

592 3948 617 3973 V
646 3940 898 4004 [uitiatus]
934 3940 1054 3992 Hoc
1076 3948 1176 4005 est,
1196 3943 1357 3994 sacris
1379 3944 1586 3996 Cereris

525 4015 723 4067 Atticae
742 4018 1001 4081 mysteriis
1024 4018 1264 4071 imbutus.
1306 4021 1583 4086 Templum

527 4091 712 4141 diebus
745 4093 1023 4155 initiorum,
1045 4095 1142 4146 hoc
1176 4105 1277 4157 est,
1307 4098 1585 4152 sacrificio·

527 4184 659 4224 rum,
708 4170 928 4234 ingredi,
973 4172 1123 4222 alteri
1156 4174 1347 4226 licebat
1390 4178 1583 4228 nemini

521 4239 878 4311 ‚praeterquam
915 4249 1141 4300 initiato.
1208 4253 1362 4303 Unde
1406 4263 1586 4306 narrat

529 4323 704 4373 Livius
725 4323 814 4375 lib.
840 4338 877 4376 ι.
899 4324 1113 4375 decadis
1135 4330 1187 4380 4.
1203 4336 1374 4382 ortum
1391 4330 1585 4383 bellum

1645 1869 1993 1919 Athenienses
2029 1868 2166 1918 iuter
2203 1872 2257 1916 et
2293 1857 2592 1929 Philippum
2626 1881 2705 1916 re-

1646 1961 1761 2009 gem
1783 1945 2151 2004 Macedonum,
2172 1949 2385 2006 propter
2414 1941 2618 1992 occisos
2643 1942 2706 1991 ab

1647 2022 2053 2073 Atheniensibus
2077 2020 2377 2070 Acarnanas
2400 2018 2706 2068 adolescen-

1649 2105 1732 2147 tes
1754 2098 1904 2161 duo's,
1928 2097 2013 2162 qui
2052 2112 2145 2161 per
2179 2097 2290 2145 dies
2313 2096 2582 2145 initiorum
2617 2096 2708 2144 im-

1650 2177 1934 2239 prudentes
1970 2191 2066 2225 nec
2107 2174 2320 2238 initiati,
2344 2175 2594 2238 templum
2635 2175 2707 2223 in-

1651 2261 1923 2304 traverant
1945 2269 2060 2304 cum
2084 2253 2256 2303 turba.

1713 2338 1747 2362 '¹'
1781 2328 2071 2393 Prioilegio]
2117 2329 2256 2379 Tota
2287 2327 2480 2393 quippe
2502 2326 2709 2378 Groecia

1651 2406 1979 2458 sacerdotum
2012 2408 2212 2459 illorum
2244 2421 2430 2472 magna
2452 2415 2568 2456 erat
2591 2419 2710 2455 anc-

1654 2485 1857 2536 toritas.

1713 2568 1741 2596 ⁸
1773 2562 1954 2612 Atticae
1981 2560 2192 2628 Cereris]
2213 2560 2276 2610 In
2293 2559 2476 2610 Attica
2499 2559 2710 2623 regione

1651 2639 1774 2689 urbs
1792 2647 1878 2690 est
1913 2640 2134 2697 Eleusis,
2164 2638 2253 2688 ubi
2294 2638 2544 2701 templum
2584 2635 2713 2689 illud

1653 2716 2041 2767 celeberrimum
2089 2715 2317 2777 Cereris,
2349 2730 2465 2779 quae
2528 2730 2559 2764 a
2600 2715 2712 2763 loco

1652 2795 1897 2844 Eleusina
1935 2794 2110 2845 dictat
2142 2795 2308 2845 locum
2348 2793 2526 2843 ferunt
2561 2791 2712 2843 hodie

1653 2870 1759 2921 dici
1779 2870 2003 2934 Lepsia«.

1716 2957 1739 2992 1
1775 2949 2068 3014 Secretiora]
2096 2948 2254 3000 Nulla
2277 2963 2334 2998 re
2358 2948 2523 3011 tnagis
2558 2961 2711 3012 qnam

1655 3027 1864 3091 silentio
1898 3041 2059 3076 saerae
2096 3032 2248 3076 erant
2296 3025 2544 3089 ejusmodi
2569 3025 2718 3074 caeri-

1654 3102 1861 3152 moniae.
1909 3103 2152 3155 Juvenal.
2184 3101 2345 3152 Satir.
2374 3115 2472 3152 xv.
2497 3116 2576 3150 vs.
2604 3106 2714 3152 141.

1655 3180 1820 3232 ‘Quis
1858 3180 1996 3229 enim
2035 3179 2218 3242 bonus,
2252 3187 2306 3236 et
2340 3177 2456 3228 face
2510 3177 2719 3241 dignus,

1656 3254 1866 3307 Arcana
1886 3257 2091 3321 qualem
2115 3256 2318 3307 Cereris
2343 3257 2453 3306 vult
2491 3270 2607 3308 esse
2639 3269 2718 3304 sa-

1657 3332 1876 3384 cerdos.’
1963 3333 2118 3384 Unde
2161 3342 2218 3384 et
2275 3334 2527 3383 Horatius
2572 3332 2719 3397 quasi

1659 3410 2059 3462 abominandum
2108 3418 2166 3461 et
2217 3411 2430 3461 deorum
2470 3408 2719 3458 vindicta».

1659 3501 1862 3562 sperum
1886 3487 2112 3535 aversari
2135 3486 2343 3535 videtur
2366 3499 2504 3542 eum,
2524 3485 2614 3550 qui
2643 3492 2721 3535 ta·

1658 3564 1728 3614 lia
1751 3563 2031 3613 revelavit:
2060 3562 2179 3613 Ode
2196 3564 2245 3610 2.
2266 3562 2300 3611 l.
2326 3576 2411 3613 111.
2436 3562 2451 3590 ‘
2471 3562 2567 3611 Est
2583 3568 2640 3610 et
2661 3558 2720 3609 fi-

1665 3640 1768 3690 deli
1787 3646 1904 3689 tuta
1927 3640 2133 3689 silentio
2150 3640 2357 3689 Merces
2375 3655 2388 3688 :
2408 3638 2616 3693 vetabo,
2634 3638 2723 3701 qui

1664 3717 1872 3768 Cereris
1895 3730 2092 3767 sacrum
2115 3715 2360 3779 vulgarit
2383 3729 2609 3777 arcanae,
2625 3714 2721 3764 sub

1664 3796 1845 3845 iisdem
1890 3794 1969 3843 Sit
2029 3792 2293 3856 trabibus,'
2352 3796 2450 3842 διο.
2517 3794 2606 3842 De
2648 3792 2725 3842 his

1666 3872 1829 3921 multa
1869 3871 2082 3934 vulgare
2120 3885 2226 3919 non
2260 3869 2562 3920 formidavit
2601 3870 2727 3918 Ter-

1669 3948 1908 3998 tullianus
1951 3947 2097 3997 initio
2120 3946 2243 3996 libri
2281 3954 2465 3996 contra
2494 3946 2724 3995 Valenti-

1665 4028 1867 4086 nianos,
1889 4032 1946 4075 et
1970 4026 2034 4077 D.
2058 4024 2383 4088 Augustinus
2423 4024 2513 4074 lib.
2537 4037 2639 4073 vu.
2659 4022 2724 4071 de

1667 4103 1894 4153 Civitate
1920 4102 2019 4151 Dei
2043 4116 2091 4150 c.
2115 4105 2199 4150 20.
2234 4099 2302 4149 de
2335 4099 2414 4148 his
2445 4099 2614 4148 adbuc
2648 4099 2723 4147 in·

1664 4180 1747 4230 fra
1770 4194 1871 4230 uon
1903 4180 2065 4229 semel
2098 4176 2282 4229 Claud.
2320 4191 2365 4227 c.
2403 4180 2485 4227 26.
2535 4177 2723 4226 Neron.

1668 4274 1714 4311 c.
1734 4262 1816 4308 16.
1838 4262 1938 4307 διο.

1728 4342 1749 4367 ¹
1786 4331 1994 4382 Consilio
2019 4330 2262 4397 [concilio]
2288 4330 2370 4379 Ex
2410 4328 2591 4381 codice
2621 4329 2723 4381 Sal-
