3019 4922
520 410 650 476 358

520 569 676 634 tam'
704 569 1010 644 vocabat,
1031 586 1265 631 manus
1292 586 1371 629 ac
1401 565 1613 650 pedes
1661 562 1928 629 alternis
1950 560 2263 645 jactaret.
2353 559 2511 639 [83]
2559 561 2695 624 Ex—

518 673 942 736 ercitationes
979 665 1418 752 campestresi
1447 687 1766 751 equorum
1811 671 1877 729 et
1907 682 2233 728 armorum
2278 665 2503 727 statim
2543 668 2699 745 post

518 772 749 836 civilia
802 772 975 835 bella
1020 771 1264 846 omisit,
1316 769 1519 835 et1ad
1574 768 1831 850 pilam⁹
1873 767 2086 849 primo
2145 759 2697 847 folliculumquek

517 875 790 952 transiit,
821 892 985 936 mox
1013 873 1175 936 nihil
1216 871 1401 936 aliud
1430 890 1633 953 quam
1662 868 2048 933 vectabatur
2088 874 2156 931 et
2205 865 2695 938 deambulabat,

518 976 611 1038 ita
642 981 708 1039 ut
751 974 1060 1039 extremis
1110 973 1348 1057 spatiis
1402 967 1786 1035 subsultim¹
1841 970 2236 1046 decurreret,
2284 968 2562 1052 segestri
2587 974 2698 1003 ¹0¹¹¹

1366 425 1428 470 0.
1478 420 1835 470 SUETONII

1424 1201 1784 1222 OO‘OOOOOOOOO

519 1349 675 1399 Viud.
702 1355 748 1399 1.
789 1351 924 1399 Dein
949 1353 1079 1401 Exc.
1101 1353 1250 1401 Voss.
1273 1354 1528 1402 derectam.
1581 1354 1707 1401 Mox
1741 1354 1803 1400 ad
1830 1354 1937 1414 ped.
1962 1350 2094 1399 Edd.
2122 1348 2242 1397 Aut.
2281 1347 2484 1410 Gryph.
2521 1346 2700 1395 Plaut.

518 1416 735 1464 Casani).
773 1417 933 1478 Raph.
973 1418 1146 1466 Graev.
1168 1422 1343 1478 pr.-9
1378 1418 1482 1466 Pro
1501 1419 1646 1479 pilam
1668 1418 1821 1466 habet
1839 1417 2037 1479 primam
2060 1417 2270 1463 Memm.
2289 1414 2452 1474 pillum
2473 1412 2632 1460 Vind.
2657 1417 2703 1460 1.

518 1481 686 1541 Supra
710 1482 759 1528 iu
794 1481 987 1529 Medic.
1015 1487 1057 1529 1.
1087 1483 1258 1530 Exere.
1282 1498 1352 1543 eq.
1377 1487 1422 1530 et
1446 1497 1563 1530 arm.
1586 1497 1735 1543 comp.
1761 1516 1765 1521 «
1791 1481 1998 1530 Deinde
2038 1479 2399 1542 praepositione
2431 1477 2486 1524 in
2521 1484 2704 1526 carent

517 1544 709 1593 Medic.
734 1549 778 1591 l.
804 1546 954 1595 Vind.
978 1549 1025 1593 2.
1051 1548 1175 1609 Cop.
1201 1547 1351 1594 Huls.
1367 1547 1453 1609 qui
1472 1547 1626 1595 etiam
1646 1546 1870 1594 subultim
1887 1546 2122 1593 dan—10
2146 1545 2240 1592 Vel
2262 1543 2507 1602 segestrio.
2545 1542 2701 1591 Hanc

517 1608 714 1671 anncii
732 1610 1152 1665 emendationem,
1173 1612 1420 1669 prolatam
1446 1610 1575 1659 Obs.
1598 1624 1723 1660 xm.
1744 1615 1820 1659 13.
1848 1612 2074 1671 interpp.
2092 1622 2192 1657 uno
2210 1623 2298 1656 ore
2317 1605 2704 1665 nouandarum,

517 1674 822 1735 recepitque
847 1675 895 1722 iu
917 1684 1114 1723 textum
1137 1674 1293 1724 Wolf.
1327 1675 1522 1737 Scripti
1548 1684 1602 1723 et
1631 1676 1755 1724 editi
1790 1673 1901 1723 fere
1927 1689 2102 1723 omues
2129 1672 2344 1721 sestertio
2365 1672 2445 1720 vel
2467 1672 2701 1719 sextertio

514 1738 768 1797 praebent.
819 1740 966 1799 Legit
992 1739 1232 1788 Beroald.
1252 1741 1489 1794 sesticuhr,
1514 1747 1567 1788 et
1592 1739 1726 1787 idem
1751 1748 1901 1801 putat
1922 1745 2061 1803 xysto
2085 1752 2175 1799 pro
2197 1741 2383 1786 sestert.
2405 1736 2506 1797 legi
2534 1749 2702 1797 posse.

515 1801 548 1852 J
556 1810 660 1850 unt.
686 1810 740 1850 et
767 1802 1124 1865 Arg.sesticula
1146 1804 1437 1854 ediderunt.
1492 1804 1554 1853 Iu
1591 1805 1706 1852 Pal.
1730 1808 1779 1853 2.
1800 1806 2097 1853 decurrentes
2119 1803 2280 1864 tertio,
2302 1808 2356 1848 et
2388 1800 2619 1862 ascripta
2652 1801 2701 1847 iu

515 1866 682 1915 Periz.
701 1868 900 1930 glossa:
939 1870 1229 1932 Seuer-tius,
1249 1874 1265 1897 ⁶
1285 1871 1385 1919 tela
1410 1876 1711 1919 constructa
1733 1884 1796 1918 ex
1816 1868 2012 1919 duobus
2036 1868 2132 1917 filis
2152 1866 2361 1929 integris
2382 1873 2437 1914 et
2454 1864 2703 1914 dimidio.⁹

1499 2033 1719 2083 NOTAE
1812 2088 1815 2091 ,

512 2139 755 2188 sedentes
779 2140 1099 2193 lavabantur.

576 2218 591 2251 ¹
622 2222 938 2284 Campestres]
986 2222 1115 2273 Quae
1138 2221 1333 2272 fiebant
1356 2223 1404 2272 in
1427 2239 1563 2273 cam-

511 2308 581 2357 po
605 2295 815 2351 Martio,
838 2297 902 2344 de
925 2297 1111 2358 quibus
1147 2301 1387 2348 nonnulla
1410 2316 1456 2349 c.
1480 2305 1561 2352 64.

512 2386 686 2435 supra,
706 2378 761 2420 et
784 2371 1032 2421 Horatius
1055 2375 1143 2424 lib.
1168 2389 1205 2424 ι.
1224 2376 1342 2431 Ode
1360 2382 1408 2428 8.
1425 2386 1439 2407 ‘
1458 2380 1564 2428 Cur

512 2449 739 2512 apricum
764 2449 952 2501 Oderit
967 2467 1224 2518 campum,
1238 2455 1438 2519 patiens
1453 2457 1564 2522 pul·

511 2524 649 2573 veris
670 2535 825 2589 atque
850 2526 1007 2576 solis!

575 2600 598 2633 ¹¹
633 2603 793 2651 Pilum
813 2603 968 2667 primo
978 2605 1358 2669 folliculumque]
1394 2607 1564 2655 Ludo-

510 2692 622 2727 rum
647 2678 929 2729 istiusmodi
950 2681 1153 2743 species
1171 2684 1362 2732 multae.
1383 2683 1563 2745 Trigo-

508 2754 659 2816 nalis,
694 2772 805 2820 qua»
830 2758 881 2805 iu
903 2757 1120 2817 Trigoue
1146 2759 1276 2819 loco,
1298 2772 1481 2821 nempe
1503 2758 1564 2807 fi-

507 2847 648 2892 gurae
683 2833 949 2897 triquetrae
971 2833 1184 2883 thermis
1209 2842 1267 2883 ut
1293 2835 1564 2896 plurimum

492 2906 773 2970 adjuncto,
832 2909 1066 2957 exerceri
1120 2909 1287 2965 solita,
1342 2910 1564 2959 sinistrae

505 2987 798 3046 praesertim
824 3001 999 3035 manus
1028 2987 1279 3050 agilitate.
1346 2989 1565 3036 Martia·

506 3060 567 3108 lis
608 3061 927 3123 Apophoret.
959 3066 1042 3111 46.
1077 3070 1090 3089 ¹
1111 3063 1162 3110 Si
1187 3077 1266 3110 me
1289 3062 1563 3111 mobilibus

502 3133 601 3182 scis
639 3137 910 3196 expulsare
941 3135 1180 3198 sinistris,
1199 3138 1321 3186 Sum
1360 3145 1482 3194 tua;
1520 3139 1563 3185 si

509 3209 696 3264 nescis,
747 3211 957 3263 rustice.
995 3209 1156 3257 redde
1209 3210 1398 3273 pilam-⁹
1464 3211 1561 3259 Cui

508 3284 865 3345 epigrammati
889 3284 1072 3334 titulus
1098 3292 1197 3339 est,
1234 3292 1249 3313 ⁸
1270 3285 1371 3349 pila
1404 3286 1564 3349 trigo-

508 3359 673 3416 nalis?
739 3361 867 3409 Erat
909 3368 964 3410 et
1010 3362 1281 3424 paganica,
1319 3363 1452 3426 quod
1500 3377 1564 3411 ea

503 3437 690 3500 pagani
716 3451 807 3506 seu
832 3437 1007 3485 rustici
1033 3427 1319 3499 praesertim
1355 3449 1562 3487 uteren-

499 3519 603 3574 tur,
630 3514 799 3575 pluma
825 3511 1036 3572 referta,
1053 3520 1107 3562 et
1133 3515 1423 3577 trigonalis,
1447 3530 1561 3577 qnae

500 3596 554 3637 et
568 3590 672 3649 pila
688 3589 995 3652 simpliciter
1010 3589 1202 3638 dicitur
1216 3590 1400 3652 major.
1418 3592 1562 3640 Mar-

499 3667 633 3715 tialis
656 3665 779 3715 ibid.
815 3667 915 3728 Ep.
936 3670 1018 3716 4⁵.
1045 3666 1212 3715 ‘'Haec
1237 3682 1350 3730 quae
1377 3666 1554 3715 diffici-

496 3742 561 3790 lis
589 3749 764 3806 turget
799 3743 1045 3805 paganica
1075 3744 1266 3805 pluma,
1300 3743 1439 3791 Folle
1463 3743 1557 3791 mi-

498 3832 592 3866 nus
615 3818 737 3867 laxa
749 3826 916 3880 est‚et
939 3818 1108 3867 miuus
1131 3823 1275 3867 arcta
1297 3818 1401 3880 pila
1419 3814 1451 3866 :'
1468 3833 1558 3865 uu-

497 3891 563 3940 de
589 3902 738 3955 patet
769 3894 926 3942 etiam
950 3893 1125 3942 follem
1153 3894 1272 3956 pilae
1296 3907 1451 3954 genus
1477 3890 1558 3941 fu·

497 3969 618 4016 isse.
682 3969 799 4018 Hoc
825 3971 970 4033 pueri
1000 3971 1250 4019 ludebant
1283 3976 1339 4019 et
1368 3984 1558 4029 senes;

493 4042 687 4093 leutius
713 4048 848 4095 enirn
879 4046 1063 4106 fertur,
1083 4056 1140 4097 et
1171 4048 1335 4108 magis
1361 4046 1554 4097 resilit:

487 4120 634 4174 ,idem
681 4123 914 4180 Martial.
941 4124 1133 4174 ibidem
1168 4126 1305 4188 epig.
1337 4129 1419 4174 48.
1452 4124 1558 4188 qui,

495 4196 616 4257 quia
661 4211 834 4258 pugno
872 4200 1153 4254 excutitur,
1193 4200 1558 4263 pugilatorium

498 4270 687 4321 dicitur
721 4273 914 4321 Plauto
949 4274 1000 4322 in
1046 4275 1288 4326 Rudente
1319 4276 1442 4326 Act.
1464 4290 1555 4326 111.

1646 2148 1730 2195 Sc.
1752 2153 1801 2198 4.
1824 2161 1955 2195 vers.
1974 2149 2055 2195 15.
2118 2141 2391 2193 Exercitiis
2409 2140 2701 2203 hujusmodi

1644 2224 1709 2273 ad
1749 2223 1931 2272 balnea
1969 2238 2081 2272 sese
2116 2220 2491 2285 praeparabant.
2560 2220 2699 2267 Mar·

1644 2300 1751 2349 tial.
1796 2301 1884 2349 lib.
1931 2313 2028 2348 vn.
2063 2299 2202 2362 epig.
2234 2301 2318 2345 31.
2351 2295 2486 2360 quod
2524 2302 2606 2344 est
2635 2294 2699 2342 ad

1644 2376 1876 2426 Atticum
1944 2375 2218 2439 quendam,
2269 2372 2375 2430 otia
2427 2373 2696 2420 literarum

1644 2452 1903 2503 laboribus
1962 2449 2248 2516 hujusmodi
2310 2447 2698 2513 praefereutem,

1642 2532 1659 2559 ⁴
1681 2530 1799 2580 Nou
1826 2531 1949 2594 pila,
1973 2545 2074 2579 nou
2097 2528 2259 2589 follis,
2281 2542 2381 2576 uon
2406 2534 2458 2575 te
2489 2527 2698 2591 pagani·

1642 2621 1704 2655 ca
1727 2607 1936 2655 thermis
1962 2603 2274 2668 Praeparat‚’
2294 2607 2393 2654 διο.

1707 2681 1722 2716 ¹
1756 2681 2043 2745 Subsultim]
2090 2682 2209 2731 Hoc
2244 2689 2345 2741 est,
2383 2679 2696 2729 subsiliendo

1646 2764 1899 2818 curreret.
1964 2758 2092 2808 Quas
2139 2755 2502 2805 deambulandi
2548 2754 2696 2813 ratio,

1644 2834 1771 2898 ejus,
1794 2842 1854 2884 ut
1877 2832 2209 2884 casaubonus
2240 2833 2543 2889 arbitratur,
2566 2832 2709 2878 vale·-

1644 2912 1811 2961 tudini
1845 2911 2056 2975 speciali
2090 2910 2308 2974 quadam
2340 2910 2538 2957 ratione
2576 2921 2696 2956 con-

1644 2987 1902 3048 ducebat3
1930 2986 2114 3036 medici
2139 2986 2329 3049 quippe
2354 2992 2475 3034 tunc
2499 2991 2696 3046 tempo·

1644 3064 1730 3124 ris,
1751 3064 2035 3126 praeserum
2053 3062 2374 3124 Asclepiadis
2391 3067 2698 3119 sectatores,

1644 3140 1810 3187 varios
1833 3139 2202 3188 adinvenerant
2220 3137 2576 3186 deambulandi
2593 3154 2697 3187 mo-

1645 3211 1755 3273 dos,
1781 3214 1869 3276 qui
1898 3214 2085 3278 cuique
2113 3213 2289 3263 morbo
2325 3214 2698 3274 convenirent3

1644 3303 1739 3350 per
1765 3290 1937 3352 plana,
1975 3289 2055 3337 vel
2094 3304 2189 3352 per
2223 3289 2429 3348 clivosa,
2452 3289 2696 3353 longiori-

1643 3364 1755 3424 bus,
1776 3366 1857 3415 vel
1878 3365 2196 3414 brevioribus
2212 3364 2412 3425 spatiis,
2432 3372 2696 3428 contento,

1645 3442 1725 3489 vel
1750 3441 1851 3490 levi
1876 3455 2029 3490 cursu
2041 3440 2290 3504 jubentes
2317 3441 2567 3489 exerceri.
2602 3442 2694 3489 Su-

1645 3531 1740 3578 per
1777 3531 1876 3581 quo
1916 3517 2291 3579 Hippocratem
2326 3528 2392 3564 11.
2426 3524 2481 3563 et
2517 3529 2601 3564 nr.
2632 3517 2696 3564 de

1644 3593 1842 3646 Diaeta,
1864 3592 1920 3640 et
1938 3592 2232 3641 Oribasium
2253 3590 2345 3640 lib.
2364 3604 2441 3638 vl.
2465 3591 2696 3655 aliosque

1642 3669 1871 3717 medicos
1906 3666 2086 3715 laudat
2143 3666 2277 3728 idem
2312 3666 2695 3714 Caitsaubonus.

1640 3744 1722 3792 De
1766 3743 1842 3790 his
1887 3742 2045 3791 etiam
2088 3742 2331 3791 nonnulla
2364 3741 2567 3789 Plinius
2606 3742 2690 3788 lib.

1642 3833 1798 3869 xxvr.
1823 3835 1869 3867 c.
1891 3823 1943 3868 3.

1704 3901 1740 3926 ¹¹¹
1756 3895 1975 3955 Segestri
1997 3892 2258 3958 [sestertio]
2290 3893 2563 3942 Turnebus
2587 3893 2693 3942 Ad-

1641 3985 1773 4020 vers.
1797 3969 1885 4020 lib.
1908 3983 1992 4018 ιιι.
2032 3985 2079 4018 c.
2102 3973 2182 4019 18.
2217 3983 2345 4016 unus
2376 3984 2405 4017 e
2441 3971 2692 4019 Torrentii

1638 4046 1784 4095 libris
1814 4045 2108 4105 sextat-itio,
2140 4052 2195 4092 et
2230 4044 2516 4093 Beroaldus
2558 4049 2693 4093 sesti·

1637 4124 1761 4177 cula.
1803 4121 1892 4170 sed
1953 4134 2130 4168 omnes
2176 4113 2350 4181 parum
2404 4119 2689 4169 commode.

1639 4197 1948 4247 Emendavit
2004 4195 2333 4245 Casaubouus
2387 4207 2454 4241 ex
2495 4194 2690 4256 Cujacii

1640 4275 1896 4324 observat.
1935 4271 2024 4321 lib.
2067 4283 2191 4319 xm.
2235 4283 2282 4321 c.
2324 4273 2405 4320 13.
2447 4270 2691 4330 sege-strio.
