3019 4922
544 387 674 453 494
1395 401 1457 448 c.
1503 397 1591 448 sn
1605 398 1860 448 nromr

545 548 811 613 Drusus
851 545 1049 611 animi
1096 543 1422 625 fluxiori8‚
1465 543 2000 627 remissiorisque
2031 541 2187 609 vitae
2228 548 2389 609 erat.
2433 544 2438 548 ’
2478 542 2716 626 Itaque

540 669 624 712 ne
665 654 919 713 mortuo
946 647 1217 730 quidem
1258 647 1537 731 perinde
1583 646 1860 712 affectus
1902 652 2045 726 est3
2085 645 2201 710 sed
2243 643 2497 711 tantum
2539 651 2710 708 non'·

539 752 769 816 statim
813 770 855 816 a
894 749 1124 813 sunere
1168 749 1250 813 ad
1298 749 1709 830 negotiorum
1739 747 2283 812 consuetudinem
2313 746 2528 826 rediit,
2564 745 2713 830 jus-

538 854 729 918 titioq
770 852 1060 936 longiore
1096 850 1394 915 inhibito.
1483 849 1665 929 Quin
1708 855 1775 914 et
1817 849 2199 914 Iliensiumr
2240 847 2483 930 legatis
2510 847 2716 931 paulo

542 955 757 1020 serius
796 955 1337 1029 consolantibus‚³
1364 951 1581 1035 quasi
1627 950 1982 1016 obliterata
2001 950 2160 1034 ‘jam
2192 949 2445 1014 doloris
2468 967 2711 1014 memo.-

537 1057 658 1136 ria,
701 1057 995 1134 irridens„
1042 1055 1171 1120 ‘Se
1225 1051 1539 1138 quoque‚’
1580 1052 1951 1136 respondit,
2010 1051 2264 1116 ‘vicem
2323 1071 2553 1117 corum
2597 1053 2714 1118 do·

535 1158 692 1237 lere,
724 1158 899 1242 quod
944 1156 1276 1239 egregium
1322 1157 1539 1221 civem
1587 1154 1948 1220 Hectorem
1969 1162 1989 1191 ⁸
2034 1152 2456 1219 amisissent?
2544 1152 2714 1220 Ger-

533 1261 800 1325 manico
830 1278 1046 1342 nsque
1075 1257 1243 1323 adeo
1275 1257 1696 1333 obtrectavit,
1727 1263 1805 1322 ut
1843 1263 1909 1321 et
1927 1264 1958 1305 4
2001 1257 2321 1340 praeclara
2347 1258 2531 1323 facta
2561 1257 2711 1342 ejus

532 1381 657 1446 pro
690 1360 1121 1446 supervacuis
1175 1361 1479 1441 elevaret,
1527 1367 1597 1423 et
1642 1359 2156 1443 gloriosissimas
2198 1360 2536 1436 victoriaS,
2588 1378 2711 1424 ceu

533 1463 892 1528 damnosas
944 1461 1386 1546 Reipublicae,
1443 1463 1841 1544 increparet.
1930 1459 2136 1539 Quod
2192 1480 2348 1526 vero
2408 1461 2708 1526 Alexan-

533 1564 764 1641 driam,
789 1571 1051 1648 propter
1077 1564 1465 1630 immensam
1493 1571 1563 1628 et
1590 1563 1999 1647 repentinam
2019 1562 2307 1640 samem‚‘
2332 1564 2706 1629 inconsulto

532 1685 606 1731 se
652 1666 948 1743 adisset,⁵
992 1669 1270 1750 questus
1310 1673 1425 1732 'est
1470 1667 1543 1730 in
1588 1666 1859 1731 Senatu.
1946 1664 2166 1729 Etiam
2218 1685 2426 1731 causa
2473 1667 2705 1730 mortis

528 1767 737 1833 fuisse
764 1766 825 1831 ei
855 1786 979 1851 per
1008 1766 1131 1832 Cn.
1156 1766 1530 1846 Pisonem,¹²
1558 1768 1843 1850 legatum
1864 1766 2098 1851 Syriae,
2128 1767 2448 1833 creditur:
2485 1787 2704 1850 quem,

529 1890 686 1937 mox
713 1871 911 1956 hujus
939 1872 1231 1937 criminis
1259 1891 1468 1951 reum,
1498 1879 1742 1955 putant
1769 1871 2036 1956 quidam
2075 1871 2391 1935 mandata
2417 1873 2706 1956 prolatu-

527 1991 691 2054 rum,
718 1975 852 2040 nisi
881 1994 967 2040 ea
993 1980 1298 2040 secretav
1327 1971 1725 2040 obstarent.⁶
1811 1972 1942 2038 Per
1971 1992 2124 2056 quae
2152 1972 2581 2041 multifariam
2610 1975 2703 2038 in·

1449 2154 1479 2174 O

524 2268 850 2332 improbante
874 2272 1005 2335 ipso.
1074 2275 1211 2323 Dua.
1246 2273 1411 2325 Druso
1434 2290 1517 2323 an.
1551 2274 1603 2323 in
1634 2288 1734 2338 quo
1755 2289 1875 2325 mox
1895 2274 2081 2325 desunt
2099 2279 2202 2325 erat
2222 2274 2397 2338 itaque,
2429 2287 2598 2337 neque
2620 2273 2718 2323 lna-¹

522 2333 713 2404 bentqr
736 2335 826 2386 ina
844 2336 989 2387 vite.
1012 2339 1046 2388 i.
1064 2338 1114 2386 in
1138 2337 1333 2389 Medic.
1344 2343 1393 2389 2.
1413 2339 1632 2403 cnj.—-2
1653 2341 1824 2388 Tamen
1846 2355 1939 2389 non
1956 2341 2116 2389 Fouc.
2139 2339 2310 2388 Periz.
2330 2345 2385 2388 et
2406 2338 2540 2388 Edd.
2557 2337 2699 2388 Vett.

525 2407 751 2464 excepta
781 2400 913 2450 Veu.
934 2406 981 2449 1.
1004 2403 1222 2469 aliaeque
1240 2418 1353 2453 cum
1382 2405 1555 2455 Nonn.
1621 2404 1778 2469 Legit
1799 2405 1950 2455 Torr.
1972 2410 2095 2454 tant.
2114 2420 2204 2453 mm
2225 2419 2256 2460 u
2277 2401 2394 2463 fun.
2431 2405 2699 2467 expunctis

524 2461 659 2527 aliis,
692 2466 946 2530 probante
978 2469 1158 2518 Burm.
1181 2469 1263 2519 vel
1287 2474 1409 2519 tant.
1432 2470 1554 2534 quod
1572 2485 1603 2518 a
1619 2470 1735 2528 fun.
1801 2470 1863 2519 In
1888 2471 2010 2521 Bas.
2038 2469 2240 2533 Gryph.
2262 2469 2433 2518 Plant.
2464 2474 2588 2519 taut.
2611 2484 2698 2520 non

522 2534 639 2580 atat.
670 2537 778 2593 post
807 2548 838 2580 a
860 2530 975 2592 sun.
1063 2535 1232 2583 Deest
1276 2539 1382 2596 post
1431 2535 1552 2597 Cuj.
1603 2534 1727 2584 item
1764 2542 1817 2583 et
1848 2536 1994 2584 rediit
2037 2534 2234 2584 Medic.
2279 2537 2326 2583 l.
2370 2547 2399 2581 n
2445 2549 2523 2596 pr.
2568 2549 2699 2583 m.—

521 2597 552 2641 3
591 2594 919 2646 consularibus
943 2599 1097 2647 Foue-
1144 2599 1341 2649 Postea
1359 2599 1439 2661 qui
1470 2614 1573 2659 egr.
1595 2599 1824 2663 Cop.—4
1862 2600 1929 2649 Ut
1946 2600 2089 2648 etiam
2110 2599 2266 2648 vind.
2283 2601 2331 2646 2.
2358 2599 2501 2649 cort.
2527 2599 2697 2648 Perit.

521 2656 758 2709 Heriem.
781 2675 895 2710 cum
919 2662 1054 2712 Edd.
1077 2664 1204 2712 Saec.
1227 2676 1323 2713 xv.
1347 2662 1704 2727 pluribusque.
1749 2664 1888 2713 Dein
1911 2664 2265 2727 supervacaneis
2288 2662 2442 2713 vind.
2462 2669 2512 2713 2.
2532 2670 2588 2714 et
2607 2666 2698 2713 eln-

519 2728 621 2773 eret
640 2723 835 2777 Medic.
867 2730 916 2776 2.
948 2733 1162 2791 uterque
1183 2727 1340 2776 Vind.
1363 2728 1507 2778 Cort.
1532 2729 1646 2777 Pal.
1664 2733 1710 2778 1.
1729 2730 1778 2776 8.
1812 2728 1982 2778 Periz.
2021 2728 2251 2778 Heriem.
2289 2726 2391 2777 duo
2418 2729 2565 2779 Torr.
2590 2728 2699 2792 Cuj.

518 2785 663 2837 Dun.
686 2788 820 2840 Edd.
836 2790 985 2841 Rom.
1006 2805 1114 2842 sec.
1128 2793 1261 2841 Ven.
1283 2799 1349 2842 tr.
1373 2791 1539 2856 Lugd.
1558 2792 1626 2841 al.
1648 2793 1850 2843 eluderet
1867 2795 2017 2843 Voss.
2037 2808 2152 2842 cum
2170 2807 2271 2842 uno
2285 2794 2430 2842 Torr.
2453 2800 2507 2842 et
2533 2792 2698 2841 Noun.

519 2856 581 2923 ut
603 2852 759 2902 etiam
784 2854 924 2917 Lips.
946 2870 1111 2920 marg.
1135 2857 1332 2917 alle-tit,
1360 2856 1613 2907 elevaverit
1636 2857 1766 2920 Gop.
1799 2860 1996 2908 eleuarit
2019 2858 2228 2908 Merum.
2249 2857 2445 2908 Medic.
2461 2862 2509 2906 1.
2529 2860 2579 2907 8.
2601 2858 2696 2906 Po·

517 2915 599 2965 ht.
618 2916 753 2967 Edd.
774 2917 921 2970 Juut.
950 2918 1074 2973 Ald.
1105 2920 1234 2985 Arg.
1254 2920 1436 2984 Steph.
1466 2922 1645 2970 Burm.
1684 2935 1797 2986 quae
1832 2937 2004 2971 omues
2027 2937 2146 2973 mox
2169 2923 2415 2973 exhibent
2441 2921 2695 2984 increparit

517 2987 703 3053 contra
724 2983 850 3033 Mse.
918 2986 1081 3035 Deest
1100 2986 1266 3036 victor.
1289 2987 1424 3035 Ven.
1451 2990 1593 3034 1.-6
1632 2984 1847 3035 ,adiisset
1873 2987 2027 3036 Vind.
2049 2992 2097 3038 1.
2130 2987 2300 3037 Perit.
2364 2987 2494 3035 Tum
2514 3000 2697 3035 caum

516 3057 570 3091 m
593 3045 719 3108 Cop.
734 3055 957 3111 utroque
979 3049 1134 3098 Vind.
1156 3050 1254 3100 Ed.
1279 3049 1396 3098 Ald.
1462 3050 1655 3099 Exulat
1676 3051 1886 3100 creditur
1914 3067 1947 3101 a
1976 3052 2189 3102 Memm.
2209 3050 2404 3101 Medic.
2420 3055 2467 3100 l.
2485 3054 2540 3104 ,3.
2565 3051 2689 3112 Cop.

515 3109 782 3159 crederem
802 3119 949 3161 extat
968 3113 1018 3160 in
1041 3113 1238 3163 Medic.
1254 3117 1302 3162 2.
1323 3115 1513 3164 credere
1534 3114 1650 3178 Cuj.
1672 3114 1807 3164 unde
1830 3117 1967 3180 conj.
1993 3115 2131 3166 Oud.
2147 3131 2333 3165 camm
2353 3130 2417 3164 m.
2432 3116 2483 3176 s.
2519 3115 2584 3174 ei,
2614 3114 2691 3175 &a

513 3173 702 3223 credere
722 3178 794 3225 est
812 3175 922 3225 eive
938 3177 1163 3226 ἥσει-6
1197 3177 1312 3226 Nisi
1331 3192 1387 3228 ea
1404 3183 1583 3228 secreto
1603 3184 1840 3229 ostendant
1861 3196 1965 3245 quoe
1984 3181 2121 3233 unali.
2137 3181 2283 3231 inser.
2309 3181 2521 3231 Mamm.
2546 3179 2692 3230 Huic·

1491 3343 1544 3393 N
1551 3342 1716 3395 01*AE

576 3440 602 3476 ε
621 3434 849 3500 Jmtitio]
877 3435 1148 3488 Justitium
1166 3438 1338 3490 Gellio
1355 3439 1446 3490 lib.
1464 3455 1562 3490 xx.
1640 3450 1698 3491 et
1718 3438 1924 3507 novum,
1942 3442 2008 3492 de
2031 3434 2133 3508 quo
2166 3444 2316 3507 plura
2339 3441 2473 3492 idem
2498 3448 2687 3493 auctor.

510 3525 628 3575 cap.
653 3516 699 3561 1.
723 3521 805 3563 est
829 3514 974 3578 quasi
997 3515 1131 3578 juris
1153 3515 1451 3573 interstitio,
1473 3525 1563 3568 ant
1640 3517 1815 3568 Hodie
1852 3527 2001 3569 vetus
2036 3534 2220 3570 nomen
2259 3519 2489 3570 retinens
2532 3518 2687 3582 Tnv'a,

501 3586 636 3649 juris
660 3588 840 3650 statim
875 3596 998 3640 tunc
1017 3591 1152 3641 enim
1175 3592 1385 3656 publica
1405 3608 1562 3658 nego·
1638 3602 1776 3645 teste
1797 3597 2075 3660 Sophiano.

508 3663 583 3710 tia
604 3663 892 3721 cessabant.
921 3675 1136 3731 propter
1167 3668 1359 3719 luctum
1392 3670 1558 3734 publi·
1702 3680 1721 3705 ⁸
1753 3673 2033 3736 Hectorem]
2086 3671 2189 3726 Qui
2225 3672 2365 3722 mille
2394 3672 2539 3722 aunis
2574 3678 2690 3720 ante

510 3753 645 3796 cum,
666 3741 804 3790 uude
826 3741 879 3791 in
904 3741 1225 3807 Reipublicae
1256 3747 1559 3797 calamitati·
1638 3749 1837 3799 occisus
1859 3747 2051 3799 fuerat.
2103 3748 2322 3798 Tardum
2346 3749 2549 3798 illorum
2571 3762 2688 3799 con-

446 3871 458 3881 ·
509 3815 605 3865 bus
646 3816 802 3868 indici
842 3820 1048 3870 solitum
1097 3830 1198 3872 est.
1286 3823 1557 3873 Lucanus:
1640 3825 1943 3874 solationem
1968 3824 2121 3874 ridet.

502 3892 520 3917 ‘
547 3891 836 3958 Clausaque
862 3894 1071 3958 justitio
1101 3897 1241 3948 tristi
1269 3896 1421 3961 fora,'
1458 3902 1558 3949 ὅτε.
1701 3900 1719 3932 ⁸
1749 3899 1966 3962 Famem]
2011 3898 2144 3950 Quae
2186 3890 2404 3949 Romam
2450 3899 2684 3961 vexabat,

506 3965 576 4013 E't
600 3968 749 4029 phire
769 3968 963 4023 Livius.
1639 3988 1741 4038 quo
1762 3970 2078 4038 praecipriam
2098 3988 2161 4023 ex
2193 3974 2418 4039 AEgypto
2437 3988 2685 4025 annonam

569 4047 590 4073 ¹
622 4040 890 4108 Iliensium]
923 4048 1273 4112 Trojanorum.
1315 4050 1438 4100 ‘Sed
1465 4049 1557 4100 du-
1638 4050 1809 4100 invehi
1829 4050 2030 4100 solitam
2047 4048 2223 4114 fuisse,
2238 4051 2349 4114 jam
2372 4064 2527 4116 supra
2545 4061 2682 4100 nota-

507 4113 631 4175 plex
651 4113 749 4165 fuit
771 4118 952 4181 Ilium;
987 4124 1193 4173 scilicet
1227 4130 1389 4188 vetus,
1411 4125 1556 4189 cujus
1638 4131 1743 4175 tum
1768 4132 1850 4176 est
1872 4126 1924 4175 in
1945 4125 2087 4178 Julio
2109 4139 2223 4188 cap.
2246 4128 2327 4174 85.
2351 4128 2453 4175 ὅτε.

505 4187 662 4272 nullae
680 4191 837 4241 etiam
856 4194 1054 4247 Tiberii
1087 4199 1405 4263 temporibus
1435 4201 1555 4251 reli·
1702 4211 1726 4236 ¹¹
1759 4202 2002 4265 Pisonem]
2053 4204 2133 4253 De
2165 4217 2266 4268 quo
2293 4217 2449 4267 snpra
2469 4216 2585 4267 cap.
2605 4205 2682 4251 42.

509 4276 660 4327 quroe,
682 4271 740 4314 ut
764 4274 943 4319 auctor
974 4281 1056 4323 est
1093 4274 1281 4325 Strabo
1311 4274 1403 4330 lib.
1425 4290 1554 4327 xm.
1699 4284 1723 4310 v
1756 4278 1835 4327 Ea
1874 4278 2075 4342 σοι-νοω]
2136 4278 2468 4330 Cuaubonus
2512 4280 2682 4343 legen-
