3019 4922
522 383 654 453 304

525 544 935 630 quorundam
964 541 1315 607 invidiosis
1367 546 1482 607 aut
1528 543 1979 626 petulantibus
2030 541 2411 620 lacessitae,
2446 547 2720 606 contra·

527 648 702 715 dixit
744 646 981 711 edicto.
1073 643 1162 708 Et
1213 650 1440 710 'tamen
1490 645 1574 710 de
1618 645 1979 712 inhibenda
2007 641 2596 708 testamentorum⁶
2641 643 2724 706 li·

528 749 782 814 centia⁰
809 768 893 811 ne
916 745 1277 829 quicquam
1308 748 1835 824 constitueretur,
1868 746 2275 810 intercessit.
2347 744 2508 827 [56]
2532 743 2748 825 Quo--

526 852 653 917 ties
677 859 702 899 ⁷
746 850 1254 932 magistratuum
1299 849 1589 913 comitiis
1637 850 2010 928 interesset,
2042 848 2257 913 tribus
2289 867 2438 912 cum
2491 846 2725 913 candi-

525 953 700 1026 datis
728 949 916 1022 suisd
948 950 1391 1028 circumibat,⁸
1416 952 1975 1036 supplicabatque
2008 970 2197 1016 more
2232 950 2533 1014 solenni.‘³
2590 948 2727 1013 Fe-

524 1056 714 1121 rebat
768 1062 839 1120 et
887 1056 1034 1138 ipse
1079 1052 1462 1136 suffragium
1496 1055 1566 1118 in
1607 1050 2100 1132 tribubus,⁹fut
2142 1071 2315 1117 unus
2363 1073 2399 1116 e
2444 1051 2725 1135 populo.

1373 400 1448 447 ‘G'-
1494 399 1584 450 SU
1598 399 1780 448 E'rON
1796 395 1852 445 11

1775 1241 1803 1261 O

526 1376 697 1439 ipsum
735 1382 1094 1440 argumentum
1135 1376 1321 1429 docet!
1359 1378 1569 1441 Baumg.
1636 1380 1772 1430 Rell.
1810 1377 1945 1427 Edd.
1983 1389 2167 1452 novum
2205 1379 2366 1450 caput
2402 1371 2655 1434 incipiunt
2697 1388 2751 1438 a,

527 1443 679 1491 Jocis.
745 1443 984 1492 Ceterum
1021 1442 1172 1492 Miill.
1195 1452 1256 1492 ut
1279 1444 1447 1493 omnia
1481 1444 1661 1494 melius
1687 1445 1998 1504 cohaereant,
2025 1455 2159 1504 conj.
2192 1442 2327 1516 ..Iocis
2346 1453 2611 1501 quanquam
2633 1468 2648 1484 .
2672 1470 2689 1485 .
2714 1471 2730 1489 .

526 1512 737 1555 attamen
758 1510 1002 1571 seqq.—6
1035 1508 1205 1569 Sigon.
1223 1508 1373 1572 Disp.
1394 1508 1580 1560 Patav.
1601 1514 1647 1560 1.
1668 1508 2018 1572 reponendum
2044 1513 2245 1555 censuit
2259 1508 2642 1581 scommatorum,
2674 1509 2732 1552 et

523 1571 581 1621 in
602 1571 759 1619 vind.
775 1575 821 1622 1.
843 1586 960 1621 cum
984 1571 1097 1620 aliis
1122 1572 1346 1622 Casaub.
1364 1574 1688 1634 estjocorum.
1740 1574 1933 1623 Postea
1948 1587 2007 1621 ne
2026 1586 2102 1635 qu.
2122 1572 2313 1619 constit.
2335 1568 2483 1617 dedit
2507 1568 2731 1642 Baumg.

524 1633 646 1685 'cum
671 1635 835 1684 Gron.
854 1643 909 1695 et
932 1635 1073 1685 Oud.
1100 1639 1413 1688 auctoritate
1433 1639 1647 1688 Memm.
1668 1638 1823 1687 vind.
1853 1643 1899 1687 1.
1922 1636 2244 1700 ρτονυΙςαῐο
2264 1648 2325 1681 ne
2346 1631 2550 1707 Senatus
2569 1647 2732 1695 quicq.

527 1699 852 1750 constitueret.
898 1700 963 1749 In
982 1701 1133 1750 Vind.
1156 1708 1203 1751 2.
1228 1704 1330 1751 alio
1353 1703 1536 1753 ordine
1568 1719 1627 1752 ne
1660 1719 1736 1767 qu.
1769 1702 1880 1751 Sen-
1915 1705 2061 1751 const.
2111 1699 2326 1749 Habent
2362 1696 2558 1772 Medic.
2599 1700 2649 1744 1.
2686 1701 2734 1746 3.·

528 1764 692 1813 Polit.
715 1765 843 1828 Cop.
861 1765 1012 1816 Huls.
1034 1771 1081 1815 et
1105 1771 1258 1816 tamen
1279 1782 1339 1816 ne
1359 1769 1415 1817 de
1435 1768 1474 1817 i.
1497 1773 1537 1817 t.
1560 1769 1592 1816 t.
1614 1782 1690 1832 qu.
1723 1768 2200 1816 comtitueretur.—7
2239 1764 2468 1819 Quotiens
2491 1762 2653 1837 ξορα.
2676 1769 2732 1810 et

521 1825 686 1878 >edixit
721 1844 813 1891 pro
839 1829 1078 1879 intercess.
1115 1830 1364 1881 Huls.-—8
1402 1833 1650 1881 circuibat
1689 1832 1825 1882 Edd.
1864 1833 2013 1880 Vett.
2051 1844 2165 1879 cum
2188 1827 2341 1878 codd.
2375 1828 2632 1901 plurimis,
2675 1833 2732 1875 et

522 1891 741 1942 'edidere
766 1893 904 1943 Oud.
925 1893 1082 1943 Wolf.
1114 1896 1246 1945 Dein
1269 1897 1465 1961 supplic.
1484 1898 1596 1946 sine
1612 1898 1799 1959 copula
1821 1895 1975 1946 vind.
1994 1898 2139 1945 1.—9
2157 1893 2244 1942 Ita
2259 1899 2526 1968 rescripsit
2545 1890 2730 1939 Graev.

520 1957 562 2020 {e
583 1958 700 2008 Pal.
726 1962 773 2006 1.
792 1965 847 2007 et
865 1959 969 2007 Ms.
1004 1960 1217 2021 Nonnii,
1239 1963 1579 2025 probantibus
1599 1962 1823 2011 Casaub.
1841 1961 1992 2011 Grut.
2017 1966 2071 2007 et
2094 1959 2205 2033 alii-s
2228 1959 2424 2016 multis,
2439 1954 2731 2022 accedente

530 2036 735 2088 quoque
753 2023 909 2072 vind.
930 2028 979 2074 2.
1022 2023 1074 2074 in
1095 2025 1248 2075 tribtoe
1270 2027 1520 2091 Medicei,
1537 2027 1693 2077 vind.
1718 2031 1766 2077 1.
1785 2026 1903 2075 Pal.
1927 2030 1976 2076 2.
1999 2028 2046 2073 3.
2065 2024 2237 2073 Periz.
2255 2023 2385 2086 Cop.
2406 2022 2566 2071 Fouc.
2590 2019 2730 2069 Har·

1515 2189 1730 2241 NOTAE

522 2275 621 2330 'nes
657 2280 734 2331 ita
771 2280 1065 2347 designasse
1097 2283 1248 2335 factis
1275 2299 1450 2336 eorum
1476 2287 1582 2338 dic-

525 2355 714 2420 tisque,
733 2363 792 2407 ut
807 2358 1033 2421 ignorari
1048 2375 1149 2409 non
1165 2369 1398 2425 possent,
1411 2378 1586 2427 quam-

527 2432 606 2483 vis
635 2433 885 2498 publicati
918 2437 1014 2486 sub
1045 2437 1146 2488 alio
1178 2438 1400 2496 nomine,
1435 2453 1585 2504 quam

526 2524 710 2571 ,eorum
737 2513 919 2576 quibus
942 2515 1340 2565 maledicebant.

592 2585 618 2620 δ
648 2586 809 2649 Jocis]
841 2588 1024 2639 Plures
1045 2589 1110 2639 ab
1131 2590 1245 2653 ipso
1267 2597 1323 2640 et
1344 2591 1394 2640 in
1419 2590 1587 2655 ipsum

521 2662 755 2726 jactatos
775 2664 985 2729 collegit
1013 2667 1328 2727 Macrobius,
1361 2675 1416 2719 et
1451 2676 1589 2720 retu·

527 2737 593 2787 lit
617 2738 705 2788 lib.
730 2753 794 2789 11.
820 2754 865 2789 c.
895 2745 944 2791 4.
1144 2778 1152 2783 -

595 2822 620 2850 ‘²
650 2815 912 2866 Inhibenda
948 2823 1330 2870 testamentorum
1371 2820 1588 2886 licentia]

526 2887 818 2941 Licentiam
851 2893 984 2943 hanc
1004 2886 1306 2946 Torrentius
1344 2897 1591 2962 intelligit

529 2965 836 3029 simpliciter
859 2969 924 3018 de
941 2970 1182 3022 libertate
1199 2972 1587 3025 condendorum

526 3051 979 3111 testamentorum,
991 3065 1141 3114 quam
1161 3051 1450 3103 libellorum
1468 3069 1588 3105 auc-

529 3118 728 3168 toribus
750 3127 983 3183 ereptam
1005 3122 1164 3173 fuisse
1183 3134 1388 3178 constat
1409 3143 1474 3177 ex
1499 3130 1590 3178 Ul·

528 3194 688 3258 piano
710 3194 746 3245 Ι.
768 3209 821 3245 v.
846 3194 903 3247 ff.
953 3199 1018 3248 de
1052 3199 1251 3263 injuriis
1288 3210 1345 3253 et
1380 3203 1588 3253 famosis

528 3269 738 3328 libellis,
791 3279 847 3322 et
883 3274 1087 3337 quidem
1121 3276 1591 3343 senatusconsulto,

528 3349 570 3400 1.
611 3361 783 3399 xvrn.
814 3347 870 3400 ff.
931 3352 1018 3416 qui
1066 3359 1377 3404 testamenta
1416 3355 1593 3406 facere

528 3431 768 3490 possunt.
833 3426 921 3477 ‘Si
944 3428 1058 3493 quis
1091 3430 1157 3479 ob
1192 3445 1396 3482 carmen
1431 3430 1591 3484 famo·

530 3516 647 3552 sum
686 3502 976 3566 damnetur,
1007 3505 1465 3559 Senatusconsulto
1500 3525 1591 3560 ex·

528 3594 766 3644 pressum
801 3589 904 3645 est,
927 3589 987 3632 ut
1020 3583 1335 3634 intestabilis
1358 3586 1441 3648 sit,
1462 3600 1587 3650 ergo

526 3661 631 3707 ⁴nec
654 3663 1022 3708 testamentum
1053 3658 1227 3710 facere
1253 3662 1466 3724 poterit,
1487 3676 1588 3714 nec

529 3732 598 3782 ad
616 3736 979 3782 testamentum
997 3733 1266 3785 adhiberi.'
1301 3736 1452 3788 Quod
1469 3737 1588 3789 huic

527 3809 645 3858 loco
678 3810 899 3859 maxime
933 3811 1208 3860 convenire
1243 3811 1496 3883 videatur,
1533 3815 1588 3864 ni

531 3886 722 3943 obstet,
770 3887 906 3951 quod
940 3895 1124 3937 contra
1167 3888 1391 3952 Augusti
1430 3892 1588 3940 inter·

532 3963 816 4012 cessionem
849 3964 1012 4013 latam
1033 3961 1188 4014 fuisse
1211 3964 1477 4016 fatendum
1512 3982 1589 4017 es-

530 4043 633 4097 set.
666 4037 824 4088 Certe
839 4039 1174 4090 Casaubonus
1194 4043 1393 4100 merito,
1418 4042 1470 4091 ni
1493 4040 1589 4092 fal·

531 4111 631 4166 lor,
663 4111 933 4176 distinguit
954 4114 1213 4166 licentiam
1253 4132 1284 4166 a
1314 4117 1587 4168 libertate:

530 4186 648 4251 lraec
668 4187 800 4236 enim
825 4194 906 4238 est
924 4204 1064 4240 mera
1087 4191 1313 4243 testandi
1334 4190 1587 4255 facultas;

528 4259 626 4311 illa
646 4267 817 4315 autem
839 4265 1131 4329 petulantia
1150 4270 1381 4335 quaedam
1415 4271 1467 4323 in
1485 4276 1590 4323 tes·

1665 2286 1843 2350 tando,
1866 2301 1982 2351 quae
2005 2300 2188 2350 magna
2208 2288 2333 2334 tanc
2356 2280 2605 2345 temporis
2630 2278 2734 2329 fuit

1666 2363 1804 2428 apud
1831 2366 2114 2424 Romanos3
2136 2361 2370 2411 solebant
2393 2358 2602 2407 enimin
2624 2365 2727 2406 tes-

1664 2439 1909 2490 tamentis
1948 2440 2050 2489 suis
2092 2439 2219 2489 alios
2274 2436 2566 2499 increpare,
2616 2433 2730 2483 aliis

1666 2517 2000 2573 maledicere,
2043 2522 2102 2565 ut
2147 2515 2215 2564 de
2258 2511 2496 2562 Fulcinio
2536 2510 2727 2559 Trione

1667 2600 1848 2644 narrat
1887 2593 2098 2642 Tacitus
2142 2590 2279 2641 Ann.
2325 2602 2403 2638 v1.
2439 2600 2487 2636 c.
2522 2589 2604 2636 38.
2639 2585 2728 2650 qui

1666 2671 1682 2703 ⁶
1700 2669 1951 2733 supremis
1976 2667 2162 2719 tabulis
2192 2666 2354 2715 multa
2376 2669 2432 2712 et
2455 2662 2652 2713 atrocia
2675 2662 2728 2711 in

1667 2745 1970 2794 Macronem
2032 2739 2355 2807 composuit-⁹
2420 2740 2491 2788 Et
2539 2739 2731 2788 Annal.

1670 2834 1791 2873 xw.
1829 2821 1894 2870 de
1932 2819 2165 2870 Fabricio
2210 2817 2497 2867 Veientone
2531 2814 2730 2865 ‘multa

1670 2904 1728 2947 et
1752 2896 2004 2962 probrosa
2044 2896 2097 2944 in
2134 2902 2307 2958 patres
2337 2899 2394 2943 et
2429 2889 2728 2940 sacerdotes

1670 2973 1983 3037 composuit,
2019 2972 2082 3021 iis
2121 2971 2266 3021 libris
2307 2968 2491 3033 quibus
2538 2979 2728 3015 nomen

1670 3049 2025 3098 codicillorum
2048 3043 2297 3096 dederat.’
2360 3041 2601 3105 Sigonius
2637 3041 2729 3091 lib.

1670 3142 1711 3177 ι.
1755 3127 2159 3190 disputationum
2201 3122 2591 3177 Patavinarum,
2637 3135 2730 3185 pro

1669 3209 2049 3253 testamentorum
2085 3199 2325 3250 emendat
2356 3202 2732 3258 scommatorum,

1673 3279 1809 3343 quod
1834 3280 1984 3342 vulgo
2009 3278 2269 3343 rejiciunt,
2288 3276 2518 3341 quamvis
2541 3275 2593 3323 in
2617 3275 2727 3338 qui-

1671 3355 1888 3407 busdam
1931 3356 2192 3406 codicibus
2234 3355 2452 3415 jocorum
2503 3358 2730 3401 testetur

1670 3431 1775 3494 legi
1797 3430 2150 3481 casaubonus.
2456 3452 2459 3455 ·

1733 3505 1774 3545 ⁶·
1795 3509 1914 3556 Cum
1930 3508 2197 3557 candidatis
2210 3507 2332 3570 suis]
2354 3503 2487 3555 Vide
2513 3503 2566 3552 iu
2588 3502 2624 3554 J
2630 3500 2730 3551 ulio

1667 3598 1714 3634 c.
1736 3586 1820 3634 41.
1836 3583 1934 3633 hoc
1959 3584 2176 3647 amplius
2192 3583 2423 3632 faciebat
2443 3579 2728 3642 Augustus,

1671 3660 1805 3725 quod
1851 3660 2013 3710 tribus
2051 3660 2165 3725 ipse
2204 3659 2466 3721 circuiret,
2518 3656 2726 3706 libellos

1667 3750 1771 3786 non
1794 3734 2043 3785 mitteret.

1731 3819 1754 3845 ⁶
1785 3813 1925 3862 More
1966 3811 2170 3874 solenni]
2206 3810 2311 3863 Qui
2349 3810 2560 3874 vigente
2590 3808 2754 3872 Rep.'

1670 3887 1899 3951 vigebat,
1918 3894 1975 3937 ut
1994 3902 2179 3951 nempe
2202 3886 2449 3937 honorum
2473 3887 2725 3950 petitores

1669 3964 1835 4014 tribus
1857 3964 2154 4025 circuirent,
2185 3965 2412 4027 singulos
2447 3964 2723 4027 prehensa·

1668 4047 1803 4091 rent.
1868 4042 2006 4090 Vide
2027 4044 2079 4089 in
2101 4041 2135 4092 J
2143 4040 2207 4089 ul.
2230 4054 2345 4104 cap.
2372 4045 2450 4089 19.

1732 4115 1754 4149 f
1780 4119 1854 4167 [η’
1867 4117 2082 4167 tribubus
2114 4117 2292 4183 [tribu]
2328 4116 2636 4166 Torrentius
2670 4116 2719 4164 in

1667 4193 1867 4245 duobus
1889 4194 2034 4244 libris
2054 4195 2182 4259 legit
2199 4196 2253 4245 in
2275 4194 2446 4256 tribus,
2460 4193 2599 4243 unde
2617 4193 2718 4243 col-

1666 4270 1784 4336 ligit
1819 4272 1871 4322 in
1906 4272 2037 4324 tribu
2066 4287 2170 4325 sua.
2237 4269 2577 4323 casaubonus
2600 4268 2717 4319 reti⁶
