3019 4922
2359 422 2491 489 223
2571 379 2580 384 ’

304 551 627 626 nerentur.
716 562 928 630 Vovit
954 572 1019 631 et
1048 571 1589 651 magnosludos⁰
1635 574 1799 640 Jovi
1831 575 2108 661 Optimo
2150 577 2494 663 Maximo,

307 678 368 725 sl
405 674 921 730 RESPUBL10A5
959 686 1038 732 ιΝ
1070 687 1465 737 ΜΕωοιιΕΜ
1499 692 1803 741 STATUM
1837 687 2485 768 vssn'rissu‘rzquod

303 762 547 829 sactum
583 767 921 835 Cimbrico
956 771 1430 859 Marsicoquep
1475 779 1653 843 bello
1684 788 1847 845 erat.
1934 781 2129 848 Adeo
2161 785 2487 871 denique⁶

305 874 792 969 consternatum
823 872 1059 949 ferunt,
1088 883 1162 941 ut
1191 897 1310 960 per
1335 882 1693 945 continuos
1725 887 2246 963 menses,·barba
2275 892 2482 974 capil-

302 966 502 1051 loque
533 975 914 1055 summisso,
946 984 1152 1062 caput
1180 979 1503 1046 interdum
1549 984 1805 1049 foribus
1830 994 1854 1032 ‘³
1899 988 2205 1068 illideret,
2235 994 2482 1058 vocise-
2581 1031 2584 1034 ·

1198 424 1589 477 OCTAVIUS.

1215 1158 1572 1182 OOOOOOOOOOO

298 1269 529 1322 Harlem.
552 1270 724 1322 Periz.
750 1272 884 1322 Edd.
911 1274 1058 1324 Rom.
1079 1274 1214 1325 Ven.
1240 1282 1305 1325 tr.
1326 1277 1458 1326 Bon.
1483 1279 1648 1341 Lugd.
1676 1279 1793 1330 Ald.
1816 1281 1849 1331 J
1856 1290 1963 1330 unt.
1983 1282 2111 1345 Arg.
2146 1283 2242 1333 nisi
2277 1288 2411 1350 quod
2446 1307 2477 1340 ιι

300 1344 415 1383 ante
445 1336 620 1398 peritis
660 1338 942 1400 praebeant.
974 1344 1027 1387 ιιι
1058 1339 1118 1387 ab
1149 1348 1320 1391 assuet-
1347 1342 1460 1391 cod.
1494 1344 1616 1393 Pul.
1639 1351 1691 1394 ut
1714 1362 1744 1394 a
1776 1361 1877 1408 per.
1895 1348 2088 1398 Medic.
2114 1354 2224 1398 1.8.
2246 1352 2401 1402 Vind.
2425 1360 2477 1405 2.

298 1399 452 1449 Fouc,
481 1401 612 1463 Cop.
648 1402 743 1451 Ed.
765 1403 947 1465 Steph.
969 1405 1157 1454 omisso
1180 1410 1342 1454 ete-5
1379 1407 1464 1456 Ita
1480 1423 1545 1457 ex
1565 1411 1892 1473 suggestione
1915 1413 2128 1462 Memm.
2149 1423 2202 1463 et
2218 1414 2359 1465 Pith.
2397 1432 2477 1467 re·

297 1466 616 1528 scripserunt
652 1467 797 1518 Torr.
837 1468 1059 1519 Casaub.
1099 1477 1155 1519 et
1189 1483 1480 1534 sequentes.
1519 1474 1869 1537 Rempublz'eam
1905 1477 2095 1527 habent
2134 1477 2247 1528 Pal.
2269 1485 2318 1529 8.
2342 1483 2476 1545 Cop.

293 1527 460 1578 Periz-
482 1532 715 1580 Harlem.
733 1540 787 1581 et
810 1533 939 1584 Edd.
957 1532 1068 1582 fere
1085 1533 1151 1583 Ο.
1221 1536 1381 1590 Paulo
1405 1547 1527 1586 ante
1546 1540 1660 1587 Jovi
1682 1556 1850 1600 magno
1869 1542 2045 1604 optimo
2069 1543 2212 1596 Cort.
2245 1545 2476 1595 Harlem.

296 1592 462 1644 Periz.
489 1596 621 1645 Edd.
647 1597 826 1659 Camp.
849 1599 985 1647 Ven.
1007 1606 1073 1649 tr.
1097 1599 1342 1650 Mem—6
1368 1603 1495 1650 Adeo
1517 1617 1711 1667 namque
1732 1607 1962 1668 quaedam
1999 1607 2189 1670 Vulgg.
2220 1610 2352 1659 Edd.
2384 1613 2476 1661 sed

296 1658 416 1708 illud
447 1661 684 1721 praebent
707 1662 854 1711 multi
879 1677 939 1711 ac
960 1664 1143 1725 optimi
1161 1664 1315 1714 codd.
1351 1680 1466 1715 cum
1500 1668 1620 1716 Bas.
1653 1670 1783 1719 Bon.
1850 1671 1989 1719 Dein
2027 1672 2234 1729 Quintili
2265 1676 2476 1726 Memm.

296 1729 347 1772 et
379 1725 533 1775 codd.
556 1725 696 1778 Ond.
759 1727 820 1777 In
845 1727 942 1779 Ed.
967 1729 1116 1779 Rom.
1151 1730 1442 1785 Quintiliane
1474 1734 1615 1783 redde
1635 1736 1731 1796 leg.
1762 1734 1850 1784 sed
1885 1736 2067 1787 eodem
2102 1738 2371 1790 verborum
2394 1757 2477 1791 or-

1275 1910 1498 1961 NOTAE

297 2002 527 2052 omnibns
565 2009 682 2067 post
716 2004 1000 2068 principem
1027 2006 1062 2057 1.
1083 2005 1236 2057 μηθ’.
1275 2006 1341 2057 de
1419 2017 1519 2072 set,
1567 2011 1838 2076 (adversus
1870 2013 2222 2082 Annibalem)
2263 2018 2471 2085 Resque

297 2078 483 2129 Officio
505 2072 760 2143 praesidis.
1421 2087 1630 2151 publica
1663 2089 1716 2139 in
1759 2092 1955 2154 eodem,
1988 2109 2090 2154 quo
2124 2105 2248 2146 ante
2283 2098 2472 2149 bellum

355 2162 385 2204 ¹,
421 2158 491 2206 Ut
508 2163 597 2206 eta
611 2158 785 2221 peritis
805 2166 853 2209 et
873 2159 1093 2224 assuetis,
1108 2159 1209 2224 ξω]
1229 2160 1340 2211 Nec
1417 2159 1619 2222 fuisset,
1664 2173 1802 2234 statu
1857 2171 2257 2231 permansisset!
2340 2176 2472 2227 Quae

295 2232 427 2280 enim
469 2235 679 2297 praesidi
718 2250 814 2284 nec
849 2237 1248 2299 provincialibus
1280 2238 1340 2287 li-
1378 2277 1381 2286 Α
1421 2241 1581 2289 verba
1620 2251 1740 2292 sunt
1774 2243 1910 2293 Livii
1942 2246 2030 2294 lib.
2065 2262 2127 2296 ιι.
2162 2248 2346 2299 decad.
2380 2265 2469 2302 ιιι.

294 2308 446 2359 cebet
482 2325 578 2373 per
612 2320 815 2377 tempus
856 2313 1062 2364 brevius
1085 2323 1139 2365 et
1174 2316 1342 2378 legiti-
1422 2315 1622 2366 Horum
1647 2316 2278 2376 formulamvovendorum
2303 2324 2469 2376 refert

290 2400 424 2436 mum
462 2402 575 2438 sese
617 2388 838 2439 invicem
876 2381 1171 2453 agnoscere,
1207 2392 1342 2455 quod
1417 2389 1555 2448 idem
1577 2400 1757 2443 auctor
1775 2395 1860 2445 lib.
1883 2409 1962 2446 vr.
1985 2396 2165 2450 decad.
2188 2414 2268 2450 iv.
2292 2403 2468 2451 statim

293 2460 537 2528 Annibal,
558 2467 778 2529 primum
817 2468 868 2517 in
904 2467 1063 2518 Italia
1108 2470 1341 2532 praelium

291 2538 525 2604 initurus,
560 2558 746 2607 magno
776 2545 827 2593 in
863 2546 940 2594 sui
977 2547 1190 2609 gloriam
1216 2547 1341 2597 vitio

292 2614 380 2665 dat
402 2617 647 2675 Romanis
669 2621 804 2684 apud
835 2623 1033 2672 Livium
1072 2621 1161 2673 lib.
1186 2638 1226 2674 1.
1251 2625 1351 2685 des

293 2693 405 2745 cad.
428 2708 516 2744 ιιι.
551 2701 569 2725 ‘
593 2696 901 2761 Pugnabitis
946 2714 1062 2748 cum
1105 2701 1338 2750 exercitu

293 2769 479 2833 tirone,
505 2804 520 2820 .
543 2809 557 2823 .
581 2808 596 2824 .
621 2774 802 2838 ignoto
857 2776 1022 2825 adbuc
1067 2776 1186 2826 duci
1226 2791 1338 2840 suo,

289 2844 649 2913 ignorantique
667 2851 870 2903 ducem.
916 2852 999 2903 An
1019 2868 1121 2915 me,
1139 2853 1190 2902 in
1204 2868 1338 2917 prae·

289 2922 420 2970 torio
473 2927 636 2986 patris
686 2928 955 2978 clarissimi
1015 2929 1337 2992 imperatoris

286 3011 444 3062 prope
478 3009 675 3061 natum,
710 3013 856 3054 certe
890 3005 1154 3069 eductum,
1177 3006 1351 3071 domi·-

288 3080 447 3125 torem
480 3077 750 3142 Hispaniae
792 3081 1093 3146 Galliaeque,
1117 3113 1130 3130 .
1150 3115 1164 3131 .
1182 3115 1194 3130 .
1218 3098 1335 3132 cum

283 3154 518 3203 semestri
545 3156 643 3206 hoc
682 3157 945 3208 conferam
970 3158 1123 3221 duce,
1161 3158 1334 3210 deser-

285 3233 396 3276 tore
412 3231 676 3282 exercitus
699 3234 816 3284 sui?
853 3233 949 3284 Cui
972 3236 1013 3282 si
1034 3235 1170 3299 quis,
1194 3235 1334 3286 dem·

283 3305 345 3353 tis
369 3306 549 3370 signis,
575 3309 760 3359 Poenos
795 3311 1152 3374 Romanosque
1184 3313 1338 3363 hodie

281 3385 537 3446 ostendat,
560 3385 911 3447 ignoraturum
929 3397 1127 3436 certum
1157 3388 1341 3451 habeo,

281 3459 444 3507 utrius
467 3462 729 3511 exercitus
751 3463 819 3513 sit
830 3464 1026 3513 consul.
1094 3464 1214 3513 Non
1238 3480 1337 3528 ego

279 3531 401 3583 illud
428 3536 575 3597 parvi
616 3539 835 3600 aestimo,
859 3540 1065 3602 milites,
1087 3541 1220 3604 quod
1251 3556 1339 3593 nee

280 3622 362 3658 mo
387 3611 614 3662 vestrum
637 3623 737 3674 est,
775 3616 926 3679 cujus
948 3630 1047 3664 nou
1072 3625 1192 3665 ante
1216 3632 1336 3665 ocu·

278 3685 352 3734 los
371 3687 486 3750 ipse
508 3703 647 3752 saepe
676 3691 899 3741 militare
922 3692 1125 3756 aliquod
1164 3692 1336 3742 edide-

279 3761 370 3810 rim
387 3761 628 3822 facinus,'
649 3769 750 3816 ἃς.

337 3845 361 3870 ⁰
405 3840 613 3900 Magnos
655 3842 809 3906 ludos]
861 3845 947 3893 De
995 3843 1071 3892 his
1108 3843 1329 3896 Festus:

279 3914 294 3941 ‘
319 3915 540 3976 Magnos
562 3915 726 3973 ludos,
771 3919 1028 3967 Romanos
1058 3920 1206 3969 ludos
1243 3936 1330 3984 ap·

281 3991 560 4052 pellebant,
588 3984 732 4058 'quos
765 3995 818 4043 in
860 3995 1106 4045 honorem
1165 3997 1331 4056 Jovis,

279 4080 425 4130 quem
464 4070 754 4132 principem
800 4070 1024 4120 Deorum
1060 4074 1331 4138 putabant,

277 4140 575 4195 faciebant?
664 4146 858 4196 Quales
902 4146 1039 4197 forte
1071 4150 1328 4200 vovendos

278 4221 561 4270 retulerant
597 4221 723 4283 olim·
753 4223 1067 4287 Decemviri,
1087 4226 1327 4276 hortante

278 4295 455 4359 Fabio,
515 4299 530 4326 ‘
563 4298 605 4347 si
649 4297 893 4352 bellatum
951 4315 1194 4366 prospere
1248 4317 1326 4354 es·

1419 2468 1484 2517 ab
1525 2469 1690 2520 initio.
1777 2472 1896 2522 Hoc
1939 2475 2055 2524 loco
2099 2492 2193 2540 pro
2238 2479 2467 2541 Rempub.

1418 2544 1601 2608 legerit
1655 2549 1802 2598 Torr.
1860 2550 2062 2613 Respub.
2120 2554 2256 2616 quod
2310 2564 2366 2604 et
2403 2570 2468 2604 ex

1419 2621 1731 2673 Memmiano
1772 2632 1826 2674 et
1867 2625 2059 2675 Pitlioei
2115 2628 2245 2679 Cod.
2278 2630 2469 2694 probat

1419 2698 1641 2750 Casaub.
1655 2707 1710 2748 et
1729 2701 1933 2764 elegans
1956 2710 2052 2751 est.

1423 2824 1426 2828 Α
1480 2780 1508 2814 Ρ
1543 2774 1778 2824 Cimbrico
1814 2777 2137 2844 Marsicoque]
2170 2781 2255 2830 De
2288 2780 2376 2830 illo
2414 2783 2464 2830 in

1412 2850 1559 2902 'Julio
1603 2866 1719 2916 cap.
1742 2858 1820 2904 11.
1855 2854 1951 2909 boc
1987 2856 2232 2907 dixerunt
2265 2873 2465 2922 quoque

1415 2927 1788 2993 Sociale,quod
1806 2945 1978 2980 omnes
1992 2929 2154 2982 ferme
2178 2948 2297 2997 pop.
2316 2934 2464 2983 Rom.
2484 2965 2487 2969 ·

1415 3004 1539 3054 socii
1580 3004 1797 3055 ‘contra
1838 3015 2053 3056 matrem
2098 3023 2158 3057 ac
2200 3018 2466 3073 parentem

1414 3095 1558 3130 suam
1581 3082 1759 3131 urbem
1776 3081 1792 3105 '
1826 3094 2281 3149 consurrexerunt,
2305 3094 2362 3136 ut
2391 3087 2467 3136 ait

1416 3159 1594 3207 Florus
1631 3159 1722 3210 lib.
1748 3173 1836 3210 ιιι.
1860 3174 1975 3224 cap.
2001 3166 2081 3211 18.
2100 3162 2245 3212 initio
2273 3178 2304 3211 a
2327 3163 2465 3211 Mar-

1415 3236 1484 3285 sis
1508 3245 1625 3288 orto
1647 3255 1659 3283 ε
1684 3238 1735 3286 1ιί
1760 3246 1929 3287 autem
1952 3240 2083 3288 Latii
2108 3241 2282 3304 populi
2301 3240 2465 3304 fuere,

1409 3327 1626 3376 quorum
1668 3314 1790 3364 urbs
1830 3315 1893 3363 ad
1920 3314 2087 3364 lacum
2119 3316 2383 3379 Fucinum,
2408 3318 2463 3365 in

1405 3390 1513 3440 Jul.
1547 3405 1592 3439 c.
1618 3395 1699 3440 44.
1721 3392 1894 3440 excisa
1915 3393 2000 3441 vel
2035 3394 2179 3457 aquis
2204 3393 2463 3457 absorpta,

1405 3467 1563 3515 etiam
1579 3468 1731 3517 bodie
1757 3469 1932 3517 Marci.

1471 3550 1496 3584 (Ι
1534 3545 1690 3607 Caput
1711 3545 1885 3592 interd.
1914 3537 2128 3607 foribus]
2165 3546 2283 3594 Non
2308 3544 2461 3593 aliter

1406 3633 1563 3682 quam
1607 3621 1780 3683 magni
1811 3620 2002 3669 doloris
2035 3620 2280 3668 indicium
2310 3619 2464 3668 intel-

1407 3696 1650 3746 lexernnt
1666 3697 1750 3746 alii
1775 3696 1933 3746 etiam
1955 3696 2220 3751 Histoi-ici.
2273 3695 2463 3744 Casan·

1390 3768 1575 3820 'bonus
1616 3780 1808 3834 tamen,
1833 3785 1958 3820 voce
1978 3770 2170 3831 foribus
2201 3770 2461 3833 inductus,

1412 3845 1675 3909 religionis
1718 3859 1922 3909 quoque
1974 3845 2202 3894 nonnihil
2256 3844 2461 3893 mistum
2527 3871 2531 3876 -

1410 3920 1569 3970 fuisse
1605 3922 1912 3985 suspicatur,
1944 3921 2101 3985 juxta
2142 3922 2256 3971 illos
2301 3920 2459 3970 etiam

1407 3998 1597 4047 Tibulli
1612 3999 1820 4059 Eleg.2.
1841 3998 1929 4047 1.1.
1950 4011 2151 4046 versus:
2178 3997 2194 4024 ‘
2207 3998 2329 4047 Non
2344 4012 2459 4063 ego,

1409 4074 1452 4123 si
1476 4075 1661 4138 merui,
1693 4073 1937 4123 dubitem·
1962 4074 2299 4137 procumbere
2329 4080 2459 4123 tem-

1408 4151 1528 4214 plis,
1559 4151 1628 4199 Et
1659 4151 1779 4215 dare
1814 4149 2026 4207 sacratis
2055 4151 2233 4199 oscula
2272 4148 2459 4197 limini-

1410 4228 1532 4277 bus:
1570 4227 1688 4276 Non
1721 4241 1815 4289 ego
1841 4227 2073 4276 tellurem
2097 4225 2311 4289 genibus
2340 4238 2456 4286 per-

1408 4317 1592 4368 repere
1636 4305 1875 4369 supplex,
1921 4304 1991 4356 Et
2033 4303 2274 4354 miserum
2308 4313 2455 4353 senc-
