3019 4922
497 431 626 495 430
1400 444 1462 489 c.
1509 441 1597 490 su
1616 440 1868 489 arcun

497 593 744 656 relictis
777 589 1015 654 Romae
1049 607 1254 652 uxore
1287 586 1356 651 et
1384 587 1550 666 filio,
1584 586 1936 652 confestim
1966 583 2230 652 Ostiam
2279 586 2627 652 descendit
2648 595 2689 667 3¹

499 716 583 759 ne
608 695 814 760 verbo
837 692 1103 776 quidem
1137 693 1451 774 cuiquam
1488 692 2023 774 prosequentium
2047 697 2073 726 ⁸
2100 689 2377 767 reddito,
2407 711 2691 776 paucos-

499 797 667 882 que⁸
696 794 1048 860 admodum
1089 795 1157 857 in
1208 795 1509 876 digressu
1551 791 2038 858 exosculatus?
2114 794 2287 876 [11.]
2328 792 2442 858 Ab
2495 792 2692 856 Ostia

498 906 725 963 oram⁹
770 895 1159 979 Campaniae
1206 896 1482 979 legenS,⁰
1539 896 1994 960 imbecillitate
2022 893 2316 977 Augusti
2364 899 2689 973 nuntiata,

494 1002 770 1086 paulum
792 999 1112 1066 substitit.
1200 999 1338 1064 Sed
1364 999 1892 1064 increbrescente
1918 1007 1971 1036 ¹0
2011 1019 2276 1065 rumore
2322 1001 2519 1084 quasi
2548 1009 2567 1039 ¹
2602 1002 2690 1064 ad

498 1105 924 1170 occasionem
969 1102 1239 1185 majoris
1295 1105 1442 1186 spei
1485 1109 2024 1178 commoraretur,
2083 1108 2340 1168 tantum
2391 1122 2528 1168 non
2576 1105 2690 1168 ad-

497 1210 705 1272 versis
754 1206 1264 1289 tempestatibus
1323 1205 1641 1272 Rhodum
1688 1198 2132 1287 enavigavit,²
2185 1207 2577 1271 amoenitate
2624 1213 2692 1291 et

497 1310 887 1376 salubritate
916 1308 1243 1374 insulae⁴⁶
1279 1308 1423 1392 jam
1457 1309 1615 1374 inde
1646 1317 1909 1393 captuS,
1958 1330 2110 1374 cum
2143 1309 2229 1374 ad
2263 1329 2409 1373 eam
2442 1311 2529 1376 ab
2566 1309 2692 1373 Ar-

498 1414 718 1479 menia
746 1413 1009 1476 rediens
1040 1412 1440 1495 appulisset.
1532 1412 1670 1476 Hic
1698 1411 1989 1478 modicis
2027 1417 2375 1476 contentus
2405 1412 2691 1491 aedibus,

500 1537 624 1585 nec
653 1517 868 1582 multo
920 1517 1177 1581 laxiore
1208 1517 1649 1596 suburbano?
1697 1535 1905 1599 genus
1953 1516 2111 1580 vitae
2171 1515 2372 1580 civile
2397 1512 2420 1549 f
2459 1515 2693 1580 admo-

562 1729 590 1763 ὅ
631 1732 802 1781 Verum
821 1747 926 1781 cam
949 1733 1089 1793 sama
1122 1734 1448 1793 invalesceret,
1479 1746 1586 1782 ean
1617 1729 1869 1780 consistere
1888 1730 2016 1778 velat
2033 1731 2096 1779 od
2116 1730 2392 1793 munnam
2412 1726 2695 1777 occasionem

500 1795 689 1857 majoris
709 1799 1069 1864 expectationis,
1087 1799 1310 1849 Rhodam
1330 1797 1647 1858 evasitferme
1670 1796 1839 1845 invitis
1859 1795 2232 1859 tempestatibus.
2446 1818 2451 1821 ·

1418 1975 1775 1997 OOOOOOOOO

502 2114 598 2158 '—8
632 2110 821 2158 Paucos
838 2110 949 2158 sine
1004 2126 1061 2160 ue
1084 2109 1219 2160 Edd.
1241 2110 1391 2161 Junt.
1420 2110 1544 2162 Ald.
1582 2110 1760 2173 Steph.
1793 2107 1922 2173 Arg.
1969 2107 2110 2158 Dein
2133 2121 2284 2158 exose.
2303 2104 2534 2156 restitnit
2559 2103 2699 2156 ond.

504 2190 618 2223 cum
643 2175 821 2223 Burm.
848 2175 965 2224 Wol
990 2210 1004 2225 .
1028 2190 1120 2236 pro
1142 2177 1283 2239 vulg.
1317 2179 1514 2226 osculat.
1549 2176 1773 2224 omnium
1807 2175 1938 2223 Mss.
1960 2182 2015 2223 et
2038 2173 2171 2222 Edd.
2192 2174 2338 2222 Vett.
2363 2170 2695 2220 auctoritate.

503 2244 602 2289 —9
631 2241 710 2288 Ab
732 2241 875 2289 Hos!-
897 2240 1060 2289 horum
1083 2240 1315 2290 Harlem.
1339 2243 1496 2290 ethic
1529 2248 1585 2289 et
1614 2255 1772 2303 supra
1806 2239 1951 2288 Host.
1989 2238 2221 2303 plerique
2259 2235 2422 2286 Codd.
2467 2243 2523 2285 et
2558 2233 2695 2284 Edd.

503 2303 628 2352 Mox
653 2305 940 2354 amandato
961 2306 1118 2354 Vind.
1147 2311 1189 2354 1.
1231 2308 1475 2369 paululum
1509 2306 1654 2354 Cort.
1680 2305 1814 2355 Edd.
1838 2305 1984 2353 Rom.
2006 2305 2134 2354 Ven.
2157 2301 2302 2352 Med.
2326 2301 2475 2351 Cald.
2500 2300 2698 2349 Rom-⁶

504 2372 566 2417 1⁰
585 2369 758 2418 Burin.
782 2383 846 2418 ex
873 2368 1103 2419 Harletn.
1129 2371 1258 2432 Cop.
1279 2378 1334 2419 et
1357 2372 1491 2420 Edd.
1516 2369 1960 2434 Casaub.priorib.
1981 2369 2245 2418 revocavit
2267 2369 2348 2416 sed
2369 2367 2558 2415 et‘iner.
2594 2365 2699 2427 Ag-

503 2435 669 2483 noscit
691 2435 928 2498 copulam
951 2436 1109 2486 etiam
1125 2436 1281 2487 Viud.
1304 2441 1349 2487 1.
1368 2437 1458 2487 sed
1483 2449 1920 2501 supervacaneam
1935 2434 2178 2499 judicant
2195 2433 2342 2482 Torr.
2367 2430 2508 2481 Oud·
2544 2430 2695 2482 Qnae-

505 2500 623 2550 dam
646 2500 764 2552 edd.
783 2502 973 2551 habent
992 2502 1332 2553 increbesce-'l
1378 2503 1606 2559 Quamvis
1622 2502 1780 2552 vind.
1801 2506 1850 2552 2.
1872 2502 2091 2550 Burm.e
2110 2501 2240 2563 Cop.
2260 2497 2487 2548 malebat
2501 2494 2701 2557 marisci

499 2579 616 2614 com.
665 2567 823 2631 Vulg.
847 2565 1137 2618 defendunt
1160 2567 1300 2618 Oud.
1323 2569 1444 2619 Eru.
1470 2569 1791 2633 Baumg.--2
1815 2566 2000 2629 Novig.
2023 2565 2181 2616 vind.
2204 2568 2255 2615 2.
2300 2564 2437 2613 Tum
2458 2563 2569 2612 inde
2588 2575 2698 2623 rop-

1492 2747 1706 2799 NOTAE

458 2891 464 2899 -
566 2864 587 2890 ²
623 2859 808 2908 Ostiam
826 2861 1089 2923 descendit]
1124 2861 1261 2910 Urbs
1299 2867 1377 2910 est
1417 2861 1555 2925 ejus-

503 2933 620 2981 dem
644 2936 916 2984 etiamnum
939 2937 1092 2987 hodie
1125 2937 1365 2999 nominis,
1387 2936 1452 2986 ad
1477 2952 1557 2986 os-

504 3009 575 3058 tia
594 3010 856 3059 Tiberina.

566 3092 590 3117 ·
632 3086 1039 3149 Prosequentium]
1101 3088 1183 3135 De
1236 3089 1333 3138 hoc
1385 3089 1560 3151 prosess

501 3159 693 3224 quendi
714 3161 1049 3223 Magistratus
1085 3163 1337 3213 abeuntes
1370 3163 1558 3229 officio,

506 3252 663 3302 supra
684 3238 736 3286 in
758 3237 899 3287 Julio
922 3253 969 3289 c.
992 3244 1075 3289 71.
1098 3245 1158 3288 et'
1173 3241 1311 3290 alibi.

568 3313 593 3347 ¹³
631 3314 944 3363 Εεοκκὶαίω
982 3314 1262 3380 [osculatus]
1295 3318 1418 3367 Tam
1453 3316 1557 3368 fre-

505 3390 719 3454 quentia
740 3398 890 3440 erant
917 3392 1054 3455 apud
1089 3393 1342 3444 Romanos
1365 3396 1559 3459 oscula,

503 3474 561 3516 ut
577 3466 754 3516 obvios
771 3467 920 3518 modo
933 3468 1035 3516 levi
1049 3467 1400 3520 familiaritate
1405 3472 1560 3535 junc-

505 3549 588 3592 tos
613 3544 994 3609 oscularentur,
1014 3558 1075 3594 ac
1098 3546 1418 3608 potissimum
1442 3561 1558 3611 per-

504 3633 630 3682 egre
673 3619 1083 3683 proficiscentes,
1124 3628 1185 3670 ut
1236 3624 1392 3672 etiam
1443 3624 1561 3686 lege

503 3696 754 3758 peculiari
790 3696 1029 3746 Tiberius
1065 3698 1272 3747 modum
1307 3699 1432 3762 ipsis
1470 3714 1562 3761 po·

508 3772 690 3836 suerit,
713 3781 773 3822 nt
795 3771 934 3822 infra
955 3788 1073 3837 cap.
1092 3778 1175 3823 ⁸4.
1243 3775 1324 3825 De
1334 3775 1454 3839 jura
1476 3790 1559 3825 os·

506 3849 757 3905 erulorum,
779 3850 959 3899 Claud.
982 3865 1030 3899 c.
1049 3855 1130 3899 26.

567 3933 590 3959 ⁰
620 3924 827 3988 Lege-a]
862 3927 948 3976 Da
981 3926 1078 3976 boe
1120 3926 1282 3976 verbo
1316 3941 1469 3990 supra
1504 3927 1561 3977 in

507 3986 748 4052 Augusto
771 4007 817 4040 c.
845 3995 923 4042 16.

568 4072 594 4105 ¹¹
629 4077 944 4129 Amoenitote.
962 4110 975 4126 .
995 4112 1011 4127 .
1030 4079 1250 4143 ἀκωκὴ]
1315 4080 1447 4131 Qum
1491 4079 1558 4129 ab

508 4149 622 4198 aliis
667 4166 868 4217 quoque
911 4155 1131 4218 antiquis
1174 4157 1388 4206 muitum
1423 4172 1561 4207 com-

509 4225 752 4275 mendata
763 4235 842 4276 est
862 4244 875 4275 z
900 4229 1017 4279 ideo
1031 4231 1137 4279 Soli
1152 4240 1404 4282 sacratam
1421 4232 1559 4282 illam

509 4298 773 4365 dicebant,
791 4309 847 4360 et
868 4302 921 4351 in
942 4318 1003 4353 aa
1040 4320 1165 4358 auro
1197 4309 1389 4372 pluisse
1417 4311 1561 4360 canit

1637 2858 1925 2921 Pindarus,
1948 2857 2015 2907 de
2051 2871 2154 2922 qua
2187 2865 2243 2908 et
2282 2855 2536 2907 Horatius
2579 2855 2695 2906 Ode

1635 2939 1685 2984 7.
1710 2934 1798 2984 lib.
1826 2948 1863 2984 1.
1900 2934 2092 2983 Strabo
2110 2933 2201 2985 lib.
2223 2947 2342 2983 xiv.
2378 2930 2696 2981 Rhodiorum

1637 3009 1818 3059 urbem
1839 3010 2074 3059 omnibus
2092 3010 2204 3059 aliis
2225 3008 2516 3072 anteponit,
2536 3015 2593 3058 et
2618 3023 2697 3056 se-

1637 3086 1805 3135 cessui
1846 3086 2160 3149 aptissimam
2196 3093 2352 3136 antea
2384 3092 2699 3135 censuerunt

1637 3170 1694 3212 et
1716 3162 1819 3227 alii,
1850 3170 1909 3213 ut
1939 3163 2132 3214 docent
2165 3164 2319 3213 Bruti
2349 3170 2404 3213 et
2438 3162 2599 3212 Marii
2632 3162 2703 3211 ad

1637 3239 1943 3291 Ciceronem
1967 3242 2236 3306 Epistola,
2259 3255 2476 3306 qnorum
2497 3247 2703 3303 postre-

1638 3330 1769 3377 mus,
1800 3316 1817 3344 ‘
1842 3317 1976 3367 Mihi
2008 3316 2253 3383 quidem,’
2288 3318 2382 3379 ait,
2414 3318 2431 3344 ‘
2450 3317 2493 3365 si
2516 3324 2703 3379 optata·

1636 3394 1942 3458 contingant
1977 3393 2117 3459 quod
2159 3394 2409 3457 reliquum
2446 3399 2525 3441 est
2558 3393 2699 3446 vita,

1637 3470 1690 3518 in
1713 3469 1822 3518 etio
1845 3469 2013 3520 Rhodi
2035 3468 2256 3535 degam?
2286 3468 2403 3518 Lib.
2420 3481 2502 3517 xx.
2528 3468 2695 3531 Epist.

1638 3549 1721 3596 28.
1744 3546 1797 3595 in
1818 3544 1941 3596 fine.

1706 3630 1729 3657 θ
1759 3622 2062 3687 Sabat-bano]
2102 3624 2223 3674 Hoc
2255 3628 2340 3673 est
2373 3623 2512 3679 villa,
2546 3629 2705 3686 quam

1641 3712 1804 3763 prope
1824 3700 2093 3750 civitatem
2116 3706 2332 3751 emerat.
2364 3698 2502 3749 vido
2518 3699 2569 3748 in
2590 3697 2698 3748 Au·

1641 3781 1794 3839 gusto
1816 3790 1935 3839 cap.
1955 3781 2006 3826 6.

1701 3849 1721 3885 ¹
1754 3852 1919 3901 Genus
1937 3853 2054 3902 υἱέα
2068 3850 2233 3914 civile]
2275 3851 2478 3901 Privati
2496 3858 2554 3901 et
2571 3851 2693 3902 civis

1639 3928 1820 3992 instar,
1844 3935 2029 3993 utpote
2068 3917 2494 3995 qni,Tribnnicia
2524 3936 2693 3992 potes-

1640 4012 1751 4055 tate
1775 4005 1899 4055 licet
1932 4013 2232 4070 exornatus,
2258 4005 2470 4054 lictores
2504 4010 2693 4064 tamen,

1639 4086 1696 4131 et
1718 4081 1821 4132 alia
1850 4082 2066 4131 Romani
2096 4082 2438 4146 Magistratus
2460 4080 2692 4146 insignia,

1638 4171 1744 4209 uon
1783 4158 2018 4210 haberet.
2082 4159 2171 4208 De
2212 4158 2466 4209 civilitate
2499 4157 2551 4206 in
2588 4156 2701 4204 Au·=

1638 4240 1790 4297 gusto
1809 4249 1860 4285 e.
1882 4240 1962 4287 51.
1985 4241 2041 4287 et
2061 4234 2194 4287 infra
2215 4248 2316 4285 non
2345 4234 2525 4299 semel,
2554 4239 2608 4282 et
2639 4232 2685 4278 in

1638 4309 1783 4363 satio
1799 4326 1847 4363 c.
1871 4315 1952 4361 65.
