3019 4922
491 428 623 497 242
1351 433 1413 481 c.
1458 427 1824 480 ‘suaronu

496 611 541 656 a
585 590 664 655 L.
694 583 1052 653 Cornificio
1083 579 1263 647 sedes
1304 577 1549 644 Dianae
1569 596 1589 660 3
1606 584 1635 626 ‘³
1679 576 1766 642 ab
1811 571 2049 638 Asinio
2094 569 2402 639 Pollione
2446 572 2684 637 atrium

496 688 857 759 Libertatis
879 708 899 771 ς
918 695 942 724 ¹
987 707 1031 752 a
1061 683 1365 750 Munatio
1395 680 1697 748 Planco³
1745 675 1924 743 aedes
1956 674 2227 740 Saturni
2250 694 2271 757 ς
2298 694 2340 739 a
2369 673 2687 740 Cornelio

496 794 716 861 Balbo
736 801 757 829 ⁸
800 792 1162 872 theatrum3
1205 807 1248 852 a
1278 784 1545 852 Statilio
1571 782 1796 849 Tauro
1825 776 2379 862 amphitheatrum
2403 799 2421 860 ;
2441 779 2462 815 ¹
2505 798 2548 843 a
2584 777 2688 843 M.

495 917 658 964 vero
687 894 988 981 Agrippa
1013 891 1359 975 complura
1383 890 1452 953 et
1479 885 1800 971 egregia-¹⁸
1841 907 1846 912 ·
1887 879 2047 961 [30]
2109 882 2411 967 Spatium
2444 881 2651 949 Urbis
2669 891 2692 938 ψ

1432 1082 1801 1108 OOOWOOO

502 1234 599 1281 —8
634 1226 868 1292 Legebat
889 1224 1061 1277 Ursin.
1080 1223 1134 1274 in
1152 1224 1276 1275 Vet.
1298 1220 1412 1273 cod.
1433 1220 1496 1274 L.
1520 1221 1713 1273 Manat.
1736 1222 1819 1271 Pl.
1840 1224 1894 1268 et
1913 1216 2118 1282 probat.
2153 1212 2515 1277 Habentcop.
2533 1210 2694 1261 Vinci.

506 1302 554 1347 1.
574 1311 605 1345 a
632 1294 883 1356 Namaoio,
903 1291 1059 1343 vind.
1078 1294 1129 1342 2.
1149 1305 1181 1340 a
1201 1287 1472 1340 Mananlio.
1494 1288 1671 1338 Periz.
1696 1288 1824 1356 Poll.
1843 1286 1934 1335 oed.
1964 1282 2186 1346 Saturni,
2206 1280 2403 1331 omissis
2427 1277 2696 1329 mediis.-

1497 1450 1714 1503 NOTAE

1646 1563 2012 1625 ascenderunt,
2048 1566 2103 1611 et
2142 1559 2215 1610 ibi
2246 1555 2465 1622 signatis
2496 1552 2703 1605 tabellis

1646 1639 1885 1704 publicis,
1925 1638 2202 1701 clausoque
2260 1629 2555 1693 tabulario,’
2604 1632 2706 1678 &c-

507 1587 575 1638 pe
620 1572 688 1622 de
722 1568 902 1620 AEtolis
940 1566 1344 1633 triumphaturus
1380 1579 1567 1615 novem

506 1647 773 1700 Musarum
796 1651 994 1697 statuas
1027 1660 1092 1695 ex
1111 1650 1267 1709 capta
1289 1643 1419 1694 urbe
1442 1643 1567 1693 Am·

512 1726 695 1776 bracia
731 1724 948 1778 Romam
989 1722 1344 1784 transtulerat,
1394 1720 1569 1785 ibique

509 1802 867 1863 dedicaverat,
890 1807 948 1850 ut
974 1798 1275 1849 ostenderet
1295 1798 1568 1848 Musarum

509 1879 735 1944 quietem
774 1877 1077 1928 defensione
1117 1875 1360 1926 Herculis
1393 1887 1570 1939 egere,

507 1956 660 2021 hujus
706 1970 828 2005 vero
862 1955 1105 2004 virtutem
1136 1965 1266 2002 voce
1298 1951 1567 2002 Musarum

511 2031 770 2084 exornari.
833 2032 993 2083 Juxta
1033 2030 1157 2080 illud
1198 2028 1408 2079 Horatii
1446 2026 1567 2077 Ode

510 2114 562 2160 9.
596 2109 686 2159 lib.
709 2122 788 2159 ιν.
817 2109 834 2137 ⁶
859 2108 1058 2156 Visere
1091 2106 1255 2156 fortes
1279 2112 1401 2155 ante
1431 2104 1569 2168 Aga·

508 2197 784 2236 memnona
823 2184 1001 2247 Multi,
1025 2184 1118 2234 sed
1156 2197 1334 2234 omnes
1363 2181 1568 2245 illacry-

509 2261 728 2314 mabiles
786 2261 1058 2325 Urgentur
1108 2257 1376 2323 ignotique
1417 2258 1575 2321 longa

512 2338 713 2401 Nocte,
734 2343 917 2388 carent
932 2335 1056 2401 quia
1071 2341 1191 2385 vate
1209 2331 1396 2385 sacro.'
1428 2333 1575 2383 Ami·

514 2414 692 2467 citiam
734 2413 890 2465 Ennii
945 2412 1232 2478 praesertim
1287 2410 1575 2475 respiciens

517 2491 766 2552 Fulvius3
811 2504 929 2540 cum
965 2489 1100 2539 enim
1141 2488 1232 2540 ille
1267 2487 1576 2554 perditionis

513 2568 754 2620 comitem
791 2566 958 2617 amico
996 2580 1054 2616 se
1092 2565 1422 2631 praebuisset,
1459 2565 1574 2630 ejus

512 2642 786 2694 victoriam
809 2643 1002 2709 insigni
1017 2642 1170 2694 laude
1185 2641 1572 2694 celebraveratz

516 2720 584 2771 de
617 2721 698 2771 his
723 2721 900 2774 Livius
929 2720 1023 2772 lib.
1046 2733 1170 2772 vm.
1191 2727 1248 2770 et
1273 2732 1357 2785 ιι,
1387 2715 1576 2769 decad.

514 2811 597 2849 lv.
622 2805 681 2849 et
700 2797 906 2849 Plinius
928 2800 967 2851 1.
991 2810 1167 2848 xxxv.
1185 2800 1327 2848 cdo·
1358 2808 1420 2846 ae
1442 2809 1577 2859 prae·

520 2875 700 2925 sertim
725 2875 1004 2925 Eumenius
1022 2875 1237 2938 Rhetor,
1255 2872 1488 2923 oratione
1500 2870 1579 2921 ›de

516 2950 702 3000 scholis
736 2949 1090 3014 instituendis,
1109 2964 1228 3014 quae
1264 2963 1380 2999 cnm
1424 2946 1580 2997 variis

517 3027 849 3090 panegyricis
893 3027 1038 3077 edita
1092 3027 1246 3089 vulgo
1299 3023 1580 3075 invenitur.

519 3100 756 3151 Fuerunt
790 3102 895 3152 alia
936 3101 1039 3151 tria
1082 3101 1330 3151 Herculis
1368 3100 1583 3164 templa,

526 3188 747 3240 quorum
777 3177 950 3243 aliqua
985 3176 1265 3228 etiamnum
1310 3178 1487 3229 Romae
1509 3179 1586 3228 vi-

526 3259 713 3302 suntur
735 3252 974 3319 vestigia.
1271 3290 1275 3294 »

588 3336 615 3371 ‘1
647 3330 799 3379 AEdes
835 3328 1042 3393 Diana]
1075 3329 1266 3380 Plures
1293 3328 1473 3380 itidem
1513 3326 1591 3379 fu·

525 3416 636 3455 eree

589 3487 611 3517 ¹·
642 3481 719 3531 Ab
742 3482 916 3532 Asinio
948 3482 1166 3533 Pollione
1200 3482 1380 3533 atrium
1419 3481 1585 3533 Liber-

524 3559 668 3624 tatis]
702 3561 785 3610 De
829 3560 1012 3612 Asinio
1047 3560 1160 3624 jam
1204 3575 1251 3612 c.
1285 3566 1370 3612 80.
1415 3568 1474 3612 et
1507 3562 1590 3612 ⁶5.

522 3636 673 3688 sulii.
748 3637 957 3687 Atrium
999 3637 1143 3690 locus
1181 3643 1298 3687 erat
1339 3636 1592 3687 columnis

502 3752 503 3755 η
526 3713 750 3776 cinctus,
768 3713 915 3779 cnjus
947 3714 1000 3764 in
1035 3713 1208 3764 medio
1226 3728 1345 3763 area
1370 3712 1464 3763 sub
1486 3712 1596 3776 dio,

527 3804 647 3862 quae
671 3788 789 3840 ideo
811 3789 1002 3855 domn,
1036 3790 1104 3841 ab
1130 3788 1282 3854 αἰθὴρ.
1306 3790 1411 3852 aiir,
1431 3794 1487 3839 et
1509 3804 1601 3853 pe-

1645 1717 1799 1781 hnjus
1851 1714 2095 1766 conditor
2146 1714 2302 1776 longe
2353 1715 2475 1759 ante
2530 1706 2705 1756 fuerat

1649 1793 1941 1856 Gracchus,
1963 1799 2024 1842 ut
2044 1790 2181 1841 idem
2206 1788 2383 1838 Livius
2407 1785 2497 1835 lib.
2520 1797 2598 1834 ιν.
2613 1783 2706 1833 de-

1648 1872 1764 1924 cad.
1788 1885 1875 1922 m.
1895 1873 2077 1920 notat:
2104 1867 2246 1918 unde
2267 1863 2469 1916 nonnisi
2492 1860 2705 1925 collapsi

1650 1956 1741 1999 aut
1780 1950 1977 1999 ruinam
2021 1944 2259 1995 minantis
2304 1944 2700 1991 instauratorem

1646 2025 1806 2076 fuisse
1860 2024 2167 2085 Pollionem,
2222 2016 2515 2070 verosimile
2584 2023 2703 2075 est3

1650 2102 1770 2152 Huc
1799 2102 1982 2152 doctos
2018 2099 2175 2150 animi
2213 2110 2366 2147 causa
2396 2092 2712 2144 convenisse

1651 2180 1822 2233 innuit
1842 2179 2002 2231 Ovid.
2043 2186 2059 2208 ⁴
2081 2178 2199 2228 Nec
2234 2189 2338 2236 me,
2378 2185 2497 2238 quas
2543 2168 2716 2219 doctis

1652 2263 1934 2324 patuerunt
1966 2254 2133 2320 prima
2153 2249 2361 2313 libellis,
2381 2247 2532 2298 Atria
2554 2244 2715 2295 liber-

1652 2342 1735 2386 tas
1758 2340 1970 2399 tangere
1994 2345 2142 2396 passa
2162 2342 2253 2378 sua
2273 2325 2391 2376 est!

1717 2419 1737 2445 ⁸
1772 2410 1991 2461 Cornelio
2010 2406 2188 2472 Balbo]
2225 2405 2324 2455 Ilio
2348 2401 2572 2455 Caesaris
2592 2400 2723 2451 ami-

1654 2489 1821 2555 co,de
1842 2502 1946 2555 quo
1975 2487 2030 2537 in
2058 2486 2167 2538 Jul.
2200 2499 2248 2535 e.
2269 2486 2352 2534 78.
2386 2488 2444 2532 et
2475 2485 2558 2531 81.
2626 2480 2718 2528 De

1653 2566 1803 2630 hujus
1825 2563 2014 2615 theatri
2045 2563 2161 2613 loco
2185 2574 2285 2610 non
2307 2557 2553 2608 convenit
2583 2554 2722 2604 anti·

1657 2642 1891 2708 quariis=
1931 2639 2227 2691 existimant
2262 2637 2418 2699 vulgo
2454 2634 2569 2698 ejus
2605 2646 2725 2682 ves-

1657 2720 1788 2784 tigia
1809 2730 2079 2783 superesse
2102 2715 2195 2766 sub
2220 2713 2413 2778 palatio
2433 2709 2581 2761 ducis
2606 2709 2725 2758 Ce-

1657 2796 1835 2858 sarini,
1852 2794 1974 2861 quin
2012 2799 2069 2844 et
2102 2791 2269 2842 eidem
2292 2788 2487 2854 palatio
2510 2784 2724 2836 dedisse

1658 2872 2008 2924 fundamenta.
2641 2885 2650 2894 -

1731 2951 1749 2984 ⁸
1770 2952 1815 3001 A
1849 2948 2048 2999 Statilio
2090 2946 2248 2995 Tauro
2288 2940 2694 3006 amphitheatrum

1660 3026 1781 3079 Hoc
1838 3026 2022 3088 solnm,
2076 3023 2399 3088 primumque
2452 3016 2726 3082 lapideam

1665 3105 1847 3154 Romoe
1886 3100 2066 3161 fuisse,
2103 3103 2253 3148 notat
2295 3095 2500 3158 Lipsius
2529 3092 2627 3143 lib.
2661 3093 2731 3142 de

1667 3178 2050 3243 amphitheatro
2084 3180 2202 3225 c-6.
2238 3172 2473 3222 meminit
2504 3164 2616 3219 Dio'
2637 3169 2735 3219 lib.
2797 3202 2812 3219 .

1663 3270 1741 3308 ιι.
1783 3254 2046 3307 eonditum
2085 3265 2219 3301 anno
2253 3250 2319 3301 U.
2346 3249 2545 3300 (3.725.
2613 3246 2737 3295 Hu-

1660 3335 1751 3399 jus
1769 3330 1979 3383 'aedificii
1998 3328 2220 3393 vestigia
2247 3325 2487 3376 videntur
2507 3322 2573 3372 ad
2599 3330 2739 3372 tem·

1668 3410 1813 3474 plum
1836 3415 1893 3458 et
1916 3404 2209 3456 coenobium
2231 3403 2287 3454 S.
2307 3399 2493 3452 Crucis
2517 3399 2570 3447 in
2596 3397 2733 3447 Hie—

1668 3486 1913 3547 rusalem,
1930 3482 2019 3534 nbi
2041 3477 2387 3533 Cistercensis
2408 3475 2610 3529 ordinis
2629 3474 2733 3524 viri

1669 3561 1927 3612 habitant.

1736 3644 1762 3671 ⁸¹
1807 3637 1856 3688 A
1891 3635 1969 3684 Μ.
1997 3646 2114 3684 vero
2150 3630 2370 3694 Agrippa
2395 3627 2647 3691 :complura
2689 3630 2741 3675 et

1673 3714 1893 3779 egregia]
1946 3708 2191 3761 Mirabile
2255 3702 2549 3770 praesertim
2602 3696 2741 3750 iilud

1671 3790 1949 3854 templum,
1973 3784 2131 3848 quod,
2149 3781 2269 3836 Jovi
2287 3787 2342 3831 et
2360 3778 2477 3828 Diis
2494 3776 2744 3827 omnibus

526 3868 1603 3936 ristylinm,aeolnmnis,appellata;unde
1674 3867 1928 3926 dicatum,
1969 3862 2259 3911 Pantheum
2297 3852 2607 3920 appellavit,
2640 3852 2745 3902 eti-

531 3946 670 3997 atria
699 3948 838 4011 apud
862 3946 1022 4012 ipsos,
1045 3946 1405 3996 monachornm
1424 3945 1600 3996 claus-
1625 3989 1627 3994 .

531 4022 646 4086 tris,
666 4030 727 4072 ut
749 4024 911 4086 aiunt,
932 4039 1037 4074 non
1058 4022 1331 4074 absimilia.
1365 4021 1431 4072 In
1449 4022 1604 4072 atrio<

530 4098 790 4148 libertatis
817 4099 1128 4153 tabularium
1151 4097 1275 4159 fuit,
1297 4111 1398 4163 quo
1421 4108 1602 4148 serva-

1679 3955 1886 3993 amnum
1901 3938 2054 3989 hodie
2078 3941 2286 3997 extans,
2307 3947 2340 3982 a
2355 3928 2640 3982 Bonifacio
2654 3940 2743 3977 rv-

1678 4032 1877 4070 summo
1899 4012 2169 4081 pontifice,
2198 4012 2251 4061 in
2274 4010 2521 4058 honorem
2554 4004 2607 4054 S.
2626 4003 2749 4052 Ma·

1675 4095 1775 4146 riae
1798 4103 1855 4144 et
1875 4091 2101 4142 omnium
2138 4094 2437 4139 sanctorum
2466 4094 2749 4134 conseera—

532 4173 729 4223 bantur
739 4180 860 4224 acta
876 4174 1107 4238 publica.
1144 4175 1215 4224 Ut
1230 4174 1370 4227 clare
1389 4174 1516 4225 satis
1526 4173 1605 4223 in-
1681 4181 1814 4238 tum,
1834 4168 1972 4237 quod
1994 4184 2024 4218 a
2055 4166 2222 4217 forma
2240 4173 2495 4216 vocavere
2517 4157 2751 4209 rotunda.

536 4249 655 4305 nuit
687 4251 860 4302 Livius
893 4252 988 4303 lib.
1008 4266 1097 4303 nr.
1121 4252 1308 4303 decad.
1330 4266 1386 4302 v.
1417 4253 1435 4282 ‘
1462 4252 1601 4323 Cen-

538 4341 684 4380 sores
717 4342 786 4380 ex
813 4330 1009 4394 templo
1038 4329 1095 4380 in
1129 4329 1320 4381 atrium
1341 4329 1600 4380 libertatis

1744 4261 1769 4310 †
1802 4251 1867 4304 A.
1890 4247 2039 4333 1150.
2062 4248 2176 4297 ⁷41.
