3019 4922
1234 431 1533 482 sumus,
2354 414 2482 480 101

285 582 610 663 omnibus,
639 582 939 665 reliquos
964 580 1245 646 dimidia
1268 588 1460 664 parte
1481 581 1504 618 ⁸
1538 580 1901 648 mulctavit.
1949 578 2114 663 [43]
2140 576 2184 643 J
2193 598 2272 644 us
2294 577 2482 644 labn-

284 687 648 751 riosissime
678 705 760 750 ac
786 684 1208 749 severissime
1239 682 1443 747 dixit.
1489 676 2068 764 Repetundarum³
2100 679 2480 745 convictos-‚⁹

285 791 477 854 etiam
536 788 774 853 ordine
825 788 1162 853 senatorio
1210 787 1440 851 movit.
1531 785 1819 850 Diremit
1870 782 2142 865 nuptias
2186 780 2486 864 praetorii

285 893 423 971 viri,
455 894 581 978 qui
615 887 1019 976 digressam*
1068 911 1109 955 a
1137 892 1377 955 marito
1406 897 1563 975 post
1604 888 1885 952 biduum
1917 885 2147 954 statim
2177 884 2499 959 duxerat,

285 998 603 1082 quamvis
651 997 795 1062 sine
847 997 1078 1080 probri
1127 995 1537 1079 suspicione.
1626 990 2130 1073 Peregrinarum
2170 988 2487 1056 mercium

283 1097 613 1187 portoria¹
644 1101 958 1166 instituit.
1005 1099 1476 1165 Lecticammm
1504 1114 1742 1172 usum„
1755 1096 1906 1160 item
1941 1080 2478 1176 conchytiataem*

1202 1295 1319 1317 ‘m
1322 1292 1561 1315 OOOOOOO

289 1446 414 1498 Edd.
449 1448 610 1498 Rom.
647 1447 807 1498 Polit.
846 1455 903 1498 et
942 1461 1101 1511 marg.
1131 1445 1345 1498 Mediol.
1379 1444 1470 1494 sed
1504 1448 1748 1505 suspecta
1782 1438 1939 1496 habet
1982 1435 2236 1487 wolfi—8
2272 1432 2491 1485 Omittit

284 1519 413 1578 parte
448 1513 629 1563 Rhed.
669 1517 812 1564 1.—9
849 1514 1133 1564 Convivia-tos
1180 1511 1415 1561 Harlem.
1483 1509 1634 1558 Hanc
1670 1506 1938 1570 periodum
1976 1518 2093 1554 cum
2129 1503 2253 1556 Eru.
2286 1514 2489 1570 praepo-

289 1593 406 1629 nere
427 1580 512 1630 illi
545 1580 633 1642 jus
653 1578 782 1629 dixit
802 1580 976 1628 mallet
1000 1577 1142 1629 Oud.
1206 1578 1338 1627 Tum
1362 1574 1622 1625 senatorios
1654 1563 1816 1622 F‘ouc.
1881 1567 2027 1618 Infra
2058 1566 2314 1632 portitor-ia
2333 1564 2497 1644 vind·

1289 1738 1512 1791 NOTAE

288 1875 377 1925 hoc
396 1881 579 1940 pacto,
605 1890 719 1924 cum
759 1875 1003 1924 bonorum
1025 1874 1254 1937 jactura,
1278 1872 1344 1920 si·
1426 1870 1606 1920 Caesar
1630 1867 1951 1917 amissionem
1978 1861 2174 1913 ordinis
2214 1857 2494 1921 addidisse,

288 1953 386 2003 mill
429 1947 763 2002 evadebant:
808 1950 943 2015 quod
984 1957 1040 2000 et
1077 1948 1144 1999 de
1184 1946 1345 1998 Athe·
1426 1961 1578 2010 quam
1621 1952 1803 1996 tamen
1831 1940 2099 1994 existimat
2137 1936 2341 2000 Lipsius
2374 1948 2490 1988 cum

287 2027 552 2077 aiensibus
578 2028 765 2091 probat
800 2027 881 2076 bic
904 2041 971 2076 ex
995 2026 1345 2075 Demosthene
1425 2023 1581 2072 exilio
1618 2024 2004 2069 commutatam.
2071 2014 2144 2065 Ut
2170 2019 2227 2061 ut
2261 2017 2359 2065 est,
2397 2009 2493 2063 suh

289 2103 637 2154 Casanbonus.
702 2102 804 2151 Sed
831 2117 893 2151 ea
912 2101 1166 2151 libertatis
1191 2100 1347 2163 insig·
1431 2095 1831 2161 imperatori—bus
1855 2107 2010 2157 poena
2043 2090 2132 2139 iun
2165 2086 2411 2147 obtinuit,
2433 2095 2495 2136 ut

287 2180 394 2242 nia,
421 2195 543 2230 cum
580 2179 711 2244 aliie,
754 2179 1092 2244 imperatores
1146 2178 1347 2229 ademe·
1432 2182 1578 2240 patet
1615 2172 1811 2225 Otbou.
1835 2185 1953 2235 cap.
1974 2173 2025 2218 2.
2063 2172 2119 2217 et
2153 2166 2318 2218 Tacit.
2345 2164 2433 2213 lib.
2454 2176 2496 2211 1·-

292 2265 426 2310 russt·
1433 2253 1579 2304 Hist.
1611 2252 1627 2280 ‘
1655 2249 1912 2300 Redditus
1937 2245 2100 2299 Cadio
2132 2241 2284 2298 Rufo,
2307 2240 2497 2294 Poedio

350 2333 374 2367 ¹¹
407 2331 722 2396 Parricida]
748 2333 908 2386 Patet
928 2334 1011 2383 bic
1033 2332 1138 2383 non
1159 2331 1348 2384 intelli·
1438 2332 1628 2390 Bloeso,
1656 2325 2013 2384 senatoribus,
2041 2323 2203 2383 iocus,
2234 2318 2322 2382 qui
2347 2331 2497 2380 repe-

293 2409 485 2474 gendos
509 2415 740 2475 patrum,
765 2409 854 2457 sed
879 2409 1079 2472 parium
1103 2407 1351 2457 interfec-
1436 2407 1709 2456 tundat-um
1733 2400 2033 2453 criminibus
2067 2396 2163 2450 sub
2189 2393 2405 2449 Claudio
2439 2399 2498 2445 et

293 2493 465 2536 tores:
502 2486 581 2535 sic
605 2485 741 2534 enim
763 2484 1050 2535 homicidas
1089 2499 1354 2549 quoscum·

296 2579 391 2629 que
428 2563 683 2613 dixerunt
720 2563 1033 2628 antiquitus3
1075 2569 1130 2611 et
1163 2561 1231 2611 de
1267 2576 1355 2624 pa·

294 2640 561 2691 renticidis
594 2640 709 2703 lege
740 2640 982 2689 Cornelia
1006 2638 1213 2703 gravius
1238 2652 1355 2686 cau·

296 2725 402 2768 tum
437 2716 633 2778 fuerat,
656 2725 712 2764 ut
748 2717 1010 2766 videbitur
1042 2713 1181 2764 infra
1220 2714 1354 2779 Aug.

295 2807 409 2858 cap.
445 2797 530 2843 33.
577 2791 860 2857 parricidas
891 2798 1062 2843 autem
1102 2806 1192 2843 eos
1229 2789 1357 2839 dun·

297 2877 442 2920 taxat
464 2869 701 2935 intellige
720 2869 807 2933 qui
826 2869 1053 2918 scientes
1071 2867 1240 2917 scelus
1267 2882 1357 2931 pa·

295 2955 456 2999 trant.
521 2947 611 2997 Sic
636 2947 769 2997 enim
792 2948 879 2997 lex
898 2947 944 2996 N
952 2961 1107 3008 umae,
1141 2948 1157 2973 ⁸
1177 2948 1219 2995 si
1248 2946 1359 3009 quis

295 3026 557 3087 hominem
588 3024 806 3073 liberum
842 3023 1012 3074 sciens
1048 3023 1201 3073 morti
1226 3022 1359 3085 duit,

295 3101 558 3168 parricida
589 3099 733 3150 esto?
767 3098 867 3157 ’,Εἰ
906 3101 1094 3151 Festus
1141 3100 1192 3148 iu
1233 3114 1359 3151 voce

295 3179 310 3207 ‘
331 3177 518 3243 sacer,'
557 3176 632 3226 ‘si
665 3179 779 3243 quis
813 3192 929 3227 eum
964 3177 1053 3243 qui
1090 3174 1361 3239 plebiscito

300 3271 449 3305 sacer
484 3254 554 3304 sit
594 3254 862 3310 occiderit,
888 3252 1147 3317 parricida
1171 3267 1237 3303 ne
1261 3251 1363 3300 sit.’

301 3332 444 3380 Voce
468 3330 483 3358 ‘
505 3327 752 3393 reliquos'
785 3329 1090 3379 Torrentius
1117 3327 1363 3390 intelligit

303 3425 392 3463 eos
410 3412 610 3474 quinon
626 3410 843 3459 scientes
859 3409 1176 3459 occiderint:
1199 3409 1214 3434 ‘
1229 3409 1363 3460 Quae

303 3502 472 3552 poeuae
495 3486 739 3535 videntur
764 3485 1102 3549 locupletibus
1123 3486 1363 3546 irrogatae

304 3560 646 3616 facinorosis)
711 3560 862 3614 Quod
883 3577 1005 3613 vero
1028 3564 1091 3612 de
1117 3552 1366 3612 Cicerone

306 3642 474 3702 addit,
507 3646 812 3703 suspectum
851 3639 1126 3689 Torrentio
1176 3645 1258 3687 est
1299 3651 1365 3689 ne

307 3718 515 3768 aliunde
548 3718 800 3766 intrusum
825 3714 1133 3778 fuerit,cum
1168 3715 1224 3765 iu,
1258 3713 1368 3777 ejus

305 3795 552 3860 operibus
577 3807 678 3842 non
704 3792 1009 3856 reperiatur.
1060 3790 1366 3843 Casaubono

305 3864 459 3933 s'ecus
484 3871 710 3930 videtur,
730 3883 844 3918 cum
871 3883 933 3917 ea
954 3882 1054 3918 non
1074 3867 1367 3917 habeantur

306 3948 463 3999 bodie
484 3960 822 4011 quaecumque
845 3945 1128 4008 scripserat
1151 3943 1365 3993 Orator.

377 4023 393 4057 ¹
425 4021 830 4088 Repetundarum]
883 4020 963 4068 De
1016 4021 1110 4071 hoc
1153 4019 1368 4071 crimine

312 4116 471 4166 supra
501 4117 618 4165 cap.
642 4104 691 4150 4.
729 4099 841 4164 ejus
883 4104 1087 4163 poenam
1116 4097 1367 4149 Asconius

310 4177 473 4229 fuisse
493 4183 642 4228 notat
657 4176 867 4226 exilium
892 4183 946 4224 et
963 4174 1368 4239 publicationem

312 4255 597 4305 bonorum:
633 4253 767 4318 qnod
792 4260 845 4302 et
870 4251 1054 4304 Cicero
1078 4264 1179 4302 non
1213 4247 1372 4303 semei

314 4330 481 4382 innuit
527 4332 580 4380 in
634 4330 887 4380 verrinis.
969 4328 1109 4381 Huic
1165 4328 1373 4378 videtur

1436 2482 1682 2541 Nerone‚’
1705 2484 1804 2532 &ci

1498 2559 1525 2593 Β
1557 2554 1861 2620 Digressum]
1897 2553 2076 2602 Soluto
2095 2562 2282 2610 nempe
2306 2560 2400 2610 per
2422 2545 2498 2593 ‹li-

1437 2639 1661 2688 vortium
1685 2630 2030 2683 matrimonio.

1501 2713 1517 2747 ¹
1551 2695 1798 2772 Portoria]
1853 2702 2146 2765 Vectigalia
2200 2704 2321 2747 sunt
2377 2712 2494 2761 quae

1438 2788 1791 2855 portitoribus,
1821 2784 1922 2833 hoc
1959 2785 2061 2834 est,
2096 2772 2495 2825 conductoribus

1439 2868 1768 2923 tributorum,
1783 2875 1896 2924 quae
1915 2857 1982 2907 ad
2001 2849 2352 2917 importandas
2368 2862 2499 2896 nier-

1438 2958 1526 2994 ces
1580 2937 1876 3004 peregrinas
1922 2949 1950 2982 e
1998 2929 2250 2996 portubus
2294 2925 2499 2989 collige·

1439 3021 1646 3069 bantur.
2485 3059 2495 3071 .

1503 3104 1541 3129 ¹¹²
1574 3087 1893 3151 Lecticamm]
1929 3085 2026 3137 His
2044 3080 2383 3149 gestabantur
2404 3077 2501 3129 viti
2565 3100 2578 3107 s

1443 3174 1698 3238 dignitate
1729 3163 2014 3230 conspicui.
2038 3168 2091 3208 et
2129 3155 2384 3221 primariae
2412 3169 2501 3202 uo-

1445 3249 1661 3301 bilitatis
1685 3253 1955 3302 matronae,
1975 3237 2131 3301 idque
2156 3249 2186 3281 a
2209 3230 2505 3300 serviSQq‘ui

1442 3328 1558 3376 ideo
1581 3321 1830 3374 lecticarii
1857 3317 2011 3372 servi,
2031 3327 2125 3361 sex
2149 3315 2205 3358 ut
2228 3307 2503 3372 plurimum

1441 3405 1526 3453 vel
1561 3410 1700 3451 octo.
1768 3396 1921 3445 Unde
1962 3389 2161 3440 lectica⁸
2193 3385 2308 3448 ipsa
2349 3385 2507 3432 bexa-

1445 3481 1660 3544 phorum
1689 3481 1742 3523 et
1779 3469 2135 3532 octaphorum.
2204 3464 2285 3511 De
2320 3458 2504 3531 quibus

1447 3555 1615 3607 adbuc
1642 3549 1778 3600 iufra
1800 3547 1918 3596 Tib.
1942 3557 2059 3605 cap.
2080 3542 2162 3588 64.
2199 3537 2364 3603 Calig.
2385 3549 2505 3601 cap.

1444 3637 1528 3682 58.
1570 3627 1768 3680 Domit.
1793 3637 1909 3684 cap.
1931 3624 1982 3669 2.
2005 3625 2058 3665 et
2082 3620 2130 3663 8.
2489 3618 2495 3625 ·

1513 3715 1536 3741 ¹²
1575 3694 1920 3767 conchylium]
1941 3693 2059 3745 Hoc
2082 3695 2182 3751 est,
2207 3697 2505 3759 purpureae,

1443 3784 1653 3837 infectae
1675 3778 1876 3828 scilicet
1914 3766 2143 3833 pretioso
2179 3761 2270 3810 illo
2300 3757 2507 3807 muricis

1442 3864 1556 3916 sive
1581 3856 1740 3911 ostrei
1755 3864 1912 3902 succo
1935 3862 1950 3907 ς
1972 3845 2086 3895 haec
2111 3838 2246 3888 enim
2272 3837 2373 3885 duo
2398 3836 2509 3898 ple-

1444 3939 1593 4003 rique
1638 3947 1732 3996 pro
1786 3924 1968 3977 eodem
2023 3915 2288 3979 accipiunt
2349 3918 2510 3989 atque

1446 4009 1710 4073 Conchyle
1733 4005 1842 4052 sive
1864 3993 2198 4059 conchylium
2219 4005 2233 4038 τ
2268 3988 2356 4036 alii
2380 4001 2505 4035 vero

1445 4091 1654 4143 diversa
1676 4079 1989 4131 concharum
2027 4083 2143 4120 esse
2180 4079 2375 4141 genera
2395 4076 2510 4111 sen·

1447 4167 1619 4217 tiuntz
1671 4160 1738 4209 de
1780 4150 1856 4204 bie
1910 4151 2062 4214 plura
2105 4142 2298 4193 Baifius
2343 4138 2408 4186 de
2454 4150 2511 4184 re

1449 4237 1697 4293 vestiaria
1712 4247 1834 4296 cap.
1855 4232 1904 4278 3.
1923 4233 1979 4275 et
2002 4219 2167 4282 Calig.
2191 4230 2310 4279 cap.
2331 4216 2413 4261 17.
2497 4226 2503 4233 ·
