3019 4922
2472 340 2563 406 87

358 493 707 579 draginta⁶
766 497 1142 581 elephantis
1183 500 1420 570 dextra
1475 504 1677 583 atque
1736 499 2008 566 sinistra
2064 500 2564 587 lychnuchosv

365 600 801 683 gestantibus.
892 600 1182 667 Pontico
1233 601 1569 687 triumpho
1595 610 1634 639 V
1683 603 1869 672 inter.
1901 624 2169 691 pompae
2194 605 2219 643 ⁸
2270 606 2563 671 fereula²

368 702 559 765 trium
591 704 948 775 verborum
992 707 1283 789 praetulit
1310 706 1603 786 titulum,
1645 704 1873 772 Vssm.
1918 707 2125 774 Vtut.
2171 707 2386 774 Vter:
2431 728 2563 774 non

367 811 509 872 acta
529 806 687 869 belli
718 807 1223 889 significantem,
1245 811 1423 875 sicut
1443 811 1738 887 ceteris,⁹
1760 820 1788 858 y
1820 813 1937 876 sed
1962 813 2257 877 celeriter
2278 812 2562 878 confecti

366 913 611 973 notam.
729 908 897 1008 [38]
959 910 1313 977 Veteranis
1371 914 1803 996 legionibus²
1859 915 2111 1000 praedae
2169 917 2434 980 nomine
2492 916 2563 990 in

1213 368 1251 400 .’
1312 352 1610 402 sumus.
1672 369 1703 384 '⁸

1280 1090 1641 1112 OOOOOOOOOOOO

367 1204 515 1254 etiam
561 1204 742 1254 Barth.
777 1203 912 1255 Adv.
949 1220 1124 1257 xm'n.
1158 1211 1207 1257 2.
1239 1222 1384 1256 suum
1419 1207 1584 1259 codic.
1616 1210 1680 1258 ad
1718 1209 1947 1260 Litonina
1979 1211 2234 1275 praebere,
2256 1227 2405 1263 sensu
2436 1228 2564 1263 non-

368 1271 482 1318 dum
527 1275 932 1334 apparente.-6
990 1274 1366 1335 Quadringentis
1407 1273 1533 1323 alios
1574 1275 1750 1338 legere
1787 1275 1982 1327 docent
2017 1278 2145 1327 Exc.
2180 1278 2358 1343 Cujac.
2396 1286 2452 1329 et
2487 1279 2564 1330 ita

370 1336 505 1399 Lips.
540 1337 595 1384 in
637 1350 725 1384 ora
762 1336 953 1386 codicis
995 1338 1072 1386 sni
1116 1346 1408 1401 notaverat,
1446 1348 1499 1387 et
1538 1340 1648 1404 ipse
1685 1341 1928 1391 malebat.
1997 1343 2295 1392 Lectionem
2333 1352 2563 1395 nostram

368 1408 676 1464 receperunt
716 1417 893 1451 omnes
930 1403 1065 1454 Edd.
1107 1405 1335 1453 melioris
1370 1413 1526 1456 uotae.
1567 1406 1834 1470 elephantes
1868 1406 2034 1456 Rhed.
2057 1412 2204 1459 2.-7
2243 1409 2328 1458 Ita
2365 1409 2562 1473 primns

361 1465 510 1529 jussit
567 1468 750 1531 reponi
787 1468 1098 1530 Pontianus,
1142 1484 1291 1534 quern
1334 1470 1500 1519 secuti
1545 1478 1663 1520 suut
1708 1472 1895 1535 Egnat.
1931 1473 2110 1524 Burm.
2152 1474 2299 1523 Torr.
2338 1476 2564 1528 Casaub.

367 1547 429 1580 ex
454 1533 667 1582 Memm.
703 1541 757 1581 et
781 1533 939 1583 Wolf.
960 1557 966 1561 ·
998 1533 1119 1599 Alii,
1142 1542 1201 1583 nt
1226 1534 1401 1585 Graev·
1424 1536 1565 1586 Oud.
1587 1537 1843 1587 Bernecc.
1877 1537 2067 1602 lychnos
2094 1539 2422 1590 scribendum
2460 1543 2566 1589 vel·

367 1599 492 1658 lent,
524 1612 589 1648 ac
623 1597 695 1647 ita
730 1599 887 1649 Fonc.
928 1600 1042 1650 Pal.
1071 1604 1115 1648 3.
1159 1615 1273 1650 cum
1308 1600 1445 1649 Edd.
1483 1601 1633 1650 Rom.
1654 1602 1788 1650 Ven.
1822 1607 1940 1653 23.
1967 1604 2131 1668 Lugd.
2152 1605 2302 1656 Junt.
2332 1606 2566 1670 aliisque.

366 1663 597 1726 lychnicos
638 1662 820 1713 Barth.
859 1665 974 1715 cod.
1014 1667 1203 1729 copes.
1245 1664 1367 1716 Ald.
1406 1667 1653 1715 lichinicos
1687 1669 1767 1717 vel
1808 1668 2045 1718 liclmucos
2083 1670 2211 1735 Pal„
2235 1674 2280 1721 l.
2320 1675 2371 1721 2.
2405 1671 2560 1722 Huls.

368 1730 559 1779 Medic.
585 1728 781 1792 Obsop.
805 1729 956 1779 Voss.
976 1730 1107 1781 Ven.
1134 1736 1182 1779 1.
1204 1739 1259 1780 et
1283 1731 1474 1795 plures.
1541 1733 1707 1781 Paulo
1730 1748 1883 1797 supra
1905 1736 2035 1784 dext.
2067 1734 2349 1799 sinistraque
2373 1736 2564 1799 Copes.

368 1794 518 1843 Vind.
542 1798 593 1844 2.
617 1803 672 1844 et
696 1795 938 1845 Com—8
975 1796 1089 1845 Erit
1108 1794 1268 1859 populi
1295 1797 1581 1860 Cujac.-—9
1615 1798 1833 1849 Casaub.
1856 1813 1886 1846 e
1912 1799 2115 1848 Viterb.
2149 1801 2381 1864 reposuit
2400 1801 2563 1857 ceteri,

369 1859 761 1927 astipulantibus
783 1861 941 1911 vind.
972 1870 1209 1925 utroque,
1250 1861 1394 1911 Cort.
1431 1878 1547 1911 cum
1572 1863 1708 1912 Aldo
1741 1873 1794 1912 et
1828 1865 1954 1916 Ern.
2014 1864 2262 1915 Nostrum
2297 1866 2566 1915 vindicant

369 1924 500 1975 Oud.
526 1926 707 1976 Burni.
741 1934 1005 1990 praeeuute
1029 1927 1241 1977 Graevio
1272 1941 1389 1976 cum
1422 1929 1638 1979 Menum.
1659 1928 1856 1979 Medic.
1890 1930 2078 1994 Copes.
2119 1930 2369 1981 Palatinis
2402 1931 2565 1996 omni-3

1354 2075 1571 2127 NOTAE

367 2204 431 2253 ps
455 2189 735 2240 novissime
772 2190 1165 2241 traducebatur.
1222 2192 1421 2241 Notan-

369 2265 482 2314 dum
522 2280 649 2315 vero
671 2268 806 2331 quod
830 2267 1021 2317 Gallici
1060 2267 1303 2331 triumphi
1338 2268 1422 2316 die.

370 2342 552 2406 gradus
576 2343 896 2407 Capitolinos
920 2344 1136 2408 genibus
1158 2358 1419 2394 emensum

368 2418 644 2477 Caesarem,
667 2420 773 2471 Dio
796 2418 959 2471 refert
982 2420 1074 2471 lib.
1099 2434 1261 2473 xmn.
1283 2420 1420 2487 quod

368 2503 419 2546 et
440 2496 688 2545 Claudius
711 2497 1037 2564 Britannico-
1053 2499 1312 2563 triumpho
1341 2515 1421 2549 re-

368 2570 536 2631 tinuit,
560 2571 696 2622 idem
722 2574 811 2622 lib.
834 2589 993 2626 nvru.

424 2655 448 2680 '
478 2648 811 2714 Lychnuekos]
848 2651 907 2700 In
933 2652 1034 2701 suis
1069 2651 1200 2702 Mss.
1235 2653 1421 2702 Casan·

368 2724 526 2775 bonus
548 2727 753 2790 legebat
777 2728 983 2792 lychnos.
1038 2730 1345 2779 Torrentius
1367 2730 1420 2780 in

369 2803 467 2852 suis
490 2812 548 2852 et
580 2805 796 2869 lychnios
818 2814 871 2855 et
896 2806 1143 2872 lychnucos
1156 2823 1177 2866 ,·
1200 2798 1420 2857 Politia-

367 2895 457 2929 uus
482 2887 538 2930 et
560 2882 816 2946 Egnatius
846 2885 1078 2937 ultimum
1121 2885 1422 2949 praetulere,

367 2975 490 3024 quos
513 2959 703 3009 deinde
726 2963 889 3011 ceteri
915 2963 1077 3013 secuti
1103 2971 1224 3013 sunt
1242 2963 1421 3013 uuani-

365 3052 487 3085 mes.
554 3036 660 3087 Hic
685 3045 857 3088 autern
888 3039 1203 3103 lychnuchos
1235 3040 1423 3091 intelli-

366 3121 493 3178 gunt
532 3114 616 3163 vel
657 3116 1053 3167 instrumentum
1089 3117 1173 3168 cni
1213 3123 1425 3181 aptatur

363 3192 597 3256 lychnus,
616 3201 673 3241 ut
697 3195 929 3252 Lucerna
950 3195 1299 3256 caudelabr03
1324 3210 1424 3260 quo

364 3283 513 3317 sensu
542 3269 729 3319 Cicero
764 3271 959 3321 Quinto
981 3269 1131 3320 fratri
1157 3271 1253 3334 ait,
1272 3275 1287 3300 ‘
1314 3271 1426 3320 haec

363 3346 548 3412 scripsi
567 3345 634 3396 ad
661 3347 964 3412 lychnncum
989 3347 1304 3411 ligneolum‚’
1324 3350 1423 3398 διο.

366 3425 442 3473 vel
466 3437 661 3489 pueros
687 3439 834 3474 veros
867 3432 959 3475 aut
999 3423 1195 3474 effictos
1231 3424 1423 3474 lumina

365 3507 667 3565 gestantes3
690 3514 790 3564 quo
815 3514 971 3549 sensu
994 3500 1294 3551 Lucretius:
1329 3501 1345 3528 ‘
1368 3499 1424 3548 Si

365 3594 464 3630 non
506 3594 670 3631 aurea
707 3585 830 3629 sunt
859 3579 1107 3643 juvenum
1152 3577 1427 3626 simulacra

362 3673 456 3720 per
488 3657 631 3707 aedes
671 3657 956 3721 Lampades
987 3653 1234 3719 igniferas
1268 3652 1428 3702 mani-

366 3738 458 3788 bus
484 3737 767 3787 retinentia
804 3735 1021 3791 dextris,
1062 3733 1277 3783 Lumina
1309 3745 1427 3781 noc·

367 3815 533 3863 turnis
567 3814 733 3877 epulis
773 3820 833 3862 ut
864 3806 1301 3876 suppeditentur,'
1326 3810 1426 3858 διο.

369 3892 524 3941 Unde
560 3898 617 3940 et
649 3889 959 3954 ‘lychnuchi
1006 3888 1231 3953 pensiles
1254 3884 1426 3950 ’apud

375 3967 599 4017 Plinium
624 3967 711 4017 lib.
735 3979 940 4017 xxxiv.
963 3980 1079 4028 cap.
1110 3968 1159 4013 3.
1179 3972 1234 4011 et
1257 3962 1429 4026 lychni

383 4045 582 4109 quoque
607 4044 738 4108 apud
760 4044 942 4106 Virgil.
964 4043 1056 4094 lib.
1077 4058 1115 4093 ι.
1147 4041 1351 4092 AEneid.
1376 4042 1428 4090 in

390 4119 648 4169 convivio:
690 4121 704 4148 ⁸
725 4120 1037 4185 Dependent
1064 4119 1234 4183 lychni
1257 4120 1429 4184 laque·

400 4195 564 4244 aribus
584 4196 743 4244 aureis
756 4196 982 4259 Incensi,
999 4204 1054 4245 et
1070 4203 1274 4246 noctem
1291 4194 1430 4245 flam·

406 4271 494 4318 mis
527 4268 706 4320 funalia
740 4272 985 4323 vincunt!
1055 4272 1135 4321 De
1168 4286 1309 4322 more
1346 4287 1428 4321 ac-

1502 2192 1763 2243 cendendi
1789 2192 1839 2241 in
1879 2191 2091 2257 publico
2132 2191 2321 2257 gaudio
2353 2191 2565 2255 lumina,

1503 2270 1668 2334 Calig.
1686 2285 1803 2334 cap.
1829 2274 1904 2321 13.
1927 2272 2026 2320 διο.
2561 2297 2567 2303 ·

1569 2355 1599 2380 '⁷
1635 2346 1837 2396 Pontico
1874 2344 2135 2410 triumpho]
2172 2344 2253 2392 Ex
2290 2345 2563 2395 Pharnace

1501 2438 1549 2473 c.
1571 2428 1654 2477 35.
1678 2439 1780 2489 quo
1801 2423 2065 2474 debellato
2088 2422 2269 2471 eadem
2292 2421 2382 2471 illa
2404 2422 2566 2472 verba

1500 2502 1710 2565 scripsit
1735 2501 1797 2551 ad
1830 2501 2039 2559 amicos,
2064 2515 2178 2565 quae
2201 2499 2359 2549 etiam
2384 2499 2568 2548 retulit

1501 2574 1798 2641 Appianus:
1819 2576 1982 2637 ἦλθον.
2000 2574 2139 2627 εἶδον.
2155 2574 2366 2635 ἐνίκησα.
2380 2576 2445 2625 de
2461 2589 2564 2640 quo

1500 2660 1559 2703 et
1575 2654 1843 2703 Plutarch.
1869 2657 1919 2703 in
1942 2653 2167 2702 Caesare.

1566 2735 1592 2760 ¹
1628 2727 2045 2791 Pompoesercula]
2069 2729 2146 2777 Ea
2163 2733 2284 2776 sunt
2301 2740 2565 2791 quaecum-

1502 2820 1603 2870 que
1629 2806 1681 2855 in
1704 2807 1802 2855 hac
1826 2804 2025 2855 solenni
2050 2818 2237 2868 pompa
2259 2802 2564 2852 defereban-

1503 2888 1610 2946 tur,
1630 2890 1688 2932 ut
1713 2881 1879 2945 spolia
1894 2881 2136 2943 hostium,
2155 2895 2382 2942 coronae,
2406 2881 2564 2929 simu·

1504 2961 1647 3010 lacra
1681 2960 1942 3008 Deorum:
1975 2957 2218 3008 dicuntur
2240 2957 2395 3007 etiam
2420 2949 2566 3006 ludo-

1505 3052 1617 3087 rum
1664 3036 1863 3087 fercula
1907 3043 1963 3086 et
2006 3033 2391 3085 sacrificiorum.
2466 3034 2565 3084 His

1506 3115 1758 3176 Budaeus,
1797 3113 2055 3179 prioribus
2079 3112 2132 3161 in
2161 3111 2447 3177 pandectas
2480 3127 2571 3161 an-

1505 3193 1876 3254 notationibus,
1940 3191 2125 3241 similia
2188 3189 2573 3255 quodammodo.
2603 3236 2613 3241 -

1506 3284 1619 3320 esse
1657 3270 1732 3318 ait
1766 3268 2041 3332 gestariola
2074 3268 2179 3322 illa,
2216 3266 2400 3330 quibus
2424 3266 2564 3330 apud

1508 3361 1603 3397 nos
1637 3346 1944 3396 Sanctorum
1968 3344 2201 3407 reliquiae
2237 3342 2287 3391 in
2308 3342 2575 3411 supplicae·⁴

1504 3422 1732 3473 tionibus
1757 3419 2212 3470 circumferuntur.

1570 3508 1592 3543 5
1629 3499 1812 3551 Ceteris
1839 3497 2031 3561 [ceteri]
2063 3494 2230 3544 'rituti
2267 3494 2468 3543 scilicet
2513 3499 2569 3543 et

1504 3575 1888 3640 inscriptiones,
1920 3572 2103 3638 quibus
2142 3586 2234 3634 pro
2273 3577 2568 3619 ceterorum

1508 3667 1651 3703 more
1697 3648 2124 3714 triumphantium
2170 3646 2446 3709 descriptae
2484 3660 2566 3696 res

1509 3730 1646 3780 bello
1702 3728 1958 3793 praeclare
2021 3732 2184 3789 gestae
2241 3722 2570 3774 videbantur.

1509 3805 1798 3856 Beroaldus
1823 3811 1877 3853 et
1905 3800 2196 3852 Sabellicus
2226 3798 2474 3863 legebant
2496 3816 2571 3850 ce·
2618 3806 2621 3813 ²

1506 3884 1644 3946 teris,
1681 3889 1739 3932 ut
1777 3880 1997 3930 habetur
2036 3878 2192 3927 etiam
2239 3876 2294 3925 in
2341 3877 2570 3927 editione

1508 3960 1643 4009 Roh.
1667 3958 1846 4021 Steph.
1869 3955 1940 4005 ita
1964 3961 2022 4004 nt
2046 3954 2259 4004 verbum
2283 3953 2409 4003 illud
2434 3952 2571 4003 refe·

1508 4044 1656 4085 ratur
1671 4033 1735 4084 ad
1757 4034 2063 4095 triumphos.
2512 4095 2521 4105 ι

1571 4123 1592 4147 ²
1632 4111 1882 4163 veteranis
1918 4106 2204 4170 legionibus]
2253 4106 2568 4168 corruptum

1507 4191 1644 4240 hunc
1714 4190 1880 4239 locum
1955 4183 2191 4236 Suetonii
2261 4182 2581 4243 interpretes·

1511 4275 1765 4334 quotquot
1802 4264 1922 4324 vidi,
1961 4260 2194 4325 exceptis
2233 4256 2491 4306 Beroaldo
2516 4262 2571 4304 et
