3019 4922
1183 448 1577 497 commus,
2344 438 2472 503 277

286 598 534 674 praeter
563 591 1033 657 venationemv
1075 593 1392 658 ediditt¹⁰
1438 596 1723 660 athletas
1768 616 2061 681 quoque,
2108 602 2474 664 exstructis

284 692 355 760 in
383 713 631 776 campo
664 694 916 759 Martio
947 694 1273 760 sedilibus
1296 705 1313 734 ¹
1363 698 1645 780 ligneis:
1692 698 1848 763 item
1879 702 2120 765 navale
2149 702 2472 786 praelium,

288 795 469 859 circa
515 796 813 861 Tiberim
866 807 1107 863 cavato
1156 801 1327 876 solo,
1379 801 1446 864 in
1495 821 1626 883 quo
1670 821 1845 866 nunc
1878 801 2214 869 Caesarum
2246 825 2477 871 nemus

288 905 459 961 est.W
549 897 818 976 Quibus
847 901 1087 964 diebus
1118 903 1424 966 custodes
1455 902 1526 965 in
1558 902 1739 967 Urbe
1780 905 2136 989 disposuit,
2181 928 2263 971 ne
2311 910 2477 973 rari-
2547 923 2551 926 ’

288 1007 423 1065 tate
470 1003 939 1067 remanentium
984 1006 1471 1086 grassatoribus
1521 1007 1816 1071 obnoxia
1859 1015 2061 1072 esset.
2152 1010 2230 1073 In
2274 1009 2475 1076 Circo

286 1104 557 1185 aurigas
575 1125 1011 1190 cursoresque
1028 1114 1095 1171 et
1112 1110 1525 1173 conlectores
1543 1109 1846 1189 ferarum,
1863 1120 1932 1176 et
1944 1117 1968 1147 ²
2001 1132 2476 1196 nonnunquam

284 1226 369 1269 ex
403 1208 823 1272 nobilissima
841 1208 1223 1292 juventute,
1253 1213 1590 1296 produxit.
1660 1212 1796 1277 Sed
1829 1220 1896 1277 et
1926 1214 2186 1299 Trojae¹
2215 1216 2471 1279 lusum³

284 1309 499 1374 edidit
526 1310 1086 1395 frequentissime,
1132 1316 1451 1400 majorum
1497 1317 1951 1382 minorumve4
1992 1338 2344 1402 puerorum
2377 1319 2477 1383 di·-

281 1413 463 1477 lectu
487 1434 506 1493 ;
526 1421 550 1460 ⁵
597 1414 801 1497 prisci
857 1415 1209 1500 decorique
1266 1419 1468 1482 moris
1519 1419 1942 1499 existiman8‚
1995 1422 2194 1485 clarae
2246 1422 2476 1504 stirpis

284 1516 580 1580 indolem
611 1517 711 1581 sic
740 1517 1129 1583 notescere.⁶
1196 1520 1276 1584 In
1306 1521 1431 1585 boc
1459 1522 1716 1585 ludicro
1740 1530 1764 1571 ⁷
1798 1521 1875 1586 C.
1909 1522 2202 1588 Nonium
2227 1523 2479 1606 Aspre-

286 1626 542 1697 natem,
571 1620 774 1703 lapsu
807 1621 1243 1702 debilitatum,
1276 1643 1479 1689 aureo
1500 1625 1524 1663 ⁸
1576 1632 1812 1709 torque
1842 1625 2157 1706 donavit3
2195 1646 2477 1710 passus-

290 1740 421 1803 que
445 1727 546 1784 est
573 1724 832 1805 ipsum⁹
865 1733 1306 1809 posterosque
1336 1726 1660 1810 Torquati
1684 1729 1848 1792 serre
1872 1748 2254 1811 cognomen.
2303 1729 2476 1793 Mox

1198 1890 1287 1909 000
1296 1890 1559 1910 ’00000000

290 2009 410 2051 ante
435 2004 569 2050 modo
592 2001 737 2052 abest
760 2002 1057 2054 Periz.—10
1093 2005 1243 2056 Dedit
1268 2007 1439 2057 Periz.
1465 2008 1698 2059 Harlem.
1725 2008 1866 2058 Cort.
1890 2015 1942 2057 et
1968 2006 2172 2072 quidam
2196 2006 2346 2057 codd.
2375 2006 2478 2056 Re-

290 2069 379 2128 gii,
401 2082 516 2117 cnm
537 2066 669 2116 Edd.
693 2068 872 2133 Camp.
894 2070 1035 2118 Med.
1055 2070 1201 2122 Cald.
1219 2074 1349 2121 Ven.
1369 2080 1433 2121 tr.
1452 2074 1586 2123 Bon.
1609 2074 1770 2136 Lugd.
1788 2074 1907 2122 Bas.
1926 2078 2057 2135 post.
2075 2082 2128 2121 et
2148 2072 2331 2136 probat
2351 2073 2476 2123 Ern.

289 2134 417 2181 Tum
439 2147 614 2195 qaoque
638 2133 836 2183 excidit
856 2149 920 2182 ex
943 2135 1073 2183 Edd.
1091 2137 1225 2186 Ven.
1247 2138 1376 2186 Bon.
1396 2139 1543 2188 Med.
1564 2145 1618 2188 et
1641 2139 1710 2187 O.
1730 2139 1793 2187 ad
1815 2139 1991 2189 Graev.
2015 2145 2070 2186 et
2091 2138 2272 2187 Pitisc.
2295 2146 2350 2186 et
2367 2152 2480 2186 rur·

292 2213 375 2245 sus
397 2212 461 2246 ex
488 2197 661 2247 Graev.
682 2213 784 2247 sec.
848 2199 910 2248 In
931 2200 1088 2251 Polit.
1111 2201 1256 2251 Cort.
1280 2203 1414 2254 Edd.
1432 2205 1583 2255 Rom.
1603 2204 1909 2267 athletasque.
1929 2202 2083 2252 vind.
2110 2208 2153 2251 t.
2174 2203 2360 2252 addidit
2380 2203 2481 2253 ath.

291 2278 424 2326 quoq.
448 2263 607 2312 Fouc.
631 2269 780 2311 exstr.
801 2279 936 2328 quoq.
1003 2266 1172 2315 Paulo
1195 2283 1352 2329 supra
1373 2270 1550 2318 mallet
1571 2268 1727 2319 Wolf.
1754 2268 2081 2318 scribendum
2108 2270 2187 2316 sed
2212 2267 2477 2331 aliquando.

291 2333 380 2375 —l
422 2327 624 2377 Sedibus
646 2329 874 2391 Cop.—2
895 2331 1036 2380 Torr.
1060 2333 1261 2382 censuit
1287 2334 1623 2398 rejiciendum
1646 2340 1693 2383 et
1711 2343 1831 2383 ante
1852 2349 2086 2397 nonnuuq.
2119 2334 2245 2382 Mox
2266 2333 2482 2395 producit

293 2392 446 2441 vind.
470 2397 612 2442 1.—3
641 2393 724 2441 lta
748 2394 957 2444 Menum.
986 2396 1130 2446 fluis.
1152 2397 1347 2449 Medic.
1374 2406 1440 2447 tr.
1460 2400 1614 2449 VosS.
1633 2407 1690 2448 et
1708 2400 1803 2449 Ed.
1829 2398 1893 2447 R.
1912 2400 2089 2461 Stepb.
2123 2399 2292 2460 Vulgo
2305 2400 2481 2447 ludum.

293 2463 386 2508 -4
417 2459 561 2507 Torr.
586 2458 1177 2524 maluitsrequentissimo,
1199 2471 1254 2512 et
1287 2464 1406 2513 dein
1429 2479 1495 2513 ex
1521 2480 1610 2515 suo
1634 2464 1752 2514 cod.
1775 2465 1905 2528 legit
1926 2463 2036 2525 mqy‘.
2062 2463 2397 2526 minorumque,
2420 2473 2477 2511 et

297 2524 368 2571 sic
390 2523 602 2572 edidere
623 2525 799 2574 Bnrm.
818 2525 953 2574 Ond.
976 2535 1028 2576 et
1051 2526 1206 2575 Wolf.
1233 2530 1602 2579 accedentibus
1621 2529 1815 2579 Medic.
1841 2536 1908 2578 tr.
1928 2529 2047 2578 Pin.
2071 2527 2226 2577 Vind.
2250 2532 2299 2576 2.
2323 2529 2479 2576 Fouc.

240 2594 241 2597 ’
297 2588 426 2639 Edd.
453 2589 601 2640 Junt.
630 2589 751 2639 Ald.
786 2591 968 2654 Stepli.
993 2606 1267 2654 magnorum
1293 2595 1440 2643 Cort.
1467 2597 1607 2644 Dnn.
1641 2594 1873 2643 Harlem.
1902 2594 2033 2656 Cop.
2063 2591 2237 2641 Periz.
2257 2598 2312 2640 et
2331 2592 2480 2642 Vett.

297 2653 423 2702 Edd.
450 2656 736 2715 plures.--6
772 2655 857 2703 Al.
875 2658 1073 2706 delectu.
1095 2657 1224 2721 Cop.
1246 2660 1443 2708 delecto.
1511 2659 1660 2707 Hanc
1685 2673 1862 2707 vocem
1887 2659 2166 2706 omiserunt
2189 2656 2340 2705 Huls.
2363 2655 2481 2705 Pin.

297 2718 407 2782 Cuj.
433 2719 772 2768 Harlem.—6
810 2722 1004 2770 Probat
1026 2723 1173 2771 Torr.
1199 2737 1228 2770 e
1252 2723 1406 2773 duob.
1428 2723 1581 2773 codd.
1601 2722 1870 2772 enitescere.
1911 2724 2062 2771 Voss.
2088 2721 2245 2770 babet
2265 2720 2335 2770 sic
2357 2722 2481 2770 enim

296 2790 465 2834 notesc.
487 2784 647 2833 vind.
673 2789 720 2833 1.
752 2784 822 2834 sic
844 2786 1147 2847 ignotescere.
1174 2788 1353 2836 Burm.
1376 2788 1562 2836 suadet
1580 2793 1839 2837 enotescere
1862 2788 1942 2835 vel
1967 2789 2267 2836 innotescere.
2332 2786 2480 2834 lusu·

297 2863 387 2910 per
410 2850 557 2899 maris
579 2858 820 2898 exaratur
844 2851 893 2899 in
916 2852 1144 2901 Dum—7
1169 2853 1361 2902 dudit-io
1384 2854 1617 2903 Harlem.
1640 2853 1815 2901 lubrico
1835 2851 1966 2901 Edd.
1989 2853 2136 2901 Rom.
2157 2852 2265 2899 ludo
2287 2851 2480 2899 Medic.

297 2916 341 2961 3.
368 2914 524 2963 Polit.
551 2915 601 2962 in
629 2915 811 2977 quibus
848 2917 1148 2967 Crenonium.
1214 2918 1382 2967 Deest
1415 2933 1714 2980 praenomen
1745 2932 1776 2966 a
1810 2917 2005 2968 Medic.
2031 2916 2240 2975 ceteris,
2261 2924 2482 2979 utroque

294 2978 449 3027 vind.
468 2980 602 3041 Cop.
625 2980 773 3028 Voss.
795 2983 932 3032 Dnn.
950 2981 1230 3045 Fonc.(qui
1253 2991 1306 3031 et
1334 2983 1565 3042 Novium)
1590 2991 1641 3031 et
1665 2982 1920 3047 aliquibus
1940 2982 2224 3036 Torrentii,
2247 2983 2333 3029 sed
2353 2996 2481 3029 unus

294 3043 393 3094 Ms.
428 3045 519 3094 dat
552 3044 667 3093 Sex.
701 3059 792 3106 pro
826 3048 982 3095 C.-8
1014 3047 1076 3096 In
1124 3049 1252 3098 Exc.
1290 3049 1444 3099 Voss.
1479 3048 1759 3097 exhibetur
1799 3052 2059 3097 aurea.-9
2098 3048 2295 3095 Deerat
2331 3047 2486 3109 ipsam

294 3107 505 3160 Memm.
562 3111 755 3159 Contra
778 3110 1086 3174 Asprenatem
1119 3113 1317 3163 addunt
1354 3114 1588 3165 Harlem.
1625 3114 1796 3164 Periz.
1831 3115 1964 3164 Ven.
2001 3121 2065 3163 tr.
2100 3113 2234 3162 Bon.
2262 3112 2408 3162 Med.
2429 3120 2484 3160 et

1279 3261 1492 3311 NOTAE

296 3354 471 3409 tio,sic
495 3353 665 3402 dictus
690 3354 828 3418 quod
851 3369 882 3403 a
902 3354 1082 3404 Servio
1097 3357 1347 3406 Romano·
1430 3358 1741 3420 spectaculis
1776 3357 2054 3406 bestiarum
2094 3361 2240 3406 360⁰.
2275 3356 2372 3405 etsi
2419 3371 2484 3405 ex

296 3446 402 3481 runi
441 3446 566 3494 rege
593 3447 686 3480 sex
713 3433 956 3483 tabulatis
978 3433 1206 3483 inclusus
1238 3433 1347 3483 fne-
1433 3428 1645 3482 Aurelio
1663 3433 1877 3482 Victore
1896 3447 1995 3481 non
2015 3441 2243 3481 constat.

295 3515 390 3570 rat,
420 3506 563 3554 intra
589 3522 698 3569 qua·
725 3508 942 3570 populus
980 3506 1145 3557 ferret
1168 3506 1347 3558 suffra-
1493 3517 1526 3542 '¹
1561 3511 1705 3558 Nunc
1728 3510 1971 3558 Coesarum
1986 3523 2149 3557 nemus
2163 3507 2257 3569 est]
2285 3507 2349 3555 Τὸ
2362 3523 2485 3557 nunc

298 3584 392 3644 g'ia.
466 3583 757 3632 Porticibus
773 3582 908 3632 bunc
926 3584 1153 3647 Lepidus
1177 3584 1239 3632 ad
1261 3585 1349 3634 lia·
1429 3599 1530 3635 non
1565 3585 1628 3633 ad
1667 3585 1902 3635 Suetonii
1925 3590 2145 3647 tantum,
2166 3582 2257 3632 sed
2287 3583 2352 3631 ad
2379 3582 2484 3632 Au-

299 3657 464 3709 beuda
507 3659 721 3708 comitia
756 3660 1185 3715 circumdederat,
1222 3660 1350 3723 lapi·
1432 3664 1567 3726 gusti
1620 3662 1782 3726 ipsius
1836 3669 2071 3725 tempora
2120 3658 2486 3708 referendum:
2555 3660 2564 3669 '

298 3738 403 3785 deis
441 3737 634 3786 tabulis
681 3743 736 3785 et
778 3736 993 3800 picturis
1029 3744 1352 3787 exornatum.
1431 3740 1544 3789 haec
1573 3739 1708 3788 enirn
1745 3738 1859 3802 ipsa
1892 3736 2052 3787 verba
2088 3736 2327 3785 desumta
2365 3744 2488 3784 sunt

297 3814 471 3863 Ovilia
493 3827 698 3878 quoque
729 3821 945 3876 propter
966 3813 1352 3863 similitudinem
1431 3827 1499 3862 ex
1523 3815 1696 3878 lapide
1723 3815 2015 3877 Ancyrano,
2037 3819 2092 3861 et
2117 3828 2166 3862 c.
2201 3815 2314 3862 101.
2341 3809 2482 3860 infra

297 3891 586 3953 appellatus
628 3896 710 3938 est
745 3904 759 3938 ι
815 3889 1058 3941 Juvenal.
1120 3890 1230 3939 Sat.
1272 3904 1352 3940 vr.
1434 3897 1600 3954 patet,
1620 3892 1791 3955 sylvas
1822 3892 1873 3939 in
1906 3905 2048 3939 usum
2076 3889 2250 3952 populi
2272 3888 2489 3938 circum-

297 3966 554 4028 ‘Autiquo
572 3980 689 4029 quae
707 3966 939 4026 proxima
961 3973 1140 4029 surgat
1159 3967 1338 4018 Ovili!
1420 3966 1594 4030 jectas
1620 3967 1886 4016 Mausoleo
1908 3980 2019 4025 suo,
2042 3965 2176 4030 quod
2202 3964 2330 4014 inibi
2367 3979 2488 4014 con·

356 4050 379 4073 v
426 4041 755 4104 Veneticum]
777 4043 861 4091 De
883 4056 948 4091 ea
970 4042 1093 4105 quid
1120 4052 1278 4105 esset,
1297 4044 1352 4093 in
1433 4045 1642 4102 struxit,
1674 4051 1730 4093 et
1763 4045 1975 4092 Tacitus
2010 4040 2276 4091 confirmat
2300 4040 2489 4092 Annal.

298 4118 403 4168 Jnl.
426 4133 544 4182 cap.
569 4123 649 4168 10.
686 4118 838 4182 hujus
867 4119 1250 4182 cupidissimum
1276 4120 1356 4169 fu·
1436 4133 1545 4169 ιιι.
1612 4119 1886 4169 Frontinus
1906 4123 1951 4166 1.
1971 4118 2036 4167 de
2064 4116 2489 4183 Aquaeductibus,

301 4196 396 4247 isse
434 4195 745 4257 Augustum,
779 4201 886 4244 tum
911 4209 977 4245 ex
1012 4210 1169 4257 supra
1201 4196 1354 4245 dictis
1433 4196 1500 4245 de
1527 4210 1655 4258 aqua
1682 4194 1916 4244 Alsetina
1940 4195 2170 4259 loquens.

302 4272 535 4335 colligas,
554 4281 660 4320 tum
689 4286 756 4321 ex
780 4271 955 4333 lapide
979 4272 1278 4337 Ancyrano,
1301 4273 1352 4322 in
1496 4279 1522 4305 ³
1560 4270 1739 4334 Trojoe]
1766 4272 1847 4321 De
1871 4271 1948 4321 bis
1973 4272 2024 4320 in
2047 4272 2080 4324 J
2086 4273 2154 4321 ul.
2176 4285 2293 4334 cap.
2313 4272 2392 4318 39.

304 4361 399 4411 quo
448 4347 692 4399 confecta
732 4350 972 4412 leguntur
1013 4348 1067 4398 in
1105 4349 1354 4415 ejusmodi
