3019 4922
1257 454 1636 503 rmum-us.
2414 442 2545 510 503

352 600 525 664 cerni
571 580 707 665 sibi'
743 619 987 683 passus
1031 604 1155 676 est,
1187 619 1323 682 quo
1369 597 1613 663 decreti
1655 606 1726 663 et
1770 596 2083 681 Augusto
2130 600 2289 665 olim
2332 610 2541 669 erant.

352 703 517 787 [59]
563 704 788 768 Multa
817 707 1154 786 praeterea,
1178 702 1403 784 specie
1433 701 1781 783 gravitatis
1809 720 1891 764 ac
1923 716 2177 766 morum
2209 704 2541 787 corrigen-

353 806 605 884 dorum,
657 806 777 870 sed
830 812 902 874 ,et
922 812 946 852 ⁵
996 805 1206 885 magis
1257 813 1513 868 naturae
1568 806 2053 887 obtemperanS,
2104 806 2195 870 ita
2249 826 2430 871 saeve
2478 815 2544 873 et

351 910 668 974 atrociter
691 909 1047 985 factitavit,
1070 915 1147 972 ut
1171 908 1464 972 nonnulli
1488 909 1835 972 versiculis
1859 928 2125 992 quoque
2160 915 2228 974 et
2256 929 2542 992 praesen-

351 1010 448 1075 tia
478 1014 984 1095 exprobrarent,
1016 1016 1081 1075 et
1109 1010 1332 1075 sutura
1360 1009 1810 1075 denuntiarent
1851 1011 2028 1075 mala
2054 1031 2069 1070 ε
2143 1041 2148 1046 -

437 1111 659 1198 Asper
703 1120 769 1178 et
798 1114 1123 1191 immiti8,‘¹
1156 1114 1438 1177 breviter
1468 1114 1573 1178 vis
1601 1115 1826 1178 omnia
1855 1114 2129 1179 dicam?

524 1216 943 1299 Dispeream‚
976 1214 1036 1279 si
1070 1223 1136 1279 te
1168 1221 1376 1280 mater
1405 1234 1624 1279 amare
1645 1222 1667 1250 ¹
1702 1223 1940 1299 potest.
2115 1229 2119 1233 ’

440 1318 507 1381 N
512 1338 598 1382 on
627 1340 701 1382 es
729 1317 1015 1402 EqueS.⁶
1037 1326 1057 1354 ³
1130 1319 1359 1397 Quare
1378 1322 1407 1382 'l
1454 1339 1587 1384 non
1617 1326 1768 1384 sunt
1796 1320 1920 1383 tibi
1952 1319 2167 1384 millia
2197 1325 2495 1386 centum:

526 1419 766 1485 Omnia
793 1423 853 1485 si
881 1441 1178 1506 quaeraS,
1211 1430 1278 1486 et
1309 1422 1591 1487 Rhodos
1610 1430 1634 1471 ⁷
1665 1422 1937 1487 exilium
1967 1429 2090 1487 est.

1259 1601 1531 1623 OOO61600‘
1537 1600 1625 1621 Ol&

353 1735 421 1785 Ο.
444 1736 589 1786 Torr.
614 1735 783 1786 Pulm.
806 1737 1020 1786 Memm.
1042 1738 1170 1799 Cop.
1195 1737 1345 1786 Hnls.
1368 1736 1480 1800 Cuj.
1499 1736 1670 1786 Periz.
1693 1736 1887 1794 Medic.
1910 1739 1955 1785 1.
1973 1739 2021 1785 3.
2047 1735 2206 1800 Polit.
2226 1733 2381 1784 Vind.
2398 1735 2540 1787 Cort.

353 1807 407 1849 et
432 1801 565 1851 Edd.
590 1813 706 1852 ante
729 1803 947 1852 Casaub.
977 1812 1164 1865 praeter
1189 1802 1308 1850 Bas.
1331 1803 1530 1866 Grypli.
1554 1803 1728 1851 Plant.
1750 1802 2002 1865 probante
2020 1800 2174 1849 Wolf.
2200 1815 2227 1849 e
2251 1802 2355 1849 suis
2377 1801 2545 1851 Codd.

351 1864 562 1916 favente
585 1869 724 1917 Dun.
774 1867 860 1916 Al.
885 1869 1098 1931 honores,
1137 1868 1290 1915 etiam
1330 1866 1381 1915 iu
1422 1867 1520 1916 Ed.
1545 1868 1724 1915 Burni.
1792 1867 1928 1914 Dein
1953 1865 2107 1913 iidem
2131 1866 2261 1914 Mss.
2290 1866 2432 1915 Torr.
2455 1871 2543 1930 quo

350 1933 563 1981 decretus
578 1938 624 1982 et
649 1934 712 1982 A.
734 1949 776 1981 o.
800 1938 922 1995 erat,
939 1947 1052 1981 cum
1075 1948 1174 1981 uno
1201 1932 1367 1981 Pulm.
1401 1932 1545 1981 Cort.
1583 1940 1636 1980 et
1675 1931 1808 1980 Edd.
1841 1932 1985 1979 Rom.
2020 1947 2108 1994 quo
2130 1934 2364 1980 decretum
2386 1932 2545 1982 Fouc.

351 1996 586 2046 decretum
603 2003 703 2046 erat
724 1998 876 2046 Vind.
899 2001 947 2046 2.
973 1998 1116 2047 Cort.
1149 1998 1199 2046 in
1225 1999 1309 2045 col.
1331 2013 1415 2045 sua
1437 2012 1488 2045 eo
1509 1997 1586 2045 die
1611 2012 1737 2045 unus
1758 1996 1905 2045 Torr.
1931 1996 2161 2044 Harlem.
2193 1996 2363 2046 Periz.
2388 1996 2545 2046 vind.

352 2061 486 2111 Edd.
511 2064 660 2112 Rom.
680 2064 809 2111 Ven.
834 2063 977 2111 Med.
1005 2063 1149 2111 Cald.
1186 2063 1349 2125 Lugd.
1369 2062 1517 2112 Junt.
1545 2060 1661 2110 ΑΜ.
1685 2063 1861 2123 steph.
1884 2076 1968 2108 sua
1994 2076 2116 2109 casu
2150 2061 2379 2123 elapsum
2412 2070 2492 2110 est
2517 2077 2546 2109 e

353 2125 515 2176 Gron.
548 2130 666 2190 quod
687 2129 814 2176 decr.
839 2130 970 2190 Cop.
996 2123 1193 2190 Medic.
1218 2133 1261 2175 l.
1284 2132 1330 2176 3.
1353 2125 1450 2176 Ed.
1479 2127 1649 2176 Paris.
1721 2128 1922 2175 Desunt
1952 2126 2067 2188 Cuj.
2103 2125 2197 2174 sibi
2229 2142 2277 2188 p.
2300 2143 2340 2175 e.
2364 2143 2409 2188 q.
2432 2129 2546 2175 d.—

351 2195 380 2237 5
405 2191 537 2255 Ejici
559 2193 614 2241 τὸ
636 2201 681 2241 et
708 2193 902 2255 placuit
928 2194 1064 2256 Lips.
1085 2201 1137 2241 et
1159 2193 1304 2242 Torr.
1352 2194 1475 2241 Mox
1499 2208 1555 2240 ac
1570 2198 1720 2241 atroc.
1744 2192 1897 2240 vind.
1921 2196 1969 2239 2.
1992 2190 2125 2239 Edd.
2153 2192 2298 2240 Rom.
2333 2192 2386 2238 in
2400 2206 2545 2253 proes.

356 2255 470 2318 an.
504 2259 805 2320 exprobarint
840 2260 987 2308 Cort.
1023 2266 1075 2308 et
1112 2255 1390 2307 denuncient
1430 2257 1564 2306 Edd.
1603 2258 1734 2305 Ven.
1762 2261 1809 2306 2.
1836 2260 1881 2305 3.
1925 2255 2169 2305 Cald.—6
2209 2256 2377 2304 Omnis
2412 2271 2548 2319 eques

355 2320 507 2369 Hnls.
534 2323 665 2387 Cop.
691 2339 720 2371 a
747 2339 810 2372 tn.
843 2339 917 2385 pr.
955 2324 1146 2372 Medic.
1173 2330 1217 2373 l.
1283 2325 1410 2371 Tum
1460 2323 1599 2383 Lips.
1633 2331 1905 2371 notaverat
1941 2320 2141 2383 legend.
2180 2326 2345 2383 quater
2374 2325 2420 2368 et
2456 2336 2549 2368 non

351 2392 480 2451 sunt,
501 2395 554 2435 ut
591 2390 638 2436 in
666 2389 795 2437 Cod.
820 2403 910 2438 suo
935 2388 1175 2437 Beroald.
1199 2391 1580 2453 προΐεται-7
1617 2389 1747 2437 Mss.
1772 2389 1837 2437 Ο.
1862 2397 2085 2449 excepto
2114 2387 2322 2436 Merum.
2342 2393 2396 2435 et
2415 2384 2549 2434 Edd.

1343 2553 1392 2603 N
1402 2552 1563 2602 0⁹1¹AE

356 2648 489 2698 citus
513 2648 647 2698 enim
666 2649 796 2699 libro
816 2665 890 2701 vl.
919 2650 1215 2714 Annalium,
1243 2651 1327 2699 nbi
1347 2649 1412 2698 de

355 2725 660 2790 Agrippinae
703 2736 884 2788 morte,
928 2728 942 2753 ‘
968 2728 1162 2776 Eodem
1201 2727 1286 2776 die
1325 2727 1414 2776 de·

348 2802 606 2858 functam,
643 2818 744 2867 quo
782 2804 986 2853 biennio
1032 2812 1151 2852 aute
1191 2803 1413 2866 Sejanus

354 2892 535 2942 poenas
573 2879 768 2936 luisset,
812 2881 1170 2944 memoriaeque
1211 2881 1261 2929 id
1303 2895 1414 2943 pro·

357 2956 579 3006 dendum
605 2957 803 3005 addidit
827 2957 1038 3007 Caesar.'
1094 2958 1245 3008 Quod
1269 2964 1412 3007 certe

357 3035 716 3098 superstitiose
753 3035 1019 3084 observari
1065 3036 1128 3083 ab
1172 3036 1283 3098 ipso
1325 3050 1413 3098 po-

357 3114 477 3172 tuit,
501 3113 591 3163 sed
619 3114 790 3178 potius
828 3115 1081 3175 consulto,
1119 3120 1176 3163 ut
1211 3114 1413 3177 religio-

356 3190 679 3258 nisobtentu
704 3192 839 3255 vulgi
865 3192 1061 3240 animos
1079 3190 1328 3241 irretiret.

395 3311 399 3315 .
425 3275 450 3309 ‘1
483 3269 637 3331 Asper
657 3274 703 3317 et
724 3268 940 3324 immitis,
975 3269 1080 3331 aym]
1115 3269 1415 3318 Torrentius

360 3343 627 3393 existimat
646 3351 866 3406 quatuor
884 3345 994 3393 ltaec
1015 3347 1181 3408 priora
1200 3346 1417 3394 disticha

360 3420 515 3469 variis
532 3420 727 3484 singula
748 3420 1066 3484 temporibus
1080 3420 1220 3470 edita
1237 3420 1414 3476 fuisse,

360 3496 578 3559 proinde
602 3498 834 3560 separari
859 3497 1073 3557 debere,
1095 3506 1272 3547 cetera
1296 3510 1415 3545 cou-

355 3573 526 3636 jungi.
574 3573 733 3623 Certe
751 3573 1005 3623 diversam
1025 3574 1416 3639 unumquodque

360 3652 671 3701 seutentiam
696 3655 932 3701 continet
954 3660 1010 3702 et
1029 3653 1226 3716 explet.

428 3736 448 3762 ¹·
474 3730 541 3778 Te
560 3734 711 3778 mater
730 3727 914 3790 amare]
939 3730 1148 3778 Tacitus
1172 3728 1358 3778 Annal.
1381 3743 1421 3776 ¹.

362 3803 379 3831 ‘
405 3804 564 3855 Hunc
603 3818 806 3870 quoque
850 3819 1153 3869 asperavere
1192 3806 1420 3856 carmina

365 3882 580 3934 incertis
612 3882 930 3940 auctoribus,
956 3884 1166 3948 vulgata
1195 3885 1245 3934 in
1270 3885 1418 3934 saevt-

363 3961 491 4011 tiam
526 3961 918 4025 superbiamque
956 3961 1083 4024 ejus,
1126 3970 1182 4012 et
1227 3963 1417 4014 discor-

367 4036 482 4086 dem
507 4052 621 4087 cum
646 4044 811 4086 matre
841 4035 1100 4085 animum.’

432 4121 451 4146 ⁸
490 4114 597 4162 Noa
627 4127 677 4162 es
698 4111 880 4175 Eques]
911 4111 1235 4177 Torrentius,
1268 4121 1323 4164 et
1355 4129 1421 4164 ex

370 4203 434 4239 eo
478 4189 753 4251 Seliildius,
785 4196 965 4238 censet
994 4189 1088 4237 lios
1127 4203 1307 4239 versus
1344 4205 1422 4240 re·

369 4265 612 4315 ferendos
636 4278 748 4314 esse
772 4266 835 4315 ad
865 4280 929 4315 ea
963 4272 1215 4329 tempora,
1238 4267 1421 4331 quibus

372 4341 541 4393 Rhodi
560 4341 750 4405 egerit,
769 4356 835 4393 ex
857 4355 919 4392 eo
937 4342 1074 4408 quod
1093 4343 1269 4408 addat,
1290 4345 1304 4373 ‘
1324 4359 1423 4396 nou

1488 2657 1609 2699 suut
1656 2649 1748 2699 tibi
1784 2648 1944 2698 millia
1983 2648 2229 2698 centum.’
2292 2648 2357 2697 Id
2389 2648 2549 2709 enim,

1488 2726 1675 2792 iuquit,
1713 2726 1778 2775 de
1817 2741 1879 2775 eo
1918 2726 2133 2788 dictum,
2171 2726 2255 2787 qui
2295 2725 2347 2774 iu
2385 2725 2549 2788 patris

1488 2805 1560 2853 sit
1600 2810 1880 2867 potestate,
1912 2802 2167 2866 intelligo,
2183 2806 2284 2852 διο.
2353 2803 2547 2852 Verum

1488 2880 1541 2928 id
1587 2881 1790 2928 videtur
1832 2887 1970 2928 stare
2016 2879 2318 2942 neutiquam
2365 2894 2547 2941 posse3

1491 2962 1614 3006 tunc
1655 2946 1808 3005 euiiu⁴
1832 2971 1946 3004 cum
1990 2956 2221 3005 Rhodum
2266 2956 2548 3019 navigavit,

1490 3034 1673 3083 nullius
1697 3033 1748 3082 in
1775 3039 2037 3096 potestate
2068 3031 2376 3081 constitutus
2401 3037 2551 3094 erat;

1488 3125 1591 3162 uon
1616 3112 1774 3176 patris
1798 3109 2045 3161 naturalis
2068 3109 2154 3174 qui
2188 3109 2470 3165 occiderat,
2493 3118 2554 3160 ut

1491 3196 1641 3252 patet
1664 3202 1731 3238 ex
1749 3200 1871 3252 cap.
1894 3193 1943 3238 6.
1968 3202 2152 3251 supra3
2175 3202 2277 3236 non
2303 3186 2554 3250 adoptivi,

1490 3266 1745 3331 siquidem
1768 3266 1973 3315 nonnisi
2004 3273 2123 3328 post
2146 3264 2367 3314 reditum
2393 3264 2552 3328 adop-

1491 3351 1631 3392 tatus
1668 3349 1768 3404 est,
1788 3349 1847 3390 nt
1867 3353 2027 3402 supra
2049 3355 2163 3402 cap.
2187 3344 2267 3387 15.
2294 3354 2354 3388 ac
2378 3339 2552 3402 proin·

1491 3421 1558 3469 de
1588 3417 2013 3484 patremfamilias
2037 3417 2217 3480 suique
2235 3416 2367 3478 juris
2390 3414 2550 3465 fuisse

1491 3497 1785 3547 fatendume
1813 3496 1925 3560 quis
1948 3507 2068 3542 vero
2088 3499 2291 3542 eentum
2310 3492 2358 3539 ei
2382 3491 2555 3555 millia,

1492 3579 1726 3638 quartam
1746 3585 1933 3633 nempe
1952 3583 2135 3620 census
2155 3568 2414 3632 equestris
2433 3583 2551 3632 par-

1495 3659 1618 3705 tem,
1657 3654 1715 3697 ut
1753 3661 1912 3710 supra
1944 3646 1995 3694 in
2027 3645 2166 3697 Julio
2200 3658 2314 3708 cap.
2340 3647 2420 3693 33.
2448 3658 2551 3694 non

1495 3727 1657 3777 fuisse
1679 3723 1995 3775 crediderit?
2032 3723 2172 3774 Quin
2196 3721 2398 3771 etiamsi
2414 3721 2551 3784 juris

1472 3804 1652 3853 alieni
1673 3801 1835 3851 fuisse
1858 3800 2093 3856 daretur,
2113 3796 2361 3847 credibile
2379 3803 2551 3847 tamen

1493 3880 1628 3930 haud
1671 3878 1847 3946 fuerit,
1885 3884 1939 3925 et
1970 3876 2135 3939 ipsum
2175 3874 2412 3939 Equitem
2450 3886 2552 3924 nou

1494 3957 1677 4018 fnisse,
1694 3962 1746 4004 et
1764 3958 1970 4003 centum
1986 3951 2145 4002 millia
2168 3965 2268 4000 uon
2283 3950 2554 4002 habuisse:

1495 4036 1805 4084 Senatorum
1823 4031 1958 4080 enim
1981 4028 2072 4078 filii
2092 4030 2187 4078 hoc
2205 4028 2317 4091 ipso
2337 4029 2554 4093 Equites

1496 4117 1663 4173 erant,
1693 4116 1751 4158 ut
1791 4121 1949 4171 supra
1983 4107 2036 4155 in
2068 4105 2230 4166 Julio,
2264 4110 2321 4154 et
2344 4119 2555 4157 accura-

1498 4189 1602 4238 tius
1621 4187 1672 4236 in
1690 4185 1929 4248 Augusto
1950 4198 2065 4247 cap.
2083 4186 2161 4233 38.
2181 4188 2416 4231 notatum
2441 4191 2552 4233 est:

1482 4273 1555 4316 -et
1572 4263 1775 4330 peculio
1792 4268 2011 4326 accepta
2025 4260 2186 4310 multa
2204 4259 2474 4324 retulerat,
2493 4268 2555 4310 ut

1499 4361 1565 4398 ex
1590 4342 1896 4410 supradicto
1925 4356 1973 4393 c.
1995 4346 2075 4393 1⁵.
2111 4344 2337 4404 constat,
2358 4344 2414 4390 et
2436 4344 2555 4405 post
