3019 4922
465 397 600 464 398

469 578 625 624 num
646 566 672 604 ⁸
705 555 1056 634 sustulit,¹0
1086 562 1288 638 atque
1320 557 1387 620 in
1421 557 1631 647 ‚iocos
1666 556 1921 620 effusus
1946 563 2070 619 est.
2133 554 2337 622 'Mox
2384 555 2664 642 Neapo-

468 663 586 725 lim
608 660 893 745 trajecit,
921 678 1307 743 quanquam
1330 659 1528 722 etiam
1546 668 1563 697 ¹
1599 668 1736 722 tum
1766 657 2043 722 infirmis
2062 659 2394 724 intestinis
2414 664 2662 726 ‘morbo

466 765 767 827 variante
797 783 811 823 ε
859 769 1075 827 tamen
1127 770 1193 827 et
1251 763 1739 845 quinquennale
1763 759 1789 796 ¹¹
1843 768 2170 827 certamen
2229 764 2664 846 gymnicum,²

467 864 705 928 honori
755 885 878 929 suo
931 866 1330 942 institutum,
1380 865 1865 947 perspectavit3
1925 870 1992 928 et
2042 884 2195 929 cum
2245 865 2523 930 Tiberio
2581 867 2666 932 ad

469 965 866 1031 destinatum
897 963 1159 1030 locumi
1191 965 1547 1030 contendit.
1620 965 1755 1029 Sed
1800 965 1866 1028 in
1913 967 2271 1044 redeunde,
2301 977 2666 1050 aggravata

466 1069 868 1142 valetudine,
918 1069 1184 1132 tandem
1239 1049 1534 1132 Nolae3k
1581 1068 1968 1132 succubuit:
2015 1077 2544 1153 revocatumque
2578 1088 2667 1135 ex

468 1170 693 1234 itinere
722 1170 1061 1234 Tiberium
1094 1169 1204 1233 diu
1253 1174 1506 1232 secreto
1539 1186 1834 1232 sermone
1862 1163 1874 1202 ¹
1927 1168 2225 1247 detinuit,
2256 1189 2473 1252 neque
2515 1178 2670 1254 post

470 1271 597 1335 ulli
631 1272 863 1356 majori
894 1273 1164 1354 negotio
1195 1271 1484 1335 animum
1517 1270 2084 1335 accommodavit.
2144 1271 2315 1354 [99]
2342 1271 2666 1354 Supremo

471 1374 616 1437 die4
638 1373 991 1437 identidem
1024 1375 1410 1457 exquir-ene,
1443 1392 1528 1436 an
1551 1375 1688 1457 jam
1711 1374 1794 1437 de
1815 1394 1888 1438 se
1922 1374 2242 1438 tumultus
2270 1373 2433 1436 foris
2463 1381 2667 1451 esset,

470 1475 686 1559 petito
731 1477 1034 1558 speculo,
1083 1476 1403 1560 capillum
1455 1475 1586 1539 sibi
1629 1477 1826 1557 comi,
1856 1495 1936 1540 ac
1982 1477 2194 1540 malas
2245 1476 2595 1539 labentes⁵
2624 1481 2665 1508 ¹¹³

1320 412 1390 459 G.
1431 408 1792 460 Sun'roun

1662 1675 1752 1695 ‘O‘

470 1818 603 1872 Edd.
645 1822 795 1871 Rom.
832 1829 931 1884 opt.
964 1840 1065 1874 esse
1102 1825 1465 1875 desiderantur
1500 1827 1552 1875 in
1574 1825 1732 1875 vind.
1772 1827 1951 1874 1.—lo
1988 1822 2179 1872 Extulit
2212 1818 2316 1869 duo
2349 1819 2500 1870 codd.
2521 1821 2670 1869 Torr.

469 1888 639 1936 Periz.
664 1888 807 1934 Cort.
828 1888 962 1936 Edd.
988 1891 1136 1938 Rom.
1160 1906 1237 1953 pr.
1268 1893 1480 1940 Mediol.
1506 1891 1746 1954 aliaeque,
1775 1904 1888 1952 quae
1927 1889 2082 1937 etiam
2107 1885 2371 1944 transfusus
2399 1885 2527 1933 dant
2550 1900 2668 1935 cum

467 1951 701 2000 Harlem.
728 1951 896 2000 Per-iz.
923 1954 1058 2003 Edd.
1084 1956 1214 2003 Ven.
1240 1955 1402 2018 Lugd.
1434 1956 1585 2006 Jnnt.
1610 1954 1728 2004 Ald.
1753 1969 1851 2003 nec
1886 1951 2141 2013 improbat
2163 1952 2438 2000 Burrum—l
2477 1949 2565 1999 Ita
2589 1964 2669 1999 re—

465 2017 639 2078 posuit
662 2017 854 2079 primus
878 2018 1013 2067 On'd.
1036 2034 1131 2083 pro
1155 2026 1202 2068 et
1227 2025 1343 2079 tum,
1367 2020 1471 2070 fide
1496 2021 1710 2069 Memm.
1726 2018 1924 2067 Medic.
1948 2017 2102 2066 Vind.
2131 2020 2176 2064 l.
2201 2015 2314 2078 Cuj.
2336 2029 2500 2077 marg.
2518 2015 2667 2064 Torr.

362 2114 366 2120 .
466 2087 519 2128 et
558 2080 655 2129 Ed.
696 2082 873 2143 Stepli.
910 2084 1279 2133 accedentibus
1316 2087 1456 2133 Dun.
1497 2086 1658 2133 Fouc.
1683 2085 1768 2149 qui
1795 2084 1952 2131 etiam
1976 2081 2234 2130 variantem
2260 2078 2477 2142 praebet.
2499 2085 2544 2127 et
2567 2084 2672 2128 tum

464 2143 683 2208 infirmus
709 2145 1036 2195 Harlem.—-2
1070 2148 1149 2197 Ad
1182 2163 1318 2212 gym.
1343 2150 1460 2198 Pin.
1517 2150 1650 2198 Dein
1686 2149 1761 2197 eni
1799 2148 2109 2196 Memm.-·—3
2145 2147 2308 2194 Deest
2331 2144 2474 2192 Nola
2509 2145 2670 2195 Fnuc'.

465 2209 593 2256 Tum
617 2214 857 2259 evocatum
876 2225 1054 2273 quoque
1083 2227 1145 2261 ex
1176 2215 1320 2262 Cort.
1343 2220 1676 2276 evocatumque
1698 2212 1792 2262 Ed.
1831 2213 1978 2260 Rom.
2006 2213 2183 2272 piu—4
2216 2209 2324 2257 Pro
2343 2209 2423 2256 die
2440 2214 2523 2256 est
2544 2215 2594 2258 et
2615 2209 2671 2257 in

467 2273 612 2321 Cort.
639 2274 819 2336 Camp.
875 2276 1001 2323 Mox
1023 2279 1170 2340 potito
1192 2279 1436 2334 Huls.—.-5
1460 2278 1699 2326 Labeates
1717 2279 1929 2326 Memm.
1949 2274 2063 2324 cod.
2086 2274 2297 2329 Nonnii,
2320 2273 2527 2321 viterb.
2552 2274 2671 2321 Pal.

466 2344 531 2384 tr.
565 2337 754 2387 Medic.
792 2344 842 2388 2.
882 2343 929 2387 3.
974 2349 1027 2389 et
1074 2345 1121 2391 1.
1156 2356 1185 2390 a
1224 2358 1289 2390 m.
1322 2357 1429 2391 sec.
1460 2345 1576 2392 Pin.
1619 2343 1775 2391 Polit.
1800 2340 1952 2390 Vind.
1992 2345 2041 2388 2.
2085 2338 2202 2401 Cuj.
2235 2338 2388 2401 idque
2430 2338 2670 2400 praetulit

466 2402 687 2452 casaub.
743 2405 882 2454 Dein
902 2405 994 2454 sibi
1017 2415 1137 2456 ante
1153 2422 1276 2457 corr.
1303 2407 1469 2457 denuo
1489 2407 1770 2458 inferciunt
1791 2407 1958 2456 Periz.
1982 2403 2175 2454 Medic.
2201 2407 2248 2454 1.
2268 2403 2426 2452 vind.
2453 2406 2501 2454 1.
2523 2403 2671 2453 Cort-

1456 2617 1672 2670 NOTAE

528 2740 554 2775 8
595 2728 911 2798 cachinnum]
959 2736 1187 2799 Propter
1210 2735 1524 2800 imperitiam
1608 2758 1815 2808 prorsus
1838 2743 2027 2797 Graeci,
2053 2756 2117 2791 ex
2141 2740 2318 2805 quibus
2337 2740 2444 2790 Dio
2461 2740 2511 2788 id
2531 2740 2668 2805 quod

458 2806 738 2873 Thrasylli,
765 2810 850 2874 qni
893 2812 1283 2861 mathematicus
1305 2820 1359 2862 et
1395 2812 1524 2860 divi-

465 2884 690 2931 nationis
724 2885 918 2948 peritus
941 2887 1113 2949 poetae
1151 2902 1334 2937 nomen
1378 2888 1523 2951 igno-

466 2957 635 3006 rabat.

526 3031 551 3065 ῑ·
588 3034 968 3098 Quinquennale]
999 3039 1082 3087 De
1106 3038 1182 3088 his
1199 3053 1357 3103 supra
1377 3054 1421 3089 c.
1439 3044 1521 3089 59.

465 3114 520 3155 et
541 3105 676 3157 infra
700 3110 880 3159 Claud.
907 3127 954 3162 c.
980 3118 1059 3161 12.
1082 3118 1178 3162 διο.

530 3179 544 3212 ¹
573 3181 878 3232 Destinatum
931 3186 1105 3250 locum]
1162 3188 1521 3240 Beneventum

462 3256 682 3320 scilicet,
714 3274 979 3325 quousque
1009 3264 1271 3314 Tiberium
1309 3267 1518 3315 comita-

461 3333 504 3381 ri
529 3334 836 3388 destinarat.
892 3339 1041 3390 Idem
1077 3342 1212 3392 enim
1235 3342 1362 3393 dicit
1400 3345 1522 3393 Vel·

460 3410 592 3460 leius
614 3412 703 3461 lib.
728 3427 791 3461 ιι.
812 3429 857 3465 c.
882 3419 962 3466 23.

522 3484 549 3519 ¹¹
583 3488 747 3551 Nolae]
768 3491 1068 3556 Campaniae
1094 3494 1277 3546 civitas
1304 3503 1405 3560 est,
1428 3511 1522 3546 no-

459 3576 578 3612 men
601 3566 848 3616 retinens.

526 3637 541 3671 ¹
571 3638 763 3690 Secreto
800 3647 1035 3711 sermone]
1081 3646 1294 3696 Tacitus
1341 3663 1379 3698 1.
1414 3649 1520 3699 An·

459 3714 563 3764 nal.
600 3720 651 3766 5.
686 3717 836 3779 dicit,
885 3722 1012 3770 satis
1058 3731 1381 3785 compertum
1418 3741 1522 3777 uon

457 3790 616 3841 fuisse
653 3796 669 3824 ⁴
691 3809 755 3843 an
798 3796 1078 3859 spirantem
1111 3800 1279 3849 adhuc
1319 3800 1523 3866 Augus·

457 3877 566 3917 tum
607 3871 745 3932 apud
798 3874 975 3924 urbem
1020 3877 1203 3926 Nolam
1242 3892 1307 3926 an
1344 3880 1520 3928 exani-

457 3958 591 3993 mem
618 3950 875 4009 repererit
896 3966 911 4012 3
931 3951 1135 4002 acribus
1162 3968 1383 4018 namque
1407 3970 1519 4004 cns·

459 4019 616 4068 todiis
661 4021 866 4073 domum
902 4034 956 4076 et
1000 4030 1106 4077 vias
1151 4037 1386 4093 sepserat
1430 4032 1516 4081 Li-

460 4093 577 4150 via,’
633 4099 730 4147 &c.
804 4101 957 4152 Quod
1016 4112 1190 4154 tamen
1244 4106 1519 4158 Suetonius

457 4169 646 4220 iterum
673 4175 944 4227 confirmat
980 4180 1073 4229 lib.
1095 4185 1334 4245 sequenti
1360 4198 1408 4234 c.
1432 4188 1517 4234 21.

458 4250 514 4293 et
551 4245 785 4297 Velleius
820 4250 908 4299 lib.
945 4267 1008 4301 ιι.
1048 4270 1097 4306 c.
1151 4261 1233 4306 23.
1303 4258 1517 4322 Negant

1607 2820 1836 2883 prodidit
1873 2820 2123 2881 scriptum
2163 2816 2319 2866 fnisse
2362 2815 2584 2867 affirmat
2636 2832 2669 2866 a

1607 2897 1836 2960 pluribus
1887 2902 1942 2945 et
1995 2895 2097 2944 tide
2137 2892 2448 2957 dignissimis
2489 2896 2671 2943 aucto.

1606 2972 1768 3022 ribus.

1668 3054 1704 3081 ¹¹¹
1737 3048 1996 3111 Labeates]
2048 3035 2397 3095 casaubonus¹
2423 3046 2555 3108 legit
2597 3047 2667 3095 la-

1604 3125 1782 3189 bantes,
1807 3131 2061 3188 notatque
2085 3123 2242 3171 etiam
2279 3123 2376 3171 hac
2413 3122 2466 3169 in
2506 3136 2561 3171 re
2587 3123 2667 3178 vel

1604 3198 1831 3263 Augusti
1857 3199 2335 3261 dissimulationem,
2358 3199 2504 3263 quasi
2526 3199 2667 3247 volu·

1603 3276 1725 3325 isset
1771 3276 2058 3338 composito
2104 3276 2247 3323 vultu
2293 3288 2434 3336 spem
2490 3272 2668 3323 facere

1602 3353 1851 3415 longioris
1887 3352 2029 3414 vita’,
2055 3352 2155 3413 vel,
2182 3350 2314 3413 quod
2342 3350 2666 3413 probabilius

1602 3428 1783 3487 fuerit,
1803 3428 2060 3492 quendam
2094 3427 2417 3490 antiquorum
2449 3441 2668 3487 morem,

1601 3505 1690 3569 qui
1733 3504 2012 3566 diligenter
2055 3502 2106 3551 id
2154 3510 2420 3563 caverent,
2460 3517 2528 3553 ne
2569 3504 2666 3553 sibi

1602 3579 1939 3629 morientibus
1971 3578 2266 3626 indecorum
2304 3578 2426 3641 quid
2455 3589 2549 3628 aut
2569 3581 2666 3628 mi-

1602 3672 1698 3705 nus
1720 3656 2063 3718 compositum
2086 3663 2242 3703 esset.
2293 3654 2667 3717 conjecturam

1601 3733 1774 3782 firmat
1797 3732 2052 3795 aliquibus
2083 3730 2344 3793 Euripidis
2366 3737 2420 3779 et
2446 3730 2668 3780 Homeri

1601 3808 1654 3857 in
1681 3808 1916 3871 Odyssea
1938 3806 2083 3869 loeis,
2119 3805 2300 3869 quibus
2321 3805 2517 3855 addere
2538 3806 2668 3855 licu-

1603 3884 1702 3934 erit
1726 3884 1893 3932 locnm
1919 3883 2060 3933 illum
2080 3896 2127 3930 c.
2149 3885 2235 3930 82.
2258 3895 2415 3943 supra
2430 3881 2485 3929 in
2502 3882 2666 3944 sulio,

1599 3959 1706 4023 qui,
1728 3966 1785 4009 ut
1808 3958 2066 4013 honestius
2090 3955 2324 4017 caderet,
2342 3957 2508 4005 sinum
2529 3966 2663 4019 togae

1600 4035 1664 4085 ad
1700 4034 1798 4083 ima
1836 4047 1987 4083 crura
2025 4032 2260 4080 deduxit.
2321 4031 2502 4081 Simile
2539 4033 2663 4097 quid

1600 4109 1815 4182 innuere
1853 4108 2057 4159 videtur
2079 4108 2280 4155 Seneca
2302 4106 2390 4156 lib.
2413 4108 2480 4156 de
2501 4109 2673 4157 Trana

1599 4185 1858 4249 quillitate
1894 4199 1940 4235 c.
1986 4188 2066 4235 12.
2117 4181 2184 4232 de
2225 4182 2660 4252 Tamania-quo-

1601 4260 1736 4311 dam.
