<?xml version="1.0" encoding="UTF-8"?>
<!DOCTYPE html PUBLIC "-//W3C//DTD XHTML 1.0 Transitional//EN"
    "http://www.w3.org/TR/xhtml1/DTD/xhtml1-transitional.dtd">
<html xmlns="http://www.w3.org/1999/xhtml" xml:lang="en" lang="en">
 <head>
  <title>
</title>
<meta http-equiv="Content-Type" content="text/html;charset=utf-8" />
  <meta name='ocr-system' content='tesseract 3.04.00' />
  <meta name='ocr-capabilities' content='ocr_page ocr_carea ocr_par ocr_line ocrx_word'/>
</head>
<body>
  <div class='ocr_page' id='page_1' title='image "./operaomniaexedi04suetgoog_0253.png"; bbox 0 0 3019 4922; ppageno 0'>
   <div class='ocr_carea' id='block_1_1' title="bbox 1214 408 2516 479">
    <p class='ocr_par' dir='ltr' id='par_1_1' title="bbox 1214 408 2516 479">
     <span class='ocr_line' id='line_1_1' title="bbox 1214 408 2516 479; baseline 0.014 -17"><span class='ocrx_word' id='word_1_1' title='bbox 1214 414 1614 469; x_wconf 73' lang='lat' dir='ltr'><strong>oc&#39;rAvws.</strong></span> <span class='ocrx_word' id='word_1_2' title='bbox 2381 408 2516 479; x_wconf 79' lang='lat'><strong>243</strong></span> 
     </span>
    </p>
   </div>
   <div class='ocr_carea' id='block_1_2' title="bbox 248 560 2518 1782">
    <p class='ocr_par' dir='ltr' id='par_1_2' title="bbox 248 560 2518 1782">
     <span class='ocr_line' id='line_1_2' title="bbox 326 560 2512 652; baseline 0.005 -25"><span class='ocrx_word' id='word_1_3' title='bbox 326 563 394 627; x_wconf 88' lang='lat' dir='ltr'><strong>in</strong></span> <span class='ocrx_word' id='word_1_4' title='bbox 419 560 724 644; x_wconf 81' lang='lat' dir='ltr'>regiones</span> <span class='ocrx_word' id='word_1_5' title='bbox 745 569 769 594; x_wconf 64' lang='lat'>⁹</span> <span class='ocrx_word' id='word_1_6' title='bbox 815 560 1145 646; x_wconf 81' lang='lat' dir='ltr'><strong>vicosque</strong></span> <span class='ocrx_word' id='word_1_7' title='bbox 1167 566 1199 610; x_wconf 84' lang='grc'><strong>4</strong></span> <span class='ocrx_word' id='word_1_8' title='bbox 1230 560 1509 649; x_wconf 79' lang='lat' dir='ltr'><strong>divisit:</strong></span> <span class='ocrx_word' id='word_1_9' title='bbox 1554 563 1996 652; x_wconf 83' lang='lat' dir='ltr'><strong>instituitque,</strong></span> <span class='ocrx_word' id='word_1_10' title='bbox 2024 576 2100 634; x_wconf 87' lang='lat' dir='ltr'><strong>ut</strong></span> <span class='ocrx_word' id='word_1_11' title='bbox 2127 569 2277 635; x_wconf 84' lang='lat' dir='ltr'><strong>illas</strong></span> <span class='ocrx_word' id='word_1_12' title='bbox 2304 575 2512 639; x_wconf 86' lang='lat' dir='ltr'><strong>annui</strong></span> 
     </span>
     <span class='ocr_line' id='line_1_3' title="bbox 325 665 2518 757; baseline 0.006 -28"><span class='ocrx_word' id='word_1_13' title='bbox 325 666 751 748; x_wconf 75' lang='lat' dir='ltr'><strong>magistratus</strong></span> <span class='ocrx_word' id='word_1_14' title='bbox 771 672 798 699; x_wconf 74' lang='lat'>⁸</span> <span class='ocrx_word' id='word_1_15' title='bbox 840 665 1080 729; x_wconf 88' lang='lat' dir='ltr'><strong>sortito</strong></span> <span class='ocrx_word' id='word_1_16' title='bbox 1130 669 1486 745; x_wconf 89' lang='lat' dir='ltr'><strong>tuerentur,</strong></span> <span class='ocrx_word' id='word_1_17' title='bbox 1512 665 1634 731; x_wconf 91' lang='lat' dir='ltr'><strong>hos</strong></span> <span class='ocrx_word' id='word_1_18' title='bbox 1654 675 1680 713; x_wconf 70' lang='lat'><strong><em>⁹</em></strong></span> <span class='ocrx_word' id='word_1_19' title='bbox 1724 670 2016 753; x_wconf 79' lang='lat' dir='ltr'><strong>magistri</strong></span> <span class='ocrx_word' id='word_1_20' title='bbox 2062 692 2100 736; x_wconf 92' lang='lat' dir='ltr'><strong>e</strong></span> <span class='ocrx_word' id='word_1_21' title='bbox 2156 674 2353 757; x_wconf 82' lang='lat' dir='ltr'><strong>plebe</strong></span> <span class='ocrx_word' id='word_1_22' title='bbox 2404 697 2518 743; x_wconf 88' lang='lat' dir='ltr'><strong>en-</strong></span> 
     </span>
     <span class='ocr_line' id='line_1_4' title="bbox 317 768 2514 853; baseline 0.006 -20"><span class='ocrx_word' id='word_1_23' title='bbox 317 768 567 853; x_wconf 79' lang='lat' dir='ltr'><strong>jusque</strong></span> <span class='ocrx_word' id='word_1_24' title='bbox 596 768 867 833; x_wconf 77' lang='lat' dir='ltr'><strong>viciniae</strong></span> <span class='ocrx_word' id='word_1_25' title='bbox 897 769 1076 835; x_wconf 88' lang='lat' dir='ltr'><strong>lecti.</strong></span> <span class='ocrx_word' id='word_1_26' title='bbox 1161 769 1509 835; x_wconf 83' lang='lat' dir='ltr'><strong>Adversus</strong></span> <span class='ocrx_word' id='word_1_27' title='bbox 1547 770 1864 838; x_wconf 89' lang='lat' dir='ltr'><strong>incendia</strong></span> <span class='ocrx_word' id='word_1_28' title='bbox 1891 773 2221 841; x_wconf 80' lang='lat' dir='ltr'><strong>excubias</strong></span> <span class='ocrx_word' id='word_1_29' title='bbox 2252 784 2514 846; x_wconf 83' lang='lat' dir='ltr'><strong>noctur·-</strong></span> 
     </span>
     <span class='ocr_line' id='line_1_5' title="bbox 322 872 2512 955; baseline 0.005 -21"><span class='ocrx_word' id='word_1_30' title='bbox 322 889 443 937; x_wconf 84' lang='lat' dir='ltr'><strong>nas</strong></span> <span class='ocrx_word' id='word_1_31' title='bbox 472 872 886 955; x_wconf 77' lang='lat' dir='ltr'><strong>vigilesque⁸</strong></span> <span class='ocrx_word' id='word_1_32' title='bbox 929 879 1344 939; x_wconf 88' lang='lat' dir='ltr'><strong>commentus</strong></span> <span class='ocrx_word' id='word_1_33' title='bbox 1375 880 1500 939; x_wconf 86' lang='lat' dir='ltr'><strong>est.</strong></span> <span class='ocrx_word' id='word_1_34' title='bbox 1587 873 1699 940; x_wconf 89' lang='lat' dir='ltr'><strong>Ad</strong></span> <span class='ocrx_word' id='word_1_35' title='bbox 1727 874 2137 943; x_wconf 67' lang='lat' dir='ltr'><strong>coercendas</strong></span> <span class='ocrx_word' id='word_1_36' title='bbox 2176 880 2512 947; x_wconf 86' lang='lat' dir='ltr'><strong>inundati·</strong></span> 
     </span>
     <span class='ocr_line' id='line_1_6' title="bbox 323 975 2510 1065; baseline 0.005 -26"><span class='ocrx_word' id='word_1_37' title='bbox 323 994 486 1039; x_wconf 90' lang='lat' dir='ltr'><strong>ones</strong></span> <span class='ocrx_word' id='word_1_38' title='bbox 537 975 812 1039; x_wconf 86' lang='lat' dir='ltr'><strong>alveum</strong></span> <span class='ocrx_word' id='word_1_39' title='bbox 859 975 1122 1041; x_wconf 85' lang='lat' dir='ltr'><strong>Tiberis</strong></span> <span class='ocrx_word' id='word_1_40' title='bbox 1176 975 1438 1043; x_wconf 82' lang='lat' dir='ltr'><strong>laxavit</strong></span> <span class='ocrx_word' id='word_1_41' title='bbox 1487 996 1571 1042; x_wconf 85' lang='lat' dir='ltr'><strong>ac</strong></span> <span class='ocrx_word' id='word_1_42' title='bbox 1619 980 2050 1062; x_wconf 81' lang='lat' dir='ltr'><strong>repurgavit,⁵</strong></span> <span class='ocrx_word' id='word_1_43' title='bbox 2099 983 2510 1065; x_wconf 87' lang='lat' dir='ltr'><strong>completum</strong></span> 
     </span>
     <span class='ocr_line' id='line_1_7' title="bbox 319 1077 2511 1165; baseline 0.003 -23"><span class='ocrx_word' id='word_1_44' title='bbox 319 1079 475 1142; x_wconf 91' lang='lat' dir='ltr'><strong>olim</strong></span> <span class='ocrx_word' id='word_1_45' title='bbox 494 1077 868 1152; x_wconf 88' lang='lat' dir='ltr'><strong>ruderibus,</strong></span> <span class='ocrx_word' id='word_1_46' title='bbox 888 1086 961 1143; x_wconf 89' lang='lat' dir='ltr'><strong>et</strong></span> <span class='ocrx_word' id='word_1_47' title='bbox 983 1079 1425 1147; x_wconf 80' lang='lat' dir='ltr'><strong>aedificiorum</strong></span> <span class='ocrx_word' id='word_1_48' title='bbox 1454 1081 2011 1165; x_wconf 86' lang='lat' dir='ltr'><strong>prolapsionibus</strong></span> <span class='ocrx_word' id='word_1_49' title='bbox 2029 1081 2059 1122; x_wconf 85' lang='lat'><strong><em>⁶</em></strong></span> <span class='ocrx_word' id='word_1_50' title='bbox 2080 1092 2511 1151; x_wconf 82' lang='lat' dir='ltr'><strong>coarctatum.</strong></span> 
     </span>
     <span class='ocr_line' id='line_1_8' title="bbox 322 1179 2514 1269; baseline 0.003 -23"><span class='ocrx_word' id='word_1_51' title='bbox 322 1179 479 1259; x_wconf 84' lang='lat' dir='ltr'><strong>Quo</strong></span> <span class='ocrx_word' id='word_1_52' title='bbox 510 1189 733 1247; x_wconf 88' lang='lat' dir='ltr'><strong>autem</strong></span> <span class='ocrx_word' id='word_1_53' title='bbox 787 1182 1058 1250; x_wconf 83' lang='lat' dir='ltr'><strong>facilius</strong></span> <span class='ocrx_word' id='word_1_54' title='bbox 1106 1183 1398 1269; x_wconf 89' lang='lat' dir='ltr'><strong>undique</strong></span> <span class='ocrx_word' id='word_1_55' title='bbox 1430 1183 1615 1249; x_wconf 88' lang='lat' dir='ltr'><strong>Urbs</strong></span> <span class='ocrx_word' id='word_1_56' title='bbox 1659 1185 1972 1263; x_wconf 87' lang='lat' dir='ltr'><strong>adiretur,</strong></span> <span class='ocrx_word' id='word_1_57' title='bbox 2020 1186 2328 1252; x_wconf 88' lang='lat' dir='ltr'><strong>desumta</strong></span> <span class='ocrx_word' id='word_1_58' title='bbox 2380 1189 2514 1252; x_wconf 89' lang='lat' dir='ltr'><strong>sibi</strong></span> 
     </span>
     <span class='ocr_line' id='line_1_9' title="bbox 320 1281 2512 1373; baseline 0.003 -25"><span class='ocrx_word' id='word_1_59' title='bbox 320 1281 658 1349; x_wconf 86' lang='lat' dir='ltr'><strong>Flaminia</strong></span> <span class='ocrx_word' id='word_1_60' title='bbox 674 1292 702 1333; x_wconf 91' lang='lat'>⁷</span> <span class='ocrx_word' id='word_1_61' title='bbox 745 1286 858 1351; x_wconf 84' lang='lat' dir='ltr'><strong>via</strong></span> <span class='ocrx_word' id='word_1_62' title='bbox 874 1294 903 1322; x_wconf 81' lang='lat'>⁸</span> <span class='ocrx_word' id='word_1_63' title='bbox 945 1284 1249 1352; x_wconf 87' lang='lat' dir='ltr'><strong>Arimino</strong></span> <span class='ocrx_word' id='word_1_64' title='bbox 1274 1285 1300 1323; x_wconf 72' lang='lat'><strong>¹³</strong></span> <span class='ocrx_word' id='word_1_65' title='bbox 1326 1293 1529 1351; x_wconf 90' lang='lat' dir='ltr'><strong>tenus</strong></span> <span class='ocrx_word' id='word_1_66' title='bbox 1555 1287 1933 1368; x_wconf 89' lang='lat' dir='ltr'><strong>munienda,</strong></span> <span class='ocrx_word' id='word_1_67' title='bbox 1961 1288 2249 1373; x_wconf 88' lang='lat' dir='ltr'><strong>reliquas</strong></span> <span class='ocrx_word' id='word_1_68' title='bbox 2277 1291 2512 1354; x_wconf 87' lang='lat' dir='ltr'><strong>trium·</strong></span> 
     </span>
     <span class='ocr_line' id='line_1_10' title="bbox 318 1384 2510 1472; baseline 0.004 -24"><span class='ocrx_word' id='word_1_69' title='bbox 318 1384 638 1468; x_wconf 88' lang='lat' dir='ltr'><strong>phalibus</strong></span> <span class='ocrx_word' id='word_1_70' title='bbox 684 1386 848 1451; x_wconf 83' lang='lat' dir='ltr'><strong>viris</strong></span> <span class='ocrx_word' id='word_1_71' title='bbox 898 1408 988 1452; x_wconf 82' lang='lat' dir='ltr'><strong>ex</strong></span> <span class='ocrx_word' id='word_1_72' title='bbox 1037 1388 1438 1453; x_wconf 79' lang='lat' dir='ltr'><strong>manubiali⁰</strong></span> <span class='ocrx_word' id='word_1_73' title='bbox 1479 1389 1811 1472; x_wconf 80' lang='lat' dir='ltr'><strong>pecunia⁸</strong></span> <span class='ocrx_word' id='word_1_74' title='bbox 1856 1391 2249 1457; x_wconf 89' lang='lat' dir='ltr'><strong>sternendas</strong></span> <span class='ocrx_word' id='word_1_75' title='bbox 2290 1392 2510 1457; x_wconf 87' lang='lat' dir='ltr'><strong>distri—</strong></span> 
     </span>
     <span class='ocr_line' id='line_1_11' title="bbox 248 1487 2510 1576; baseline 0.004 -26"><span class='ocrx_word' id='word_1_76' title='bbox 248 1513 259 1522; x_wconf 88' lang='lat'><strong>·</strong></span> <span class='ocrx_word' id='word_1_77' title='bbox 315 1487 482 1552; x_wconf 89' lang='lat' dir='ltr'><strong>buit.</strong></span> <span class='ocrx_word' id='word_1_78' title='bbox 571 1487 786 1552; x_wconf 89' lang='lat' dir='ltr'><strong>AEdes</strong></span> <span class='ocrx_word' id='word_1_79' title='bbox 819 1508 1073 1571; x_wconf 87' lang='lat' dir='ltr'><strong>sacras,</strong></span> <span class='ocrx_word' id='word_1_80' title='bbox 1106 1496 1433 1556; x_wconf 87' lang='lat' dir='ltr'><strong>vetustate</strong></span> <span class='ocrx_word' id='word_1_81' title='bbox 1463 1492 1832 1576; x_wconf 77' lang='lat' dir='ltr'><strong>collapsaS,</strong></span> <span class='ocrx_word' id='word_1_82' title='bbox 1881 1499 1995 1558; x_wconf 87' lang='lat' dir='ltr'><strong>aut</strong></span> <span class='ocrx_word' id='word_1_83' title='bbox 2038 1493 2345 1558; x_wconf 85' lang='lat' dir='ltr'><strong>incendio</strong></span> <span class='ocrx_word' id='word_1_84' title='bbox 2390 1494 2510 1558; x_wconf 89' lang='lat' dir='ltr'><strong>ab·</strong></span> 
     </span>
     <span class='ocr_line' id='line_1_12' title="bbox 316 1590 2509 1678; baseline 0.004 -24"><span class='ocrx_word' id='word_1_85' title='bbox 316 1598 599 1669; x_wconf 82' lang='lat' dir='ltr'><strong>sumtaS,</strong></span> <span class='ocrx_word' id='word_1_86' title='bbox 656 1590 946 1672; x_wconf 82' lang='lat' dir='ltr'><strong>refecit,‘¹</strong></span> <span class='ocrx_word' id='word_1_87' title='bbox 1005 1612 1254 1677; x_wconf 87' lang='lat' dir='ltr'><strong>easque</strong></span> <span class='ocrx_word' id='word_1_88' title='bbox 1308 1599 1373 1659; x_wconf 92' lang='lat' dir='ltr'><strong>et</strong></span> <span class='ocrx_word' id='word_1_89' title='bbox 1425 1600 1676 1659; x_wconf 86' lang='lat' dir='ltr'><strong>ceteras</strong></span> <span class='ocrx_word' id='word_1_90' title='bbox 1731 1594 2259 1678; x_wconf 85' lang='lat' dir='ltr'><strong>opulentissimis</strong></span> <span class='ocrx_word' id='word_1_91' title='bbox 2310 1595 2509 1664; x_wconf 88' lang='lat' dir='ltr'><strong>donis</strong></span> 
     </span>
     <span class='ocr_line' id='line_1_13' title="bbox 315 1693 2510 1782; baseline 0.002 -25"><span class='ocrx_word' id='word_1_92' title='bbox 315 1693 690 1773; x_wconf 87' lang='lat' dir='ltr'><strong>adornavit,</strong></span> <span class='ocrx_word' id='word_1_93' title='bbox 750 1709 826 1760; x_wconf 87' lang='lat' dir='ltr'><strong>ut</strong></span> <span class='ocrx_word' id='word_1_94' title='bbox 882 1696 1045 1781; x_wconf 89' lang='lat' dir='ltr'><strong>qui⁹</strong></span> <span class='ocrx_word' id='word_1_95' title='bbox 1085 1698 1153 1761; x_wconf 90' lang='lat' dir='ltr'><strong>in</strong></span> <span class='ocrx_word' id='word_1_96' title='bbox 1204 1696 1449 1761; x_wconf 87' lang='lat' dir='ltr'><strong>cellam</strong></span> <span class='ocrx_word' id='word_1_97' title='bbox 1472 1704 1496 1733; x_wconf 74' lang='lat'><em>⁶</em></span> <span class='ocrx_word' id='word_1_98' title='bbox 1541 1694 1912 1782; x_wconf 82' lang='lat' dir='ltr'><strong>Capitolini</strong></span> <span class='ocrx_word' id='word_1_99' title='bbox 1963 1697 2010 1763; x_wconf 82' lang='lat' dir='ltr'><strong>J</strong></span> <span class='ocrx_word' id='word_1_100' title='bbox 2014 1698 2166 1763; x_wconf 86' lang='lat' dir='ltr'><strong>ovis</strong></span> <span class='ocrx_word' id='word_1_101' title='bbox 2219 1696 2510 1763; x_wconf 85' lang='lat' dir='ltr'><strong>sedecim</strong></span> 
     </span>
    </p>
   </div>
   <div class='ocr_carea' id='block_1_3' title="bbox 1224 1860 1587 1884">
    <p class='ocr_par' dir='ltr' id='par_1_3' title="bbox 1224 1860 1587 1884">
     <span class='ocr_line' id='line_1_14' title="bbox 1224 1860 1587 1884; baseline 0.006 -2"><span class='ocrx_word' id='word_1_102' title='bbox 1224 1860 1522 1882; x_wconf 58' lang='lat' dir='ltr'><strong>connecte</strong></span> <span class='ocrx_word' id='word_1_103' title='bbox 1526 1862 1587 1884; x_wconf 62' lang='lat'><strong>00</strong></span> 
     </span>
    </p>
   </div>
   <div class='ocr_carea' id='block_1_4' title="bbox 288 1958 2514 2612">
    <p class='ocr_par' dir='ltr' id='par_1_4' title="bbox 288 1958 2514 2612">
     <span class='ocr_line' id='line_1_15' title="bbox 310 1958 2509 2025; baseline 0.002 -17"><span class='ocrx_word' id='word_1_104' title='bbox 310 1963 340 2009; x_wconf 74' lang='lat'><em>4</em></span> <span class='ocrx_word' id='word_1_105' title='bbox 381 1958 524 2009; x_wconf 79' lang='lat' dir='ltr'><strong>Vicus</strong></span> <span class='ocrx_word' id='word_1_106' title='bbox 544 1961 851 2025; x_wconf 69' lang='lat' dir='ltr'><strong>regionesque</strong></span> <span class='ocrx_word' id='word_1_107' title='bbox 871 1962 1025 2013; x_wconf 87' lang='lat' dir='ltr'><strong>Hnls.</strong></span> <span class='ocrx_word' id='word_1_108' title='bbox 1049 1963 1208 2013; x_wconf 81' lang='lat' dir='ltr'><strong>vind.</strong></span> <span class='ocrx_word' id='word_1_109' title='bbox 1229 1968 1280 2015; x_wconf 97' lang='grc'><strong>2.</strong></span> <span class='ocrx_word' id='word_1_110' title='bbox 1345 1965 1475 2014; x_wconf 82' lang='lat' dir='ltr'><strong>Tum</strong></span> <span class='ocrx_word' id='word_1_111' title='bbox 1497 1963 1614 2014; x_wconf 73' lang='lat' dir='ltr'><strong>unni</strong></span> <span class='ocrx_word' id='word_1_112' title='bbox 1633 1978 1762 2025; x_wconf 77' lang='lat' dir='ltr'><strong>mag.</strong></span> <span class='ocrx_word' id='word_1_113' title='bbox 1798 1964 1957 2012; x_wconf 84' lang='lat' dir='ltr'><strong>Fouc.</strong></span> <span class='ocrx_word' id='word_1_114' title='bbox 1990 1962 2074 2012; x_wconf 76' lang='lat' dir='ltr'><strong>lm</strong></span> <span class='ocrx_word' id='word_1_115' title='bbox 2105 1961 2258 2012; x_wconf 84' lang='lat' dir='ltr'><strong>deest</strong></span> <span class='ocrx_word' id='word_1_116' title='bbox 2282 1962 2430 2013; x_wconf 89' lang='lat' dir='ltr'><strong>Cort.</strong></span> <span class='ocrx_word' id='word_1_117' title='bbox 2453 1970 2509 2013; x_wconf 88' lang='lat' dir='ltr'><strong>et</strong></span> 
     </span>
     <span class='ocr_line' id='line_1_16' title="bbox 308 2022 2508 2092; baseline 0.001 -19"><span class='ocrx_word' id='word_1_118' title='bbox 308 2022 441 2074; x_wconf 82' lang='lat' dir='ltr'><strong>Edd.</strong></span> <span class='ocrx_word' id='word_1_119' title='bbox 466 2026 621 2075; x_wconf 86' lang='lat' dir='ltr'><strong>Rom.</strong></span> <span class='ocrx_word' id='word_1_120' title='bbox 636 2028 721 2075; x_wconf 73' lang='lat' dir='ltr'><strong>hos</strong></span> <span class='ocrx_word' id='word_1_121' title='bbox 737 2028 1063 2090; x_wconf 71' lang='lat' dir='ltr'><strong>subelegerunt</strong></span> <span class='ocrx_word' id='word_1_122' title='bbox 1076 2029 1299 2091; x_wconf 72' lang='lat' dir='ltr'><strong>magistri</strong></span> <span class='ocrx_word' id='word_1_123' title='bbox 1313 2030 1534 2079; x_wconf 83' lang='lat' dir='ltr'><strong>Vind.1.</strong></span> <span class='ocrx_word' id='word_1_124' title='bbox 1559 2029 1621 2078; x_wconf 88' lang='lat' dir='ltr'><strong>In</strong></span> <span class='ocrx_word' id='word_1_125' title='bbox 1639 2029 1758 2092; x_wconf 83' lang='lat' dir='ltr'><strong>Cuj.</strong></span> <span class='ocrx_word' id='word_1_126' title='bbox 1780 2028 2035 2089; x_wconf 75' lang='lat' dir='ltr'><strong>magistros</strong></span> <span class='ocrx_word' id='word_1_127' title='bbox 2057 2059 2072 2074; x_wconf 89' lang='lat'><strong>.</strong></span> <span class='ocrx_word' id='word_1_128' title='bbox 2095 2062 2110 2079; x_wconf 89' lang='lat'><strong>.</strong></span> <span class='ocrx_word' id='word_1_129' title='bbox 2129 2062 2143 2077; x_wconf 85' lang='lat'><strong>.</strong></span> <span class='ocrx_word' id='word_1_130' title='bbox 2163 2062 2178 2077; x_wconf 92' lang='lat'><strong>.</strong></span> <span class='ocrx_word' id='word_1_131' title='bbox 2199 2030 2383 2077; x_wconf 73' lang='lat' dir='ltr'><strong>electos.</strong></span> <span class='ocrx_word' id='word_1_132' title='bbox 2417 2028 2508 2076; x_wconf 76' lang='lat' dir='ltr'><strong>sed</strong></span> 
     </span>
     <span class='ocr_line' id='line_1_17' title="bbox 308 2089 2514 2155; baseline 0.002 -17"><span class='ocrx_word' id='word_1_133' title='bbox 308 2089 483 2139; x_wconf 72' lang='lat' dir='ltr'><strong>vicinia</strong></span> <span class='ocrx_word' id='word_1_134' title='bbox 505 2091 645 2140; x_wconf 73' lang='lat' dir='ltr'><strong>electi</strong></span> <span class='ocrx_word' id='word_1_135' title='bbox 666 2091 876 2142; x_wconf 87' lang='lat' dir='ltr'><strong>Memm.</strong></span> <span class='ocrx_word' id='word_1_136' title='bbox 916 2094 1085 2143; x_wconf 78' lang='lat' dir='ltr'><strong>Periz-</strong></span> <span class='ocrx_word' id='word_1_137' title='bbox 1118 2094 1353 2144; x_wconf 74' lang='lat' dir='ltr'><strong>Han-lem.</strong></span> <span class='ocrx_word' id='word_1_138' title='bbox 1387 2095 1535 2145; x_wconf 87' lang='lat' dir='ltr'><strong>Cort.</strong></span> <span class='ocrx_word' id='word_1_139' title='bbox 1569 2095 1719 2143; x_wconf 73' lang='lat' dir='ltr'><strong>Voss.</strong></span> <span class='ocrx_word' id='word_1_140' title='bbox 1753 2092 1888 2144; x_wconf 83' lang='lat' dir='ltr'><strong>Edd.</strong></span> <span class='ocrx_word' id='word_1_141' title='bbox 1924 2093 2105 2155; x_wconf 82' lang='lat' dir='ltr'><strong>Camp.</strong></span> <span class='ocrx_word' id='word_1_142' title='bbox 2128 2093 2261 2141; x_wconf 79' lang='lat' dir='ltr'><strong>ven.</strong></span> <span class='ocrx_word' id='word_1_143' title='bbox 2287 2097 2333 2142; x_wconf 88' lang='lat'><strong>1.</strong></span> <span class='ocrx_word' id='word_1_144' title='bbox 2355 2092 2514 2142; x_wconf 78' lang='lat' dir='ltr'><strong>vicina</strong></span> 
     </span>
     <span class='ocr_line' id='line_1_18' title="bbox 308 2154 2512 2210; baseline 0.002 -9"><span class='ocrx_word' id='word_1_145' title='bbox 308 2154 443 2202; x_wconf 79' lang='lat' dir='ltr'><strong>electi</strong></span> <span class='ocrx_word' id='word_1_146' title='bbox 466 2155 601 2204; x_wconf 86' lang='lat' dir='ltr'><strong>Ven.</strong></span> <span class='ocrx_word' id='word_1_147' title='bbox 624 2159 675 2205; x_wconf 92' lang='grc'><strong>2.</strong></span> <span class='ocrx_word' id='word_1_148' title='bbox 698 2160 745 2207; x_wconf 75' lang='grc'><strong>3.</strong></span> <span class='ocrx_word' id='word_1_149' title='bbox 771 2157 916 2207; x_wconf 84' lang='lat' dir='ltr'><strong>Med.</strong></span> <span class='ocrx_word' id='word_1_150' title='bbox 944 2157 1090 2208; x_wconf 78' lang='lat' dir='ltr'><strong>eald.</strong></span> <span class='ocrx_word' id='word_1_151' title='bbox 1115 2159 1232 2208; x_wconf 82' lang='lat' dir='ltr'><strong>aliae</strong></span> <span class='ocrx_word' id='word_1_152' title='bbox 1254 2159 1444 2209; x_wconf 78' lang='lat' dir='ltr'><strong>ciciniae</strong></span> <span class='ocrx_word' id='word_1_153' title='bbox 1464 2158 1616 2210; x_wconf 71' lang='lat' dir='ltr'><strong>electi.</strong></span> <span class='ocrx_word' id='word_1_154' title='bbox 1662 2160 1823 2209; x_wconf 87' lang='lat' dir='ltr'><strong>Fouc.</strong></span> <span class='ocrx_word' id='word_1_155' title='bbox 1847 2158 2005 2207; x_wconf 87' lang='lat' dir='ltr'><strong>etiam</strong></span> <span class='ocrx_word' id='word_1_156' title='bbox 2035 2156 2209 2207; x_wconf 68' lang='lat' dir='ltr'><strong>vicium</strong></span> <span class='ocrx_word' id='word_1_157' title='bbox 2276 2157 2512 2207; x_wconf 84' lang='lat' dir='ltr'><strong>Tuentur</strong></span> 
     </span>
     <span class='ocr_line' id='line_1_19' title="bbox 310 2217 2511 2286; baseline 0.001 -21"><span class='ocrx_word' id='word_1_158' title='bbox 310 2217 418 2266; x_wconf 76' lang='lat' dir='ltr'><strong>lecti</strong></span> <span class='ocrx_word' id='word_1_159' title='bbox 440 2233 471 2267; x_wconf 92' lang='lat' dir='ltr'><strong>o</strong></span> <span class='ocrx_word' id='word_1_160' title='bbox 514 2220 624 2267; x_wconf 88' lang='lat' dir='ltr'><strong>timi</strong></span> <span class='ocrx_word' id='word_1_161' title='bbox 646 2221 870 2271; x_wconf 59' lang='lat' dir='ltr'><strong>Mam—5</strong></span> <span class='ocrx_word' id='word_1_162' title='bbox 910 2223 979 2272; x_wconf 77' lang='lat' dir='ltr'><strong>Ee</strong></span> <span class='ocrx_word' id='word_1_163' title='bbox 999 2237 1098 2285; x_wconf 80' lang='lat' dir='ltr'><strong>rep.</strong></span> <span class='ocrx_word' id='word_1_164' title='bbox 1121 2223 1256 2273; x_wconf 88' lang='lat' dir='ltr'><strong>Edd.</strong></span> <span class='ocrx_word' id='word_1_165' title='bbox 1280 2224 1428 2275; x_wconf 90' lang='lat' dir='ltr'><strong>Rom.</strong></span> <span class='ocrx_word' id='word_1_166' title='bbox 1451 2225 1580 2274; x_wconf 88' lang='lat' dir='ltr'><strong>etin</strong></span> <span class='ocrx_word' id='word_1_167' title='bbox 1604 2223 1762 2274; x_wconf 84' lang='lat' dir='ltr'><strong>vind.</strong></span> <span class='ocrx_word' id='word_1_168' title='bbox 1784 2227 1831 2272; x_wconf 91' lang='lat'><strong>1.</strong></span> <span class='ocrx_word' id='word_1_169' title='bbox 1858 2223 2089 2286; x_wconf 78' lang='lat' dir='ltr'><strong>purgavit</strong></span> <span class='ocrx_word' id='word_1_170' title='bbox 2114 2222 2346 2285; x_wconf 77' lang='lat' dir='ltr'><strong>oppletum</strong></span> <span class='ocrx_word' id='word_1_171' title='bbox 2379 2227 2511 2271; x_wconf 77' lang='lat' dir='ltr'><strong>et.—</strong></span> 
     </span>
     <span class='ocr_line' id='line_1_20' title="bbox 308 2234 2509 2352; baseline 0.001 -22"><span class='ocrx_word' id='word_1_172' title='bbox 308 2285 339 2330; x_wconf 78' lang='grc' dir='ltr'><strong><em>Β</em></strong></span> <span class='ocrx_word' id='word_1_173' title='bbox 373 2234 727 2335; x_wconf 57' lang='grc' dir='ltr'><strong>Ρνοῐιιίοηίὺιω</strong></span> <span class='ocrx_word' id='word_1_174' title='bbox 748 2288 962 2335; x_wconf 84' lang='lat' dir='ltr'><strong>Memm.</strong></span> <span class='ocrx_word' id='word_1_175' title='bbox 998 2287 1194 2337; x_wconf 84' lang='lat' dir='ltr'><strong>Medic.</strong></span> <span class='ocrx_word' id='word_1_176' title='bbox 1216 2292 1263 2339; x_wconf 76' lang='lat'><strong>8.</strong></span> <span class='ocrx_word' id='word_1_177' title='bbox 1288 2290 1448 2338; x_wconf 86' lang='lat' dir='ltr'><strong>Polit.</strong></span> <span class='ocrx_word' id='word_1_178' title='bbox 1469 2302 1629 2350; x_wconf 80' lang='lat' dir='ltr'><strong>marg.</strong></span> <span class='ocrx_word' id='word_1_179' title='bbox 1660 2288 1862 2352; x_wconf 82' lang='lat' dir='ltr'><strong>Gryph.</strong></span> <span class='ocrx_word' id='word_1_180' title='bbox 1887 2286 2144 2350; x_wconf 74' lang='lat' dir='ltr'><strong>probante</strong></span> <span class='ocrx_word' id='word_1_181' title='bbox 2168 2286 2346 2335; x_wconf 82' lang='lat' dir='ltr'><strong>Graev.</strong></span> <span class='ocrx_word' id='word_1_182' title='bbox 2371 2283 2509 2351; x_wconf 83' lang='lat' dir='ltr'><strong>quod</strong></span> 
     </span>
     <span class='ocr_line' id='line_1_21' title="bbox 288 2347 2511 2417; baseline 0.002 -23"><span class='ocrx_word' id='word_1_183' title='bbox 288 2351 361 2394; x_wconf 87' lang='lat' dir='ltr'><strong>-et</strong></span> <span class='ocrx_word' id='word_1_184' title='bbox 380 2347 549 2398; x_wconf 81' lang='lat' dir='ltr'><strong>edidit</strong></span> <span class='ocrx_word' id='word_1_185' title='bbox 570 2350 713 2400; x_wconf 89' lang='lat' dir='ltr'><strong>Oud.</strong></span> <span class='ocrx_word' id='word_1_186' title='bbox 732 2352 1084 2415; x_wconf 72' lang='lat' dir='ltr'><strong>pmlaxionibus</strong></span> <span class='ocrx_word' id='word_1_187' title='bbox 1106 2352 1221 2417; x_wconf 83' lang='lat' dir='ltr'><strong>Cuj.</strong></span> <span class='ocrx_word' id='word_1_188' title='bbox 1252 2353 1425 2417; x_wconf 81' lang='lat' dir='ltr'><strong>Vulgo</strong></span> <span class='ocrx_word' id='word_1_189' title='bbox 1441 2353 1647 2417; x_wconf 76' lang='lat' dir='ltr'><strong>prolaps.</strong></span> <span class='ocrx_word' id='word_1_190' title='bbox 1669 2355 1745 2402; x_wconf 87' lang='lat' dir='ltr'><strong>uti</strong></span> <span class='ocrx_word' id='word_1_191' title='bbox 1770 2360 2077 2414; x_wconf 83' lang='lat' dir='ltr'><strong>receperunt</strong></span> <span class='ocrx_word' id='word_1_192' title='bbox 2101 2351 2281 2400; x_wconf 86' lang='lat' dir='ltr'><strong>Burm.</strong></span> <span class='ocrx_word' id='word_1_193' title='bbox 2305 2351 2431 2400; x_wconf 85' lang='lat' dir='ltr'><strong>Ern.</strong></span> <span class='ocrx_word' id='word_1_194' title='bbox 2453 2357 2511 2399; x_wconf 88' lang='lat' dir='ltr'><strong>et</strong></span> 
     </span>
     <span class='ocr_line' id='line_1_22' title="bbox 307 2410 2509 2476; baseline 0.002 -17"><span class='ocrx_word' id='word_1_195' title='bbox 307 2410 626 2476; x_wconf 45' lang='lat' dir='ltr'><strong>Bauium—7</strong></span> <span class='ocrx_word' id='word_1_196' title='bbox 661 2415 952 2466; x_wconf 71' lang='lat' dir='ltr'><strong>Flurnininia</strong></span> <span class='ocrx_word' id='word_1_197' title='bbox 979 2416 1211 2470; x_wconf 81' lang='lat' dir='ltr'><strong>Harlem.</strong></span> <span class='ocrx_word' id='word_1_198' title='bbox 1267 2419 1565 2469; x_wconf 76' lang='lat' dir='ltr'><strong>Flammiueu</strong></span> <span class='ocrx_word' id='word_1_199' title='bbox 1587 2418 1718 2468; x_wconf 84' lang='lat' dir='ltr'><strong>Ven.</strong></span> <span class='ocrx_word' id='word_1_200' title='bbox 1739 2423 1785 2468; x_wconf 87' lang='lat'><strong>1.</strong></span> <span class='ocrx_word' id='word_1_201' title='bbox 1839 2416 2091 2467; x_wconf 68' lang='lat' dir='ltr'><strong>Flaminica</strong></span> <span class='ocrx_word' id='word_1_202' title='bbox 2113 2416 2277 2476; x_wconf 70' lang='lat' dir='ltr'><strong>Lugd.</strong></span> <span class='ocrx_word' id='word_1_203' title='bbox 2311 2416 2509 2466; x_wconf 67' lang='lat' dir='ltr'><strong>Himera</strong></span> 
     </span>
     <span class='ocr_line' id='line_1_23' title="bbox 306 2476 2509 2548; baseline -0.001 -20"><span class='ocrx_word' id='word_1_204' title='bbox 306 2476 450 2528; x_wconf 75' lang='lat' dir='ltr'><strong>Junt.</strong></span> <span class='ocrx_word' id='word_1_205' title='bbox 467 2479 671 2542; x_wconf 63' lang='lat' dir='ltr'><strong>flamini</strong></span> <span class='ocrx_word' id='word_1_206' title='bbox 687 2484 797 2531; x_wconf 76' lang='lat' dir='ltr'><strong>aula</strong></span> <span class='ocrx_word' id='word_1_207' title='bbox 819 2482 934 2546; x_wconf 85' lang='lat' dir='ltr'><strong>an.</strong></span> <span class='ocrx_word' id='word_1_208' title='bbox 984 2482 1115 2532; x_wconf 82' lang='lat' dir='ltr'><strong>Tum</strong></span> <span class='ocrx_word' id='word_1_209' title='bbox 1136 2497 1283 2548; x_wconf 84' lang='lat' dir='ltr'><strong>seqq.</strong></span> <span class='ocrx_word' id='word_1_210' title='bbox 1304 2486 1396 2534; x_wconf 76' lang='lat' dir='ltr'><strong>Ar.</strong></span> <span class='ocrx_word' id='word_1_211' title='bbox 1416 2490 1516 2536; x_wconf 77' lang='lat' dir='ltr'><strong>teu.</strong></span> <span class='ocrx_word' id='word_1_212' title='bbox 1532 2498 1662 2533; x_wconf 74' lang='lat' dir='ltr'><strong>mun.</strong></span> <span class='ocrx_word' id='word_1_213' title='bbox 1686 2484 1877 2532; x_wconf 79' lang='lat' dir='ltr'><strong>desunt</strong></span> <span class='ocrx_word' id='word_1_214' title='bbox 1899 2482 2152 2532; x_wconf 83' lang='lat' dir='ltr'><strong>Huls.--8</strong></span> <span class='ocrx_word' id='word_1_215' title='bbox 2169 2482 2307 2529; x_wconf 77' lang='lat' dir='ltr'><strong>Mau.</strong></span> <span class='ocrx_word' id='word_1_216' title='bbox 2323 2482 2509 2543; x_wconf 73' lang='lat' dir='ltr'><strong>prada,</strong></span> 
     </span>
     <span class='ocr_line' id='line_1_24' title="bbox 307 2543 2503 2612; baseline 0.001 -20"><span class='ocrx_word' id='word_1_217' title='bbox 307 2543 492 2594; x_wconf 74' lang='lat' dir='ltr'><strong>omisso</strong></span> <span class='ocrx_word' id='word_1_218' title='bbox 512 2560 593 2608; x_wconf 79' lang='lat' dir='ltr'><strong>ex,</strong></span> <span class='ocrx_word' id='word_1_219' title='bbox 614 2545 777 2597; x_wconf 86' lang='lat' dir='ltr'><strong>Fouc.</strong></span> <span class='ocrx_word' id='word_1_220' title='bbox 798 2547 888 2612; x_wconf 86' lang='lat' dir='ltr'><strong>qui</strong></span> <span class='ocrx_word' id='word_1_221' title='bbox 909 2562 1030 2599; x_wconf 83' lang='lat' dir='ltr'><strong>mox</strong></span> <span class='ocrx_word' id='word_1_222' title='bbox 1051 2563 1108 2598; x_wconf 83' lang='lat' dir='ltr'><strong>ac</strong></span> <span class='ocrx_word' id='word_1_223' title='bbox 1126 2553 1424 2601; x_wconf 59' lang='lat' dir='ltr'><strong>ceteram-9</strong></span> <span class='ocrx_word' id='word_1_224' title='bbox 1455 2549 1541 2600; x_wconf 88' lang='lat' dir='ltr'><strong>Sic</strong></span> <span class='ocrx_word' id='word_1_225' title='bbox 1570 2562 1602 2598; x_wconf 88' lang='lat' dir='ltr'><strong>e</strong></span> <span class='ocrx_word' id='word_1_226' title='bbox 1637 2547 1855 2598; x_wconf 86' lang='lat' dir='ltr'><strong>Memm.</strong></span> <span class='ocrx_word' id='word_1_227' title='bbox 1885 2544 2117 2610; x_wconf 81' lang='lat' dir='ltr'><strong>reposuit</strong></span> <span class='ocrx_word' id='word_1_228' title='bbox 2137 2545 2300 2595; x_wconf 82' lang='lat' dir='ltr'><strong>Gron.</strong></span> <span class='ocrx_word' id='word_1_229' title='bbox 2335 2545 2503 2594; x_wconf 81' lang='lat' dir='ltr'><strong>secuti</strong></span> 
     </span>
    </p>
   </div>
   <div class='ocr_carea' id='block_1_5' title="bbox 1291 2694 1514 2747">
    <p class='ocr_par' dir='ltr' id='par_1_5' title="bbox 1291 2694 1514 2747">
     <span class='ocr_line' id='line_1_25' title="bbox 1291 2694 1514 2747; baseline -0.004 0"><span class='ocrx_word' id='word_1_230' title='bbox 1291 2694 1514 2747; x_wconf 80' lang='lat' dir='ltr'>NOTAE</span> 
     </span>
    </p>
   </div>
   <div class='ocr_carea' id='block_1_6' title="bbox 298 2791 1371 4231">
    <p class='ocr_par' dir='ltr' id='par_1_6' title="bbox 298 2791 1371 3923">
     <span class='ocr_line' id='line_1_26' title="bbox 366 2791 1363 2857; baseline 0.001 -16"><span class='ocrx_word' id='word_1_231' title='bbox 366 2800 389 2826; x_wconf 70' lang='lat'>¹</span> <span class='ocrx_word' id='word_1_232' title='bbox 422 2791 689 2857; x_wconf 59' lang='lat' dir='ltr'><strong>Regiones]</strong></span> <span class='ocrx_word' id='word_1_233' title='bbox 726 2805 850 2843; x_wconf 75' lang='lat' dir='ltr'><strong>xiv.</strong></span> <span class='ocrx_word' id='word_1_234' title='bbox 873 2797 934 2843; x_wconf 90' lang='lat' dir='ltr'><strong>ut</strong></span> <span class='ocrx_word' id='word_1_235' title='bbox 954 2806 1112 2857; x_wconf 81' lang='lat' dir='ltr'><strong>supra</strong></span> <span class='ocrx_word' id='word_1_236' title='bbox 1135 2791 1189 2841; x_wconf 92' lang='lat' dir='ltr'><strong>in</strong></span> <span class='ocrx_word' id='word_1_237' title='bbox 1221 2791 1363 2844; x_wconf 86' lang='lat' dir='ltr'><strong>Julio</strong></span> 
     </span>
     <span class='ocr_line' id='line_1_27' title="bbox 304 2867 1362 2920; baseline 0 -3"><span class='ocrx_word' id='word_1_238' title='bbox 304 2882 351 2917; x_wconf 84' lang='lat' dir='ltr'><strong>c.</strong></span> <span class='ocrx_word' id='word_1_239' title='bbox 374 2873 457 2919; x_wconf 74' lang='lat'><strong>89.</strong></span> <span class='ocrx_word' id='word_1_240' title='bbox 496 2875 736 2918; x_wconf 80' lang='lat' dir='ltr'><strong>notatum</strong></span> <span class='ocrx_word' id='word_1_241' title='bbox 779 2877 879 2920; x_wconf 77' lang='lat' dir='ltr'><strong>est.</strong></span> <span class='ocrx_word' id='word_1_242' title='bbox 945 2867 1030 2919; x_wconf 89' lang='lat' dir='ltr'><strong>An</strong></span> <span class='ocrx_word' id='word_1_243' title='bbox 1077 2882 1201 2918; x_wconf 83' lang='lat' dir='ltr'><strong>vero</strong></span> <span class='ocrx_word' id='word_1_244' title='bbox 1230 2867 1362 2917; x_wconf 70' lang='lat' dir='ltr'><strong>divi·</strong></span> 
     </span>
     <span class='ocr_line' id='line_1_28' title="bbox 304 2943 1361 3009; baseline 0.001 -15"><span class='ocrx_word' id='word_1_245' title='bbox 304 2944 459 2995; x_wconf 75' lang='lat' dir='ltr'><strong>sionis</strong></span> <span class='ocrx_word' id='word_1_246' title='bbox 481 2946 637 3009; x_wconf 76' lang='lat' dir='ltr'><strong>hujus</strong></span> <span class='ocrx_word' id='word_1_247' title='bbox 656 2945 848 3009; x_wconf 82' lang='lat' dir='ltr'><strong>primns</strong></span> <span class='ocrx_word' id='word_1_248' title='bbox 870 2952 1052 2996; x_wconf 83' lang='lat' dir='ltr'><strong>auctor</strong></span> <span class='ocrx_word' id='word_1_249' title='bbox 1063 2943 1242 3008; x_wconf 80' lang='lat' dir='ltr'><strong>fuerit,</strong></span> <span class='ocrx_word' id='word_1_250' title='bbox 1257 2959 1361 2995; x_wconf 87' lang='lat' dir='ltr'><strong>non</strong></span> 
     </span>
     <span class='ocr_line' id='line_1_29' title="bbox 303 3021 1363 3085; baseline 0.001 -15"><span class='ocrx_word' id='word_1_251' title='bbox 303 3021 621 3071; x_wconf 81' lang='lat' dir='ltr'><strong>conveniunt</strong></span> <span class='ocrx_word' id='word_1_252' title='bbox 652 3021 990 3085; x_wconf 78' lang='lat' dir='ltr'><strong>interpretes.</strong></span> <span class='ocrx_word' id='word_1_253' title='bbox 1052 3022 1290 3071; x_wconf 83' lang='lat' dir='ltr'><strong>Torrent.</strong></span> <span class='ocrx_word' id='word_1_254' title='bbox 1306 3025 1363 3071; x_wconf 90' lang='lat' dir='ltr'><strong>et</strong></span> 
     </span>
     <span class='ocr_line' id='line_1_30' title="bbox 301 3095 1359 3160; baseline 0.001 -15"><span class='ocrx_word' id='word_1_255' title='bbox 301 3096 549 3147; x_wconf 83' lang='lat' dir='ltr'><strong>Beroald.</strong></span> <span class='ocrx_word' id='word_1_256' title='bbox 586 3103 800 3160; x_wconf 67' lang='lat' dir='ltr'><strong>negant,</strong></span> <span class='ocrx_word' id='word_1_257' title='bbox 845 3097 1173 3149; x_wconf 72' lang='lat' dir='ltr'><strong>casaubonus</strong></span> <span class='ocrx_word' id='word_1_258' title='bbox 1223 3095 1359 3147; x_wconf 83' lang='lat' dir='ltr'><strong>affir-</strong></span> 
     </span>
     <span class='ocr_line' id='line_1_31' title="bbox 298 3173 1357 3238; baseline 0.003 -16"><span class='ocrx_word' id='word_1_259' title='bbox 298 3181 426 3235; x_wconf 81' lang='lat' dir='ltr'><strong>mat,</strong></span> <span class='ocrx_word' id='word_1_260' title='bbox 451 3173 590 3238; x_wconf 87' lang='lat' dir='ltr'><strong>qnod</strong></span> <span class='ocrx_word' id='word_1_261' title='bbox 620 3173 755 3224; x_wconf 83' lang='lat' dir='ltr'><strong>illius</strong></span> <span class='ocrx_word' id='word_1_262' title='bbox 775 3174 1072 3238; x_wconf 82' lang='lat' dir='ltr'><strong>partitionis</strong></span> <span class='ocrx_word' id='word_1_263' title='bbox 1095 3182 1217 3224; x_wconf 82' lang='lat' dir='ltr'><strong>ante</strong></span> <span class='ocrx_word' id='word_1_264' title='bbox 1250 3174 1357 3225; x_wconf 80' lang='lat' dir='ltr'><strong>Au·</strong></span> 
     </span>
     <span class='ocr_line' id='line_1_32' title="bbox 300 3249 1371 3311; baseline 0.003 -15"><span class='ocrx_word' id='word_1_265' title='bbox 300 3254 507 3311; x_wconf 68' lang='lat' dir='ltr'><strong>grutam</strong></span> <span class='ocrx_word' id='word_1_266' title='bbox 526 3249 669 3298; x_wconf 68' lang='lat' dir='ltr'><strong>mula</strong></span> <span class='ocrx_word' id='word_1_267' title='bbox 688 3250 886 3300; x_wconf 87' lang='lat' dir='ltr'><strong>mentio</strong></span> <span class='ocrx_word' id='word_1_268' title='bbox 907 3249 1045 3300; x_wconf 83' lang='lat' dir='ltr'><strong>facta</strong></span> <span class='ocrx_word' id='word_1_269' title='bbox 1066 3251 1136 3301; x_wconf 82' lang='lat' dir='ltr'><strong>sit</strong></span> <span class='ocrx_word' id='word_1_270' title='bbox 1171 3266 1202 3300; x_wconf 85' lang='lat' dir='ltr'><strong>a</strong></span> <span class='ocrx_word' id='word_1_271' title='bbox 1223 3249 1371 3308; x_wconf 63' lang='lat' dir='ltr'><strong>Van-2</strong></span> 
     </span>
     <span class='ocr_line' id='line_1_33' title="bbox 301 3323 1159 3389; baseline 0.006 -17"><span class='ocrx_word' id='word_1_272' title='bbox 301 3324 626 3375; x_wconf 67' lang='lat' dir='ltr'><strong>ronelibav.</strong></span> <span class='ocrx_word' id='word_1_273' title='bbox 644 3323 709 3373; x_wconf 85' lang='lat' dir='ltr'><strong>de</strong></span> <span class='ocrx_word' id='word_1_274' title='bbox 731 3325 932 3389; x_wconf 81' lang='lat' dir='ltr'><strong>Lingua</strong></span> <span class='ocrx_word' id='word_1_275' title='bbox 955 3325 1159 3377; x_wconf 81' lang='lat' dir='ltr'><strong>Latina.</strong></span> 
     </span>
     <span class='ocr_line' id='line_1_34' title="bbox 306 3400 1353 3465; baseline 0.003 -15"><span class='ocrx_word' id='word_1_276' title='bbox 306 3426 311 3433; x_wconf 91' lang='lat'><strong>·</strong></span> <span class='ocrx_word' id='word_1_277' title='bbox 359 3408 388 3433; x_wconf 63' lang='grc' dir='ltr'><strong>Χ</strong></span> <span class='ocrx_word' id='word_1_278' title='bbox 420 3401 593 3451; x_wconf 68' lang='lat' dir='ltr'><strong>Anam·</strong></span> <span class='ocrx_word' id='word_1_279' title='bbox 628 3401 964 3465; x_wconf 69' lang='lat' dir='ltr'><strong>magistratus]</strong></span> <span class='ocrx_word' id='word_1_280' title='bbox 996 3401 1083 3453; x_wconf 88' lang='lat' dir='ltr'><strong>An</strong></span> <span class='ocrx_word' id='word_1_281' title='bbox 1109 3402 1174 3452; x_wconf 85' lang='lat' dir='ltr'><strong>ad</strong></span> <span class='ocrx_word' id='word_1_282' title='bbox 1211 3400 1265 3452; x_wconf 83' lang='lat' dir='ltr'><strong>id</strong></span> <span class='ocrx_word' id='word_1_283' title='bbox 1296 3417 1353 3453; x_wconf 89' lang='lat' dir='ltr'><strong>u-</strong></span> 
     </span>
     <span class='ocr_line' id='line_1_35' title="bbox 300 3478 1355 3544; baseline 0.004 -19"><span class='ocrx_word' id='word_1_284' title='bbox 300 3490 423 3526; x_wconf 88' lang='lat' dir='ltr'><strong>num</strong></span> <span class='ocrx_word' id='word_1_285' title='bbox 444 3478 592 3541; x_wconf 82' lang='lat' dir='ltr'><strong>lecti,</strong></span> <span class='ocrx_word' id='word_1_286' title='bbox 608 3492 674 3528; x_wconf 80' lang='lat' dir='ltr'><strong>an</strong></span> <span class='ocrx_word' id='word_1_287' title='bbox 707 3493 831 3529; x_wconf 83' lang='lat' dir='ltr'><strong>vero</strong></span> <span class='ocrx_word' id='word_1_288' title='bbox 853 3478 1243 3544; x_wconf 78' lang='lat' dir='ltr'><strong>magistratibus</strong></span> <span class='ocrx_word' id='word_1_289' title='bbox 1264 3493 1355 3529; x_wconf 78' lang='lat' dir='ltr'><strong>an·</strong></span> 
     </span>
     <span class='ocr_line' id='line_1_36' title="bbox 299 3551 1355 3619; baseline 0.003 -19"><span class='ocrx_word' id='word_1_290' title='bbox 299 3553 413 3602; x_wconf 74' lang='lat' dir='ltr'><strong>uuis</strong></span> <span class='ocrx_word' id='word_1_291' title='bbox 433 3551 490 3602; x_wconf 87' lang='lat' dir='ltr'><strong>id</strong></span> <span class='ocrx_word' id='word_1_292' title='bbox 521 3568 727 3619; x_wconf 85' lang='lat' dir='ltr'><strong>quoque</strong></span> <span class='ocrx_word' id='word_1_293' title='bbox 761 3555 1148 3617; x_wconf 74' lang='lat' dir='ltr'><strong>demandatum,</strong></span> <span class='ocrx_word' id='word_1_294' title='bbox 1170 3554 1355 3604; x_wconf 86' lang='lat' dir='ltr'><strong>obscu-</strong></span> 
     </span>
     <span class='ocr_line' id='line_1_37' title="bbox 300 3630 1353 3695; baseline 0.003 -18"><span class='ocrx_word' id='word_1_295' title='bbox 300 3642 413 3679; x_wconf 75' lang='lat' dir='ltr'><strong>rum</strong></span> <span class='ocrx_word' id='word_1_296' title='bbox 437 3630 648 3695; x_wconf 81' lang='lat' dir='ltr'><strong>reliquit</strong></span> <span class='ocrx_word' id='word_1_297' title='bbox 668 3632 897 3683; x_wconf 79' lang='lat' dir='ltr'><strong>auctoris</strong></span> <span class='ocrx_word' id='word_1_298' title='bbox 915 3633 1162 3683; x_wconf 77' lang='lat' dir='ltr'><strong>brevitas.</strong></span> <span class='ocrx_word' id='word_1_299' title='bbox 1184 3682 1187 3685; x_wconf 86' lang='grc'><strong>,</strong></span> <span class='ocrx_word' id='word_1_300' title='bbox 1224 3631 1353 3680; x_wconf 76' lang='lat' dir='ltr'><strong>Pos-</strong></span> 
     </span>
     <span class='ocr_line' id='line_1_38' title="bbox 299 3705 1357 3759; baseline 0.005 -7"><span class='ocrx_word' id='word_1_301' title='bbox 299 3705 464 3754; x_wconf 81' lang='lat' dir='ltr'><strong>terius</strong></span> <span class='ocrx_word' id='word_1_302' title='bbox 508 3713 722 3757; x_wconf 80' lang='lat' dir='ltr'><strong>tuentur</strong></span> <span class='ocrx_word' id='word_1_303' title='bbox 759 3709 1018 3759; x_wconf 72' lang='lat' dir='ltr'><strong>Tot-rentii</strong></span> <span class='ocrx_word' id='word_1_304' title='bbox 1061 3715 1120 3758; x_wconf 88' lang='lat' dir='ltr'><strong>et</strong></span> <span class='ocrx_word' id='word_1_305' title='bbox 1158 3708 1357 3758; x_wconf 71' lang='lat' dir='ltr'><strong>Canau-</strong></span> 
     </span>
     <span class='ocr_line' id='line_1_39' title="bbox 301 3779 1358 3848; baseline 0.003 -18"><span class='ocrx_word' id='word_1_306' title='bbox 301 3779 425 3830; x_wconf 76' lang='lat' dir='ltr'><strong>boni</strong></span> <span class='ocrx_word' id='word_1_307' title='bbox 469 3782 806 3848; x_wconf 64' lang='lat' dir='ltr'><strong>conjectum,</strong></span> <span class='ocrx_word' id='word_1_308' title='bbox 845 3797 944 3836; x_wconf 86' lang='lat' dir='ltr'><strong>uec</strong></span> <span class='ocrx_word' id='word_1_309' title='bbox 973 3784 1076 3834; x_wconf 77' lang='lat' dir='ltr'><strong>illis</strong></span> <span class='ocrx_word' id='word_1_310' title='bbox 1115 3784 1358 3834; x_wconf 78' lang='lat' dir='ltr'><strong>videntur</strong></span> 
     </span>
     <span class='ocr_line' id='line_1_40' title="bbox 300 3856 841 3923; baseline 0.011 -18"><span class='ocrx_word' id='word_1_311' title='bbox 300 3856 388 3907; x_wconf 81' lang='lat' dir='ltr'><strong>alii</strong></span> <span class='ocrx_word' id='word_1_312' title='bbox 422 3860 841 3923; x_wconf 68' lang='lat' dir='ltr'><strong>praeponderare.</strong></span> 
     </span>
    </p>

    <p class='ocr_par' dir='ltr' id='par_1_7' title="bbox 301 3935 1356 4073">
     <span class='ocr_line' id='line_1_41' title="bbox 363 3935 1356 4003; baseline 0.006 -20"><span class='ocrx_word' id='word_1_313' title='bbox 363 3940 387 3975; x_wconf 71' lang='lat'><em>5</em></span> <span class='ocrx_word' id='word_1_314' title='bbox 419 3935 551 4000; x_wconf 72' lang='lat' dir='ltr'><strong>Hoc]</strong></span> <span class='ocrx_word' id='word_1_315' title='bbox 586 3937 747 3987; x_wconf 83' lang='lat' dir='ltr'><strong>Vicus</strong></span> <span class='ocrx_word' id='word_1_316' title='bbox 780 3938 1003 4003; x_wconf 74' lang='lat' dir='ltr'><strong>seilicet,</strong></span> <span class='ocrx_word' id='word_1_317' title='bbox 1042 3938 1180 3989; x_wconf 88' lang='lat' dir='ltr'><strong>unde</strong></span> <span class='ocrx_word' id='word_1_318' title='bbox 1217 3937 1356 3989; x_wconf 78' lang='lat' dir='ltr'><strong>vieo·</strong></span> 
     </span>
     <span class='ocr_line' id='line_1_42' title="bbox 301 4011 553 4073; baseline 0.004 -14"><span class='ocrx_word' id='word_1_319' title='bbox 301 4011 553 4073; x_wconf 63' lang='lat' dir='ltr'><strong>magistri.</strong></span> 
     </span>
    </p>

    <p class='ocr_par' dir='ltr' id='par_1_8' title="bbox 303 4088 1353 4231">
     <span class='ocr_line' id='line_1_43' title="bbox 361 4088 1352 4156; baseline 0.005 -19"><span class='ocrx_word' id='word_1_320' title='bbox 361 4093 389 4118; x_wconf 42' lang='lat'><strong>⁸⁷</strong></span> <span class='ocrx_word' id='word_1_321' title='bbox 416 4088 658 4139; x_wconf 68' lang='lat' dir='ltr'><strong>Excubiae</strong></span> <span class='ocrx_word' id='word_1_322' title='bbox 669 4095 923 4142; x_wconf 67' lang='lat' dir='ltr'><strong>murm</strong></span> <span class='ocrx_word' id='word_1_323' title='bbox 931 4090 1211 4156; x_wconf 67' lang='lat' dir='ltr'><strong>vigile-que]</strong></span> <span class='ocrx_word' id='word_1_324' title='bbox 1220 4091 1352 4144; x_wconf 66' lang='lat' dir='ltr'><strong>Quo</strong></span> 
     </span>
     <span class='ocr_line' id='line_1_44' title="bbox 303 4165 1353 4231; baseline 0.003 -19"><span class='ocrx_word' id='word_1_325' title='bbox 303 4174 431 4213; x_wconf 67' lang='lat' dir='ltr'><strong>eura</strong></span> <span class='ocrx_word' id='word_1_326' title='bbox 469 4165 713 4217; x_wconf 80' lang='lat' dir='ltr'><strong>AEdilinm</strong></span> <span class='ocrx_word' id='word_1_327' title='bbox 759 4174 882 4218; x_wconf 78' lang='lat' dir='ltr'><strong>ante</strong></span> <span class='ocrx_word' id='word_1_328' title='bbox 916 4165 1093 4218; x_wconf 84' lang='lat' dir='ltr'><strong>fuerat</strong></span> <span class='ocrx_word' id='word_1_329' title='bbox 1125 4182 1238 4231; x_wconf 78' lang='lat' dir='ltr'><strong>cap.</strong></span> <span class='ocrx_word' id='word_1_330' title='bbox 1270 4170 1353 4216; x_wconf 78' lang='grc'><strong>26.</strong></span> 
     </span>
    </p>
   </div>
   <div class='ocr_carea' id='block_1_7' title="bbox 301 4238 1351 4376">
    <p class='ocr_par' dir='ltr' id='par_1_9' title="bbox 301 4238 1351 4376">
     <span class='ocr_line' id='line_1_45' title="bbox 303 4238 1351 4368; baseline 0.007 -82"><span class='ocrx_word' id='word_1_331' title='bbox 303 4238 497 4368; x_wconf 44' lang='lat' dir='ltr'><strong>ettae-{e</strong></span> <span class='ocrx_word' id='word_1_332' title='bbox 512 4256 600 4295; x_wconf 80' lang='lat' dir='ltr'><strong>ru.</strong></span> <span class='ocrx_word' id='word_1_333' title='bbox 622 4241 678 4293; x_wconf 76' lang='lat' dir='ltr'><strong>ff.</strong></span> <span class='ocrx_word' id='word_1_334' title='bbox 711 4242 777 4293; x_wconf 83' lang='lat' dir='ltr'><strong>de</strong></span> <span class='ocrx_word' id='word_1_335' title='bbox 813 4242 987 4294; x_wconf 84' lang='lat' dir='ltr'><strong>officio</strong></span> <span class='ocrx_word' id='word_1_336' title='bbox 1019 4240 1258 4308; x_wconf 63' lang='lat' dir='ltr'><strong>prafecti</strong></span> <span class='ocrx_word' id='word_1_337' title='bbox 1281 4241 1351 4293; x_wconf 85' lang='lat' dir='ltr'><strong>vi·</strong></span> 
     </span>
     <span class='ocr_line' id='line_1_46' title="bbox 301 4327 477 4376; baseline 0.017 -13"><span class='ocrx_word' id='word_1_338' title='bbox 301 4327 353 4376; x_wconf 74' lang='lat' dir='ltr'><strong>gr</strong></span> <span class='ocrx_word' id='word_1_339' title='bbox 462 4349 477 4366; x_wconf 94' lang='lat'><strong>.</strong></span> 
     </span>
    </p>
   </div>
   <div class='ocr_carea' id='block_1_8' title="bbox 1433 2788 2500 3695">
    <p class='ocr_par' dir='ltr' id='par_1_10' title="bbox 1433 2788 2500 3459">
     <span class='ocr_line' id='line_1_47' title="bbox 1507 2788 2498 2853; baseline -0.004 -12"><span class='ocrx_word' id='word_1_340' title='bbox 1507 2797 1534 2824; x_wconf 82' lang='lat'>⁸</span> <span class='ocrx_word' id='word_1_341' title='bbox 1565 2788 1809 2841; x_wconf 71' lang='lat' dir='ltr'><strong>Flaminia</strong></span> <span class='ocrx_word' id='word_1_342' title='bbox 1849 2789 1954 2853; x_wconf 75' lang='lat' dir='ltr'><strong>viu]</strong></span> <span class='ocrx_word' id='word_1_343' title='bbox 1998 2788 2275 2839; x_wconf 80' lang='lat' dir='ltr'><strong>Flaminius</strong></span> <span class='ocrx_word' id='word_1_344' title='bbox 2318 2790 2498 2838; x_wconf 78' lang='lat' dir='ltr'><strong>consul</strong></span> 
     </span>
     <span class='ocr_line' id='line_1_48' title="bbox 1442 2865 2500 2932; baseline 0.001 -16"><span class='ocrx_word' id='word_1_345' title='bbox 1442 2874 1564 2931; x_wconf 77' lang='lat' dir='ltr'><strong>post</strong></span> <span class='ocrx_word' id='word_1_346' title='bbox 1609 2867 1774 2916; x_wconf 81' lang='lat' dir='ltr'><strong>victos</strong></span> <span class='ocrx_word' id='word_1_347' title='bbox 1813 2868 2054 2932; x_wconf 81' lang='lat' dir='ltr'><strong>Ligures,</strong></span> <span class='ocrx_word' id='word_1_348' title='bbox 2098 2879 2163 2915; x_wconf 91' lang='lat' dir='ltr'><strong>ne</strong></span> <span class='ocrx_word' id='word_1_349' title='bbox 2197 2865 2277 2915; x_wconf 78' lang='lat' dir='ltr'><strong>sui</strong></span> <span class='ocrx_word' id='word_1_350' title='bbox 2308 2865 2500 2917; x_wconf 68' lang='lat' dir='ltr'><strong>milites</strong></span> 
     </span>
     <span class='ocr_line' id='line_1_49' title="bbox 1443 2940 2496 3008; baseline -0.004 -15"><span class='ocrx_word' id='word_1_351' title='bbox 1443 2943 1553 2994; x_wconf 87' lang='lat' dir='ltr'><strong>otio</strong></span> <span class='ocrx_word' id='word_1_352' title='bbox 1568 2941 1951 3008; x_wconf 75' lang='lat' dir='ltr'><strong>frangerentur,</strong></span> <span class='ocrx_word' id='word_1_353' title='bbox 1968 2945 2100 2993; x_wconf 86' lang='lat' dir='ltr'><strong>hauc</strong></span> <span class='ocrx_word' id='word_1_354' title='bbox 2119 2947 2376 2993; x_wconf 73' lang='lat' dir='ltr'><strong>straverat</strong></span> <span class='ocrx_word' id='word_1_355' title='bbox 2393 2940 2496 3005; x_wconf 82' lang='lat' dir='ltr'><strong>pri-</strong></span> 
     </span>
     <span class='ocr_line' id='line_1_50' title="bbox 1440 3016 2497 3084; baseline -0.003 -15"><span class='ocrx_word' id='word_1_356' title='bbox 1440 3034 1552 3070; x_wconf 76' lang='lat' dir='ltr'><strong>mus</strong></span> <span class='ocrx_word' id='word_1_357' title='bbox 1573 3034 1670 3084; x_wconf 90' lang='lat' dir='ltr'><strong>per</strong></span> <span class='ocrx_word' id='word_1_358' title='bbox 1685 3020 1923 3070; x_wconf 78' lang='lat' dir='ltr'><strong>Tusciam</strong></span> <span class='ocrx_word' id='word_1_359' title='bbox 1942 3027 1999 3071; x_wconf 89' lang='lat' dir='ltr'><strong>et</strong></span> <span class='ocrx_word' id='word_1_360' title='bbox 2020 3018 2290 3070; x_wconf 75' lang='lat' dir='ltr'><strong>Umbriam</strong></span> <span class='ocrx_word' id='word_1_361' title='bbox 2307 3016 2497 3068; x_wconf 84' lang='lat' dir='ltr'><strong>Arimi·</strong></span> 
     </span>
     <span class='ocr_line' id='line_1_51' title="bbox 1438 3091 2494 3162; baseline -0.005 -16"><span class='ocrx_word' id='word_1_362' title='bbox 1438 3110 1558 3146; x_wconf 84' lang='lat' dir='ltr'><strong>num</strong></span> <span class='ocrx_word' id='word_1_363' title='bbox 1583 3108 1762 3162; x_wconf 77' lang='lat' dir='ltr'><strong>usque.</strong></span> <span class='ocrx_word' id='word_1_364' title='bbox 1803 3096 1980 3147; x_wconf 77' lang='lat' dir='ltr'><strong>Livius</strong></span> <span class='ocrx_word' id='word_1_365' title='bbox 2000 3095 2092 3145; x_wconf 87' lang='lat' dir='ltr'><strong>lib.</strong></span> <span class='ocrx_word' id='word_1_366' title='bbox 2115 3108 2196 3147; x_wconf 83' lang='lat' dir='ltr'><strong>rx.</strong></span> <span class='ocrx_word' id='word_1_367' title='bbox 2210 3091 2401 3144; x_wconf 79' lang='lat' dir='ltr'><strong>decad.</strong></span> <span class='ocrx_word' id='word_1_368' title='bbox 2417 3106 2494 3142; x_wconf 74' lang='lat' dir='ltr'><strong>xv.</strong></span> 
     </span>
     <span class='ocr_line' id='line_1_52' title="bbox 1437 3171 2493 3241; baseline -0.006 -15"><span class='ocrx_word' id='word_1_369' title='bbox 1437 3175 1605 3227; x_wconf 82' lang='lat' dir='ltr'><strong>Porta</strong></span> <span class='ocrx_word' id='word_1_370' title='bbox 1625 3175 1897 3241; x_wconf 77' lang='lat' dir='ltr'><strong>Flaminia,</strong></span> <span class='ocrx_word' id='word_1_371' title='bbox 1920 3175 2056 3226; x_wconf 88' lang='lat' dir='ltr'><strong>unde</strong></span> <span class='ocrx_word' id='word_1_372' title='bbox 2077 3177 2189 3225; x_wconf 75' lang='lat' dir='ltr'><strong>boee</strong></span> <span class='ocrx_word' id='word_1_373' title='bbox 2207 3174 2289 3223; x_wconf 75' lang='lat' dir='ltr'><strong>via</strong></span> <span class='ocrx_word' id='word_1_374' title='bbox 2310 3171 2493 3235; x_wconf 82' lang='lat' dir='ltr'><strong>incipi-</strong></span> 
     </span>
     <span class='ocr_line' id='line_1_53' title="bbox 1438 3246 2496 3318; baseline -0.006 -16"><span class='ocrx_word' id='word_1_375' title='bbox 1438 3253 1583 3314; x_wconf 83' lang='lat' dir='ltr'><strong>ebat,</strong></span> <span class='ocrx_word' id='word_1_376' title='bbox 1616 3253 1767 3304; x_wconf 79' lang='lat' dir='ltr'><strong>hodie</strong></span> <span class='ocrx_word' id='word_1_377' title='bbox 1785 3259 1927 3318; x_wconf 77' lang='lat' dir='ltr'><strong>porta</strong></span> <span class='ocrx_word' id='word_1_378' title='bbox 1947 3253 2022 3304; x_wconf 78' lang='lat' dir='ltr'><strong>del</strong></span> <span class='ocrx_word' id='word_1_379' title='bbox 2039 3252 2225 3317; x_wconf 73' lang='lat' dir='ltr'><strong>populo.</strong></span> <span class='ocrx_word' id='word_1_380' title='bbox 2293 3249 2375 3298; x_wconf 86' lang='lat' dir='ltr'><strong>De</strong></span> <span class='ocrx_word' id='word_1_381' title='bbox 2399 3246 2496 3297; x_wconf 75' lang='lat' dir='ltr'><strong>viis</strong></span> 
     </span>
     <span class='ocr_line' id='line_1_54' title="bbox 1436 3321 2495 3394; baseline -0.007 -16"><span class='ocrx_word' id='word_1_382' title='bbox 1436 3329 1729 3379; x_wconf 76' lang='lat' dir='ltr'><strong>sternendis</strong></span> <span class='ocrx_word' id='word_1_383' title='bbox 1743 3331 1853 3394; x_wconf 83' lang='lat' dir='ltr'><strong>jam</strong></span> <span class='ocrx_word' id='word_1_384' title='bbox 1874 3343 2034 3393; x_wconf 83' lang='lat' dir='ltr'><strong>supra</strong></span> <span class='ocrx_word' id='word_1_385' title='bbox 2070 3328 2126 3378; x_wconf 86' lang='lat' dir='ltr'><strong>in</strong></span> <span class='ocrx_word' id='word_1_386' title='bbox 2146 3324 2287 3378; x_wconf 88' lang='lat' dir='ltr'><strong>Julio</strong></span> <span class='ocrx_word' id='word_1_387' title='bbox 2313 3321 2495 3374; x_wconf 84' lang='lat' dir='ltr'><strong>nonni·</strong></span> 
     </span>
     <span class='ocr_line' id='line_1_55' title="bbox 1433 3404 2490 3459; baseline -0.005 -5"><span class='ocrx_word' id='word_1_388' title='bbox 1433 3404 1504 3454; x_wconf 84' lang='lat' dir='ltr'><strong>hil</strong></span> <span class='ocrx_word' id='word_1_389' title='bbox 1528 3420 1576 3455; x_wconf 85' lang='lat' dir='ltr'><strong>c.</strong></span> <span class='ocrx_word' id='word_1_390' title='bbox 1596 3409 1682 3454; x_wconf 78' lang='lat'><strong>44.</strong></span> <span class='ocrx_word' id='word_1_391' title='bbox 2476 3450 2490 3459; x_wconf 57' lang='grc'>,</span> 
     </span>
    </p>

    <p class='ocr_par' dir='ltr' id='par_1_11' title="bbox 1433 3469 2492 3623">
     <span class='ocr_line' id='line_1_56' title="bbox 1498 3469 2492 3541; baseline -0.013 -10"><span class='ocrx_word' id='word_1_392' title='bbox 1498 3479 1523 3513; x_wconf 72' lang='lat' dir='ltr'><strong>b</strong></span> <span class='ocrx_word' id='word_1_393' title='bbox 1552 3477 1796 3541; x_wconf 77' lang='lat' dir='ltr'><strong>Arimino]</strong></span> <span class='ocrx_word' id='word_1_394' title='bbox 1838 3477 2024 3528; x_wconf 61' lang='lat' dir='ltr'><strong>Remini</strong></span> <span class='ocrx_word' id='word_1_395' title='bbox 2042 3473 2263 3525; x_wconf 81' lang='lat' dir='ltr'><strong>munivit</strong></span> <span class='ocrx_word' id='word_1_396' title='bbox 2288 3479 2344 3522; x_wconf 87' lang='lat' dir='ltr'><strong>et</strong></span> <span class='ocrx_word' id='word_1_397' title='bbox 2367 3469 2492 3519; x_wconf 85' lang='lat' dir='ltr'><strong>alibi</strong></span> 
     </span>
     <span class='ocr_line' id='line_1_57' title="bbox 1433 3547 2460 3623; baseline -0.014 -15"><span class='ocrx_word' id='word_1_398' title='bbox 1433 3571 1588 3623; x_wconf 77' lang='lat' dir='ltr'><strong>quam</strong></span> <span class='ocrx_word' id='word_1_399' title='bbox 1615 3557 1669 3607; x_wconf 84' lang='lat' dir='ltr'><strong>in</strong></span> <span class='ocrx_word' id='word_1_400' title='bbox 1692 3556 1848 3606; x_wconf 82' lang='lat' dir='ltr'><strong>Italia</strong></span> <span class='ocrx_word' id='word_1_401' title='bbox 1870 3572 1882 3603; x_wconf 75' lang='grc' dir='ltr'><strong>ε</strong></span> <span class='ocrx_word' id='word_1_402' title='bbox 1921 3553 2039 3604; x_wconf 85' lang='lat' dir='ltr'><strong>vide</strong></span> <span class='ocrx_word' id='word_1_403' title='bbox 2059 3547 2460 3613; x_wconf 77' lang='lat' dir='ltr'><strong>Inscriptiones.</strong></span> 
     </span>
    </p>

    <p class='ocr_par' dir='ltr' id='par_1_12' title="bbox 1497 3620 2495 3695">
     <span class='ocr_line' id='line_1_58' title="bbox 1497 3620 2495 3695; baseline -0.013 -9"><span class='ocrx_word' id='word_1_404' title='bbox 1497 3642 1522 3669; x_wconf 60' lang='grc' dir='ltr'>θ</span> <span class='ocrx_word' id='word_1_405' title='bbox 1552 3631 1847 3695; x_wconf 75' lang='lat' dir='ltr'><strong>Munubiuli]</strong></span> <span class='ocrx_word' id='word_1_406' title='bbox 1870 3630 2009 3685; x_wconf 84' lang='lat' dir='ltr'><strong>Quid</strong></span> <span class='ocrx_word' id='word_1_407' title='bbox 2030 3625 2287 3679; x_wconf 63' lang='lat' dir='ltr'><strong>manubiae</strong></span> <span class='ocrx_word' id='word_1_408' title='bbox 2308 3623 2363 3673; x_wconf 85' lang='lat' dir='ltr'><strong>in</strong></span> <span class='ocrx_word' id='word_1_409' title='bbox 2384 3620 2495 3673; x_wconf 73' lang='lat' dir='ltr'><strong>Jul-</strong></span> 
     </span>
    </p>
   </div>
   <div class='ocr_carea' id='block_1_9' title="bbox 1434 3715 2493 3849">
    <p class='ocr_par' dir='ltr' id='par_1_13' title="bbox 1434 3715 2493 3849">
     <span class='ocr_line' id='line_1_59' title="bbox 1434 3715 2493 3849; baseline -0.009 -14"><span class='ocrx_word' id='word_1_410' title='bbox 1434 3715 1771 3849; x_wconf 51' lang='lat' dir='ltr'><strong>efssizmcu]</strong></span> <span class='ocrx_word' id='word_1_411' title='bbox 1807 3783 1947 3833; x_wconf 89' lang='lat' dir='ltr'><strong>Hinc</strong></span> <span class='ocrx_word' id='word_1_412' title='bbox 1978 3777 2199 3830; x_wconf 74' lang='lat' dir='ltr'><strong>Ovidius</strong></span> <span class='ocrx_word' id='word_1_413' title='bbox 2221 3777 2493 3825; x_wconf 72' lang='lat' dir='ltr'><strong>Fastorum</strong></span> 
     </span>
    </p>
   </div>
   <div class='ocr_carea' id='block_1_10' title="bbox 1435 3851 2493 4072">
    <p class='ocr_par' dir='ltr' id='par_1_14' title="bbox 1435 3851 2493 4072">
     <span class='ocr_line' id='line_1_60' title="bbox 1437 3851 2493 3926; baseline -0.017 -11"><span class='ocrx_word' id='word_1_414' title='bbox 1437 3879 1505 3915; x_wconf 76' lang='grc' dir='ltr'><strong>η.</strong></span> <span class='ocrx_word' id='word_1_415' title='bbox 1536 3865 1552 3892; x_wconf 91' lang='lat'>‘</span> <span class='ocrx_word' id='word_1_416' title='bbox 1574 3863 1898 3926; x_wconf 84' lang='lat' dir='ltr'><strong>Templorum</strong></span> <span class='ocrx_word' id='word_1_417' title='bbox 1931 3855 2149 3922; x_wconf 75' lang='lat' dir='ltr'><strong>positor,</strong></span> <span class='ocrx_word' id='word_1_418' title='bbox 2180 3851 2493 3916; x_wconf 81' lang='lat' dir='ltr'><strong>templorum</strong></span> 
     </span>
     <span class='ocr_line' id='line_1_61' title="bbox 1436 3926 2492 3994; baseline -0.014 -4"><span class='ocrx_word' id='word_1_419' title='bbox 1436 3947 1618 3990; x_wconf 77' lang='lat' dir='ltr'><strong>sancte</strong></span> <span class='ocrx_word' id='word_1_420' title='bbox 1660 3933 1927 3988; x_wconf 67' lang='lat' dir='ltr'><strong>refector!</strong></span> <span class='ocrx_word' id='word_1_421' title='bbox 2005 3932 2287 3994; x_wconf 81' lang='lat' dir='ltr'><strong>Ancyrano</strong></span> <span class='ocrx_word' id='word_1_422' title='bbox 2320 3926 2492 3992; x_wconf 79' lang='lat' dir='ltr'><strong>lapide</strong></span> 
     </span>
     <span class='ocr_line' id='line_1_62' title="bbox 1435 4002 2492 4072; baseline -0.014 -6"><span class='ocrx_word' id='word_1_423' title='bbox 1435 4017 1548 4066; x_wconf 74' lang='lat' dir='ltr'><strong>hoee</strong></span> <span class='ocrx_word' id='word_1_424' title='bbox 1569 4013 1740 4064; x_wconf 83' lang='lat' dir='ltr'><strong>omnia</strong></span> <span class='ocrx_word' id='word_1_425' title='bbox 1769 4016 2152 4064; x_wconf 83' lang='lat' dir='ltr'><strong>enumerantur,</strong></span> <span class='ocrx_word' id='word_1_426' title='bbox 2183 4020 2336 4072; x_wconf 85' lang='lat' dir='ltr'><strong>quem</strong></span> <span class='ocrx_word' id='word_1_427' title='bbox 2368 4002 2492 4054; x_wconf 79' lang='lat' dir='ltr'><strong>vide</strong></span> 
     </span>
    </p>
   </div>
   <div class='ocr_carea' id='block_1_11' title="bbox 1432 4087 2491 4230">
    <p class='ocr_par' dir='ltr' id='par_1_15' title="bbox 1432 4087 2491 4230">
     <span class='ocr_line' id='line_1_63' title="bbox 1432 4087 1861 4155; baseline -0.007 -14"><span class='ocrx_word' id='word_1_428' title='bbox 1432 4090 1487 4141; x_wconf 83' lang='lat' dir='ltr'><strong>in</strong></span> <span class='ocrx_word' id='word_1_429' title='bbox 1507 4091 1652 4141; x_wconf 79' lang='lat' dir='ltr'><strong>calce</strong></span> <span class='ocrx_word' id='word_1_430' title='bbox 1669 4087 1861 4155; x_wconf 80' lang='lat' dir='ltr'><strong>operis.</strong></span> 
     </span>
     <span class='ocr_line' id='line_1_64' title="bbox 1498 4156 2491 4230; baseline -0.016 -12"><span class='ocrx_word' id='word_1_431' title='bbox 1498 4174 1523 4201; x_wconf 61' lang='grc' dir='ltr'>θ</span> <span class='ocrx_word' id='word_1_432' title='bbox 1557 4164 1760 4230; x_wconf 64' lang='lat' dir='ltr'><strong>Cetium]</strong></span> <span class='ocrx_word' id='word_1_433' title='bbox 1793 4162 1933 4219; x_wconf 81' lang='lat' dir='ltr'><strong>Quid</strong></span> <span class='ocrx_word' id='word_1_434' title='bbox 1956 4161 2025 4215; x_wconf 76' lang='lat' dir='ltr'><strong>sit</strong></span> <span class='ocrx_word' id='word_1_435' title='bbox 2040 4159 2158 4212; x_wconf 85' lang='lat' dir='ltr'><strong>vide</strong></span> <span class='ocrx_word' id='word_1_436' title='bbox 2176 4159 2229 4210; x_wconf 88' lang='lat' dir='ltr'><strong>in</strong></span> <span class='ocrx_word' id='word_1_437' title='bbox 2250 4156 2357 4209; x_wconf 87' lang='lat' dir='ltr'><strong>Jul.</strong></span> <span class='ocrx_word' id='word_1_438' title='bbox 2374 4168 2491 4218; x_wconf 82' lang='lat' dir='ltr'><strong>cap.</strong></span> 
     </span>
    </p>
   </div>
   <div class='ocr_carea' id='block_1_12' title="bbox 1432 4246 1519 4295">
    <p class='ocr_par' dir='ltr' id='par_1_16' title="bbox 1432 4246 1519 4295">
     <span class='ocr_line' id='line_1_65' title="bbox 1432 4246 1519 4295; baseline -0.011 0"><span class='ocrx_word' id='word_1_439' title='bbox 1432 4246 1519 4295; x_wconf 72' lang='lat'><strong>84.</strong></span> 
     </span>
    </p>
   </div>
  </div>
 </body>
</html>
