3019 4922
458 347 589 426 118

457 519 541 575 ne
567 509 897 595 hospitem
941 513 1064 578 aut
1106 506 1542 590 negligentiae,
1593 510 1715 570 aut
1757 504 2146 571 rusticitatis
2176 504 2511 571 videretur
2552 524 2663 570 ar·-

462 633 682 696 guere.
770 609 931 691 [54]
962 610 1450 677 Abstinentiam
1483 631 1697 696 neque
1726 610 1795 674 in
1826 609 2151 694 imperiiS,
2175 629 2390 695 neque
2419 610 2655 675 in'ma-

462 716 895 801 gistratibus⁸
938 716 1278 801 praestitit.
1367 714 1463 780 Ut
1489 715 1668 779 enim
1700 712 1970 799 quidam
2015 713 2467 780 monumentis
2510 714 2653 778 suis

460 821 684 886 testati
714 824 886 898 sunt,
916 818 983 883 in
1008 817 1346 903 Hispania
1369 817 1865 883 Proconsule⁹⁸
1892 822 1961 886 et
1990 837 2030 882 a
2058 817 2267 882 sociis
2283 816 2302 853 ¹
2327 818 2654 902 pecunias

461 924 753 1007 accepit,
787 922 1243 988 emendicatas
1287 923 1357 987 in
1401 922 1727 988 auxilium
1751 930 1804 960 ¹0
1854 921 2008 987 aeris
2063 921 2290 999 alieni,
2344 926 2410 985 et
2461 921 2660 986 Lusi-

462 1032 767 1091 tanorum
790 1034 819 1061 ¹¹
863 1026 1177 1112 quaedam
1233 1024 1513 1111 oppida,
1554 1043 1934 1109 quanquam
1984 1043 2105 1088 nec
2157 1024 2489 1109 imperata
2512 1019 2515 1022 ’
2538 1025 2658 1090 'de-

461 1134 837 1208 trectarent,
870 1137 939 1195 et
969 1129 1344 1196 advenienti
1374 1135 1603 1213 portas
1635 1128 2135 1215 patefacerent,¹
2184 1128 2462 1211 diripuit
2501 1128 2659 1193 hos-

463 1234 691 1308 tiliter.
765 1233 848 1299 In
872 1234 1098 1299 Gallia
1125 1233 1287 1299 sana
1318 1233 1695 1319 templaque
1720 1234 1939 1306 Deum
1973 1233 2164 1298 donis
2190 1230 2433 1297 referta
2461 1233 2659 1316 expi-

461 1336 683 1416 lavit,‘
704 1338 903 1403 urbes
932 1337 1148 1415 diruit,
1180 1338 1434 1421 saepius
1463 1338 1550 1403 ob
1581 1337 1902 1423 praedam,
1933 1356 2137 1423 quam
2166 1338 2253 1411 ob
2286 1335 2607 1400 delictum
2639 1355 2657 1400 t

465 1441 644 1505 unde
673 1441 951 1519 sactum,
996 1446 1072 1505 ut
1101 1460 1261 1512 auro
1291 1442 1679 1521 abundaret,
1711 1442 2086 1527 ternisque³
2143 1440 2439 1504 millibus
2468 1458 2658 1514 num-

462 1562 642 1607 mum
675 1544 746 1608 in
770 1544 979 1609 libras
1007 1546 1459 1628 promercalev
1487 1566 1608 1630 per
1630 1545 1904 1612 Italiam
1933 1544 2451 1630 provinciasque
2484 1542 2660 1608 divi-

466 1645 702 1710 deret.4
749 1645 830 1711 In
860 1648 1077 1731 primo
1111 1648 1463 1714 consulatu
1491 1649 1622 1714 tria
1646 1648 1854 1714 millia
1878 1646 2101 1733 pondo
2123 1646 2267 1711 auri
2288 1644 2550 1710 furatus
2583 1650 2657 1709 οἳ

1321 360 1386 408 Ο.
1434 357 1723 409 ΒυΕΤΟΝ
1740 358 1793 406 11

1379 1814 1742 1850 ‘anemos-o

463 1911 620 1963 Vind.
660 1916 711 1962 2.
755 1913 901 1964 Cort.
939 1914 1101 1965 Polit.
1139 1913 1196 1964 in
1230 1929 1390 1978 marg.
1435 1916 1534 1967 Ed.
1579 1914 1795 1965 Mediol.
1839 1914 2075 1978 adpetisse
2109 1911 2399 1962 scribae—8
2426 1911 2563 1980 Neq.
2606 1912 2660 1961 ἐπ

460 1991 590 2039 mag.
624 1993 673 2027 n.
713 1980 765 2028 in
802 1980 995 2043 imperio
1034 1980 1202 2030 Rhed.
1242 1985 1390 2030 2.-9
1424 1982 1508 2032 Sic
1552 1980 1850 2031 emendavit
1881 1979 2100 2030 Casaub.
2132 1993 2286 2043 quem
2326 1978 2493 2026 secuti
2537 1985 2662 2027 snnt

465 2041 608 2092 Oud.
645 2044 766 2094 Ern.
788 2045 972 2094 Burm.
1007 2046 1225 2109 Baumg.
1251 2046 1502 2097 Walther.
1535 2062 1651 2097 cum
1687 2045 1830 2097 Med.
1855 2051 1900 2095 l.
1924 2049 1973 2094 3.
2040 2043 2287 2094 Praetulit
2324 2041 2479 2093 Wolf.
2517 2043 2663 2106 vulg.

461 2106 743 2158 lectionem
775 2125 806 2159 a
846 2110 1069 2161 Procons.
1111 2127 1261 2177 quam
1296 2112 1501 2162 firmare
1537 2113 1675 2162 nisus
1715 2119 1796 2163 est
1827 2126 1891 2161 ex
1937 2111 2150 2174 Longol.
2183 2109 2408 2172 Guelpb.
2431 2112 2482 2158 2.
2549 2108 2664 2157 De-

463 2171 576 2221 lent
629 2182 802 2224 tamen
854 2176 1272 2240 praepositionem
1323 2178 1463 2240 Lips.
1506 2178 1683 2228 Graev.
1731 2185 1787 2227 et
1846 2175 2113 2226 Drakenb.
2160 2174 2222 2224 ad
2272 2173 2385 2223 Liv.
2433 2174 2522 2222 lib.
2569 2186 2658 2223 Χῖ..

461 2251 582 2302 cap.
608 2243 689 2288 39.
777 2239 955 2291 Habet
1002 2242 1212 2291 Memm.
1256 2244 1308 2291 in
1351 2244 1498 2307 Hisp.
1536 2242 1799 2308 proconsul,
1844 2241 1977 2306 qnod
2033 2255 2131 2291 nec
2174 2240 2417 2303 displicet
2462 2239 2662 2288 Ero.—

462 2306 526 2351 10
559 2303 758 2355 Auxilio
790 2306 943 2357 Huls.
980 2305 1205 2358 Inferius
1237 2310 1560 2360 detractarent
1598 2309 1832 2359 Harlem.
1870 2307 2029 2356 vind.
2069 2310 2115 2356 l.
2152 2305 2287 2356 Edd.
2325 2306 2473 2354 Rom.
2507 2303 2662 2354 eald.

461 2368 775 2420 Mediol.—l
812 2372 882 2420 Et
912 2375 1023 2422 adv.
1044 2389 1093 2436 p.
1119 2379 1223 2438 pat.
1293 2374 1427 2424 Haec
1449 2375 1640 2425 desunt
1673 2374 1787 2424 cod.
1813 2372 1962 2422 Huls.
1996 2372 2135 2422 Dein
2158 2372 2211 2420 in
2238 2371 2449 2420 Galliam
2471 2369 2667 2433 Copes.

464 2440 519 2483 et
541 2435 905 2501 temp-fanoque
925 2438 1080 2489 vind.
1106 2444 1152 2490 1.
1176 2439 1264 2490 alii
1284 2439 1558 2503 phanum—2
1591 2435 1865 2505 Explicavit
1887 2438 2066 2503 Cujac.
2086 2436 2341 2502 expoliavit
2379 2435 2520 2486 Med.
2545 2440 2596 2487 3.
2613 2443 2667 2487 et

460 2504 628 2564 marg.
663 2502 763 2551 Ed.
786 2502 1097 2555 Mediol.—-3
1130 2507 1364 2568 Legebat
1385 2509 1576 2570 Egnat.
1609 2508 1958 2571 quatentisque,
1992 2504 2128 2569 quod
2165 2504 2323 2552 etiam
2363 2503 2414 2551 in
2448 2503 2664 2566 quibu&

461 2566 580 2614 dam
617 2567 841 2618 membb.
874 2568 1074 2619 invenit
1107 2570 1329 2621 Casaub.
1391 2574 1522 2622 Tum
1561 2573 1615 2622 in
1652 2573 1768 2623 Ital.
1801 2571 1977 2620 Periz.
2004 2570 2238 2619 Har-lem.
2265 2567 2426 2617 Vind.
2451 2573 2499 2618 1.
2524 2568 2663 2617 Edd.

462 2630 597 2681 Ven.
634 2639 702 2701 tr.
735 2633 868 2685 Bon.
906 2634 1122 2687 Mediol.
1160 2637 1330 2698 Paris,
1366 2644 1422 2688 et
1456 2652 1555 2688 non
1596 2645 1790 2689 temere
1826 2635 2163 2700 rejiciendum
2201 2641 2380 2683 censet
2413 2634 2668 2683 Bur-m.—

461 2699 494 2744 4
527 2696 818 2749 Divenderet
839 2699 1052 2751 Memm.
1076 2701 1222 2753 Med.
1242 2703 1361 2766 duo,
1383 2703 1540 2755 vind.
1572 2708 1624 2754 2.
1648 2702 1793 2753 Cort.
1818 2701 1991 2752 Periz.
2023 2701 2219 2764 Copes.
2237 2700 2472 2750 Harlem.
2513 2699 2668 2749 Huls.

463 2766 521 2836 et
539 2762 671 2811 Edd.
697 2778 874 2814 omnes
892 2773 1015 2815 ante
1035 2767 1186 2816 Tor-r.
1211 2776 1405 2831 praeter
1428 2770 1576 2820 Rom.
1612 2768 1864 2832 probante
1888 2769 2066 2817 Burm.
2121 2764 2223 2815 Sed
2243 2781 2272 2815 e
2291 2772 2515 2830 quatuor
2537 2764 2669 2814 Mss.

463 2826 704 2903 divideret
726 2831 899 2893 potius
934 2831 1209 2893 legendum
1233 2836 1395 2884 suasit
1414 2836 1560 2884 Torr.
1585 2833 1744 2899 idque
1769 2839 2084 2895 receperunt
2107 2830 2330 2882 casaub.
2354 2830 2538 2881 Graev.
2563 2829 2669 2879 Po·

462 2890 540 2939 lrt.
563 2893 706 2957 Ltps.
730 2895 960 2945 Gronov.
977 2896 1138 2947 Wolf.
1163 2898 1369 2950 Ruhnk.
1394 2906 1448 2949 et
1468 2898 1608 2951 Oud.
1629 2915 1745 2950 cum
1775 2898 1922 2949 Med.
1946 2902 1995 2948 3.
2017 2897 2177 2947 Vind.
2201 2900 2342 2947 1.—5
2376 2894 2667 2955 Fouc.sur.

1452 3045 1666 3100 NOTAE

526 3144 544 3169 ⁸
566 3137 873 3202 Proconsule]
896 3138 1021 3203 Qui,
1043 3130 1310 3207 gesto'per
1331 3158 1519 3195 annum
1600 3160 1718 3209 cap.
1764 3150 1817 3196 4.
1882 3145 2099 3196 relatum
2155 3148 2254 3205 est,
2301 3141 2668 3206 assignandos.

458 3215 513 3264 in
538 3214 667 3265 urbe
691 3218 983 3281 consulatu,
1004 3220 1320 3281 provinciam
1353 3222 1520 3273 altero
1601 3222 1732 3274 Quae
1752 3222 2025 3287 proportio
2045 3222 2198 3286 longe
2223 3217 2483 3269 abfuisset
2500 3234 2533 3270 a
2550 3234 2669 3269 nos-

461 3305 596 3341 anno
633 3292 913 3355 regendam
947 3294 1281 3360 sortiebatur,
1317 3297 1361 3347 is
1403 3313 1518 3362 pro·
1600 3305 1714 3362 tra3
1739 3307 1821 3349 est
1843 3299 1976 3349 enim
2003 3298 2114 3348 anri
2137 3296 2200 3346 ad
2237 3303 2513 3360 argentum
2540 3311 2669 3362 qua·

460 3370 643 3419 consul
675 3369 965 3437 dicebatur,
1001 3379 1061 3422 ut
1093 3372 1162 3423 de
1205 3377 1518 3439 praetoribus

459 3461 618 3511 supra
641 3461 759 3511 cap.
787 3452 865 3499 14.
957 3446 962 3453 ’

525 3524 541 3555 t
572 3523 749 3588 Sociis]
786 3525 1049 3592 Hispanis,
1070 3529 1259 3594 populo
1282 3529 1531 3606 Romano=

459 3599 659 3652 foedere
678 3596 893 3668 junctis.

523 3687 546 3712 ¹¹
578 3680 935 3744 Lusitanorum]
969 3682 1142 3733 Hodie
1164 3685 1440 3749 Portugais.

519 3764 544 3787 V
579 3756 831 3822 Ter-nisque
866 3759 1074 3809 millibus
1103 3776 1155 3811 n.
1183 3762 1220 3811 i.
1242 3763 1274 3810 1.
1304 3778 1515 3827 promer-

454 3832 581 3896 cale]
615 3834 732 3885 Hoc
756 3843 856 3898 est,
887 3837 1212 3888 vendendum
1250 3841 1388 3892 1311.
1424 3847 1512 3891 5s.

365 3962 374 3971 ⁵
455 3917 647 3960 nostrae
672 3919 895 3962 monetae
930 3915 984 3963 in
1015 3916 1171 3966 libras
1193 3917 1304 3967 auri
1338 3919 1514 3982 singu·

455 3988 551 4047 las,
573 4001 676 4052 qua
709 3990 1042 4051 proportione
1076 4001 1279 4056 septem
1311 3995 1515 4059 argenti

455 4062 605 4113 librae
647 4068 703 4113 et
739 4063 929 4114 selibra
963 4067 1051 4115 nni
1083 4083 1258 4118 aureae
1292 4072 1515 4137 aequiva-

457 4138 669 4196 luerint,
703 4138 800 4190 boc
839 4141 975 4191 enim
1012 4141 1265 4196 duntaxat
1308 4149 1515 4212 argenti

455 4214 656 4280 pondus
677 4215 930 4281 invenias,
945 4218 986 4268 si
1007 4218 1154 4270 libris
1170 4221 1380 4288 singulis
1394 4229 1511 4278 400.

453 4306 702 4353 nummos,
712 4294 976 4346 sestertios
998 4295 1249 4363 assignes,
1273 4304 1329 4349 ut
1352 4315 1511 4367 supra

1599 3383 1719 3426 tuor
1741 3376 1977 3443 decupla,
1996 3380 2087 3426 aut
2108 3381 2167 3424 ut
2184 3373 2448 3423 minimum
2470 3373 2675 3424 duode-

1598 3455 1781 3520 cupla:
1805 3470 1907 3505 non
1926 3454 2086 3519 igitur
2100 3453 2234 3502 male
2249 3453 2544 3515 suspicatus
2561 3450 2676 3500 fue·

1596 3532 1665 3581 rit
1688 3533 1894 3598 aliquis,
1909 3538 2001 3581 aut
2014 3529 2395 3591 abundantiam,
2415 3536 2510 3578 aut
2526 3526 2709 3578 forte*
2756 3550 2765 3553 -

1597 3609 2007 3664 crassitudinem,
2031 3621 2216 3671 nempe
2238 3612 2459 3670 propter
2479 3620 2555 3655 aes
2580 3607 2673 3655 ad-

1597 3686 1833 3747 mixtum,
1874 3685 2090 3734 vilitatis
2145 3696 2353 3732 causam
2400 3683 2671 3732 extitisse.

1594 3761 1804 3812 Invenit
1844 3762 2237 3837 quaternislpro
2282 3761 2434 3810 ternis
2471 3760 2675 3811 Casan-

1592 3839 1775 3902 bonus,
1821 3839 1957 3904 quod
1980 3844 1983 3847 '
2009 3839 2164 3902 longe
2203 3837 2372 3898 abest,
2418 3844 2482 3887 ut
2518 3854 2673 3889 acce-

1593 3915 1743 3967 deret
1786 3915 1850 3965 ad
1883 3917 2081 3980 justam
2123 3914 2236 3963 auri
2281 3929 2395 3964 cum
2443 3924 2672 3979 argento

1592 3994 1998 4058 proportionem.
2080 3990 2338 4040 Martialis
2382 3991 2526 4040 enim
2575 3992 2670 4042 lib.

1594 4084 1684 4122 ιιι.
1705 4072 1861 4136 Epig.
1887 4074 1970 4119 62.
1996 4067 2160 4133 pluris
2182 4073 2368 4115 emtam
2400 4081 2433 4115 a
2460 4068 2671 4120 Quinto

1593 4155 1738 4199 notat
1780 4146 1986 4212 argenti
2029 4146 2233 4205 libram,
2274 4145 2291 4173 ‘
2318 4143 2480 4194 Libra
2522 4147 2668 4212 quod

1591 4226 1795 4292 argenti
1831 4224 1994 4275 millia
2031 4222 2260 4291 quinque
2305 4220 2484 4288 rapit?
2555 4223 2667 4273 Sed

1590 4304 1862 4370 prodigum
1893 4298 2142 4355 Quintum
2175 4300 2343 4362 notat,
2377 4304 2476 4349 aut
2513 4300 2678 4352 caela-
