3019 4922
306 537 569 622 juvenis
631 537 898 602 nomine
941 538 1374 621 asperrimam
1419 540 1501 604 de
1547 560 1620 603 se
1646 549 1664 578 ¹
1723 540 2080 623 epistolam
2129 540 2198 604 in
2256 542 2497 624 vulgus

317 641 676 721 edidisset3
710 641 819 704 hic
849 642 1157 705 convivio
1181 642 1384 723 pleno
1407 644 1916 724 proclamasset,
1947 647 1968 677 ‘
1991 642 2235 728 Neque
2266 655 2499 709 votum

317 744 443 807 sibi
492 763 716 826 neque
770 744 1061 807 animum
1125 739 1357 809 deesse
1417 746 1837 810 confodiendi
1881 744 2079 810 eum.'
2189 744 2502 823 Quadam

314 865 469 910 vero
503 846 934 929 cognitione,v
980 866 1132 911 cum
1176 848 1454 912 AEmilio
1500 848 1770 912 AEliano
1817 847 2288 912 Cordubensiw
2335 849 2502 911 inter

316 956 531 1014 cetera
560 949 839 1013 crimina
866 949 976 1012 vel
1005 951 1295 1014 maxime
1328 950 1755 1033 objiceretur,
1786 950 1971 1033 quod
2001 950 2174 1018 male
2205 950 2500 1033 opinari¹

316 1052 392 1115 de
442 1050 713 1116 Caesare
756 1051 1082 1131 soleret;²
1127 1071 1482 1116 conversus
1523 1050 1609 1116 ad
1642 1057 2117 1128 accusatorem,
2145 1059 2503 1116 commoto-

316 1174 436 1237 que
485 1154 750 1230 similiS,
803 1152 1116 1231 ‘Velim,’
1170 1156 1403 1237 iuquit,
1463 1153 1637 1219 ‘hoc
1686 1154 1848 1218 mihi
1894 1154 2180 1237 probes:
2230 1153 2498 1231 faciam,

317 1256 481 1320 sciat
509 1257 846 1335 AElianuS,
898 1264 968 1321 et
1010 1277 1116 1321 me
1160 1257 1452 1339 linguam
1500 1258 1777 1338 habere3
1836 1258 2028 1340 plura
2060 1257 2229 1319 enim
2262 1255 2343 1319 de
2372 1264 2499 1320 eo³

314 1358 585 1441 loquar.’
669 1359 821 1424 Nec
846 1360 1207 1442 quicquam
1235 1359 1423 1437 ultra,
1456 1364 1570 1423 aut
1599 1360 1819 1423 statim
1850 1366 1967 1423 aut
1988 1365 2256 1441 postea,
2281 1357 2499 1440 inqui-

315 1461 563 1524 sivit.⁴³'
650 1461 925 1525 Tiberio
979 1480 1246 1544 quoque
1294 1460 1375 1524 de
1427 1460 1662 1524 eadem
1723 1480 1815 1537 re,
1867 1460 1986 1524 sed
2039 1460 2499 1535 violentiuS,⁵²

233 1574 240 1580 ·
318 1563 491 1645 apud
522 1582 596 1626 se
624 1584 743 1646 per
773 1564 1126 1648 epistolam
1154 1564 1610 1646 conquerenti,
1644 1564 1737 1627 ita
1764 1564 2142 1646 rescripsit:
2193 1567 2213 1597 ‘
2236 1561 2453 1626 AEtati
2470 1559 2501 1602 ⁶

316 1672 498 1743 tuae,⁸
524 1666 617 1730 mi
641 1666 885 1744 Tiberi,
908 1667 1044 1731 noli
1069 1668 1138 1730 in
1169 1667 1294 1731 hac
1325 1686 1398 1731 re
1417 1668 1787 1749 indulgere,
1813 1671 1883 1731 et
1902 1666 2177 1730 nimium
2205 1664 2499 1747 indigna-

1199 394 1595 445 OCTAVIUS.

1225 1863 1584 1886 000000000000

311 1979 547 2030 emendat
569 1980 778 2030 leni.-1
820 1981 899 2029 De
920 1997 972 2029 eo
994 1981 1148 2032 vind.
1172 1986 1216 2031 1.
1240 1981 1436 2032 Medic.
1460 1987 1507 2032 2.
1533 1982 1675 2032 Cort-
1703 1981 1868 2032 Periz.
1895 1981 2124 2031 Harlem.
2148 1979 2262 2042 Cuj.
2287 1984 2341 2029 et
2359 1976 2495 2028 Edd.

313 2048 439 2095 Ven.
470 2046 602 2096 Bon.
635 2045 779 2095 Med.
813 2047 1046 2110 aliaeque.
1112 2048 1238 2097 Mox
1264 2063 1437 2109 magno
1458 2063 1592 2096 conv.
1612 2050 1747 2111 pleno
1767 2047 1962 2096 Medic.
1984 2051 2030 2095 1.
2054 2056 2108 2095 et
2128 2060 2274 2107 neque
2294 2045 2497 2093 amicum

309 2111 397 2158 sibi
419 2111 576 2161 Vind.
601 2115 748 2161 1.-2
783 2111 972 2160 Solebat
1008 2113 1143 2161 Ven.
1178 2120 1281 2162 tres
1318 2112 1464 2162 Med.
1501 2112 1650 2161 Cald.
1686 2112 1855 2161 Paris.
1919 2113 2086 2174 Supra
2109 2110 2315 2158 Heliano
2344 2111 2496 2159 Rom.

311 2176 482 2223 Eliano
503 2176 724 2224 Bas.—3
750 2176 831 2224 Pl.
853 2179 911 2225 de
932 2193 984 2225 eo
1005 2178 1128 2225 enim
1150 2178 1320 2228 Periz.
1345 2177 1577 2226 Harlem.
1602 2176 1735 2227 Edd.
1756 2179 1891 2226 Ven.
1915 2177 2056 2227 Med.
2081 2175 2327 2225 enlm—4
2354 2174 2497 2224 Oud.

310 2240 524 2303 inquisiit
549 2241 833 2302 rescripsit,
858 2243 1170 2291 auctoritate
1199 2244 1411 2292 Memm.
1446 2242 1644 2292 Medic.
1666 2246 1713 2292 2.
1737 2245 1784 2290 3.
1822 2244 1968 2291 Voss.
2002 2256 2118 2290 cum
2154 2255 2313 2303 marg.
2346 2240 2494 2288 Torr.

311 2319 457 2368 quem
481 2313 688 2354 secutus
715 2302 865 2355 Wolf.
931 2306 1062 2355 Tota
1086 2308 1327 2368 periodus
1359 2322 1444 2357 nec
1476 2310 1667 2370 quam.
1701 2307 1922 2369 inquisiv.
1957 2306 2102 2355 abest
2134 2305 2252 2354 Pin.
2273 2306 2498 2356 Pone.—

312 2375 339 2417 5
362 2369 533 2419 Sedulo
553 2370 747 2419 violent.
770 2370 974 2420 Viterb.
1000 2372 1118 2421 Lisl.
1140 2372 1255 2422 Pal.
1281 2380 1390 2421 tres
1414 2372 1513 2423 Ed.
1535 2372 1718 2433 Camp.
1740 2373 1895 2420 sedulo
1912 2373 2084 2420 lentius
2102 2371 2233 2436 Mss.
2256 2369 2427 2418 Pulm.
2445 2376 2500 2417 et

313 2434 447 2484 Pith.
465 2449 583 2485 cum
602 2434 814 2485 Memm.
834 2435 953 2485 Pin.
966 2436 1112 2486 Voss.
1130 2438 1246 2501 Cuj.
1280 2438 1575 2502 Utrumque
1594 2436 1866 2487 delendum
1877 2435 2135 2501 judicavit
2150 2436 2299 2485 Torr.
2314 2434 2494 2483 Burm.

313 2501 490 2550 maluit
512 2515 541 2549 e
564 2507 747 2549 contra
769 2500 976 2563 legend.
995 2504 1168 2566 sedulo,
1184 2505 1267 2553 sed
1285 2504 1398 2553 υἱοὶ.
1434 2504 1721 2565 Receptam
1745 2503 1867 2551 lect.
1891 2516 1920 2549 e
1939 2502 2054 2551 cod.
2079 2500 2252 2563 Ursini
2272 2499 2501 2562 reposuit

314 2564 563 2616 Grau—6
597 2566 781 2615 Pietati
800 2571 897 2615 tuce
920 2565 1062 2617 Pith.
1101 2568 1228 2618 Mox
1250 2571 1342 2632 loq.
1365 2569 1486 2618 oncle
1512 2568 1746 2618 Harlem.
1774 2566 1924 2616 vind.
1951 2570 1995 2614 1.
2020 2565 2153 2614 Edd.
2178 2566 2326 2614 Rom.
2350 2563 2496 2613 Med.

630 2733 657 2751 ⁹
1301 2731 1517 2783 NOTAE

312 2845 409 2895 quo
430 2828 568 2879 infra
588 2835 644 2879 et
667 2830 717 2879 in
737 2830 946 2881 Tiberio
968 2832 1134 2895 plura.

371 2913 395 2937 v
433 2905 737 2969 Cognitione]
775 2907 943 2956 Causa
987 2907 1038 2955 in
1084 2922 1186 2972 qua
1224 2907 1365 2971 prin·

313 2995 433 3045 ceps
455 2982 567 3046 ipse
592 2982 921 3046 judicaturus
946 2984 1179 3034 sedebat.
1228 2985 1362 3034 Vide

308 3057 439 3107 iufra
462 3058 516 3107 in
539 3057 721 3107 Claud.
747 3061 826 3107 15.
848 3066 901 3108 et
924 3059 1062 3108 alibi.

372 3141 415 3195 w·
440 3134 756 3198 Cordubensi]
815 3135 1055 3184 Corduba
1101 3136 1362 3187 ulterioris

309 3210 577 3274 Hispaniae
603 3211 804 3271 civitas,
826 3212 1134 3261 Senecarum
1165 3213 1360 3277 origiue

308 3285 530 3352 inclyta3
565 3287 718 3336 hodie
747 3290 975 3338 Cordoue.

369 3371 395 3396 ¹
433 3365 663 3427 opinari]
702 3364 816 3414 Hoc
841 3365 1052 3414 verbum
1084 3380 1187 3415 non
1210 3366 1362 3415 modo

306 3440 564 3505 siguificat
586 3440 744 3488 tacite
769 3440 957 3503 aliquid
982 3441 1119 3488 intra
1157 3455 1214 3489 se
1250 3454 1363 3489 sen-

1444 2833 1630 2883 tulere.

1507 2919 1530 2944 ²
1562 2909 1659 2959 Sed
1680 2907 1883 2973 [sedulo]
1919 2903 2192 2968 violentius]
2223 2904 2494 2954 Turnebus

1442 2985 1666 3035 Advers.
1705 2984 1795 3034 lib.
1828 2978 1985 3032 x‘xrv.
2023 2997 2136 3044 cap.
2161 2987 2239 3032 15.
2274 2987 2497 3031 testatur

1443 3069 1675 3112 veterem
1711 3063 2019 3126 scripturam
2050 3073 2164 3109 esse
2208 3061 2364 3109 sedulo
2401 3061 2500 3109 len-

1443 3140 1560 3200 tius,
1581 3138 1720 3202 quod
1744 3147 1800 3188 et
1824 3139 1875 3187 iu
1900 3152 1992 3186 suo
2014 3138 2269 3199 scriptum
2298 3135 2499 3199 legerat

1444 3219 1636 3267 Petrus
1659 3218 1913 3281 Pithoeus,
1936 3225 1990 3266 et
2015 3217 2370 3280 conjecturam
2406 3214 2498 3264 ad-

1406 3328 1417 3349 ,
1436 3297 1644 3359 jecerat
1705 3294 1963 3358 εὐστόχως,
2020 3295 2094 3344 ait
2149 3292 2499 3353 casaubonus,

1444 3385 1753 3434 prorsusque
1774 3370 1926 3431 bene,
1948 3377 2133 3433 utpote
2151 3384 2302 3433 quam
2326 3367 2500 3416 Ursini

1446 3454 1713 3495 asseruere
1734 3454 1937 3495 veteres
1958 3444 2075 3493 libri
2097 3460 2110 3492 :
2142 3446 2226 3493 sed
2244 3443 2499 3492 violentius

307 3519 426 3579 tire,
448 3517 586 3582 quod
608 3515 812 3565 Graecis
835 3525 915 3564 est
935 3515 1156 3578 δοξάζειν,
1178 3524 1232 3565 et
1255 3514 1367 3577 δόξα
1445 3530 1617 3571 tamen
1640 3521 1831 3570 habent
1849 3520 2054 3570 Viterb.
2078 3525 2132 3567 et
2161 3517 2355 3579 Lislaei‚
2386 3517 2504 3567 alii--

305 3594 480 3656 opinio,
502 3591 594 3642 sed
618 3594 772 3641 etiam
797 3593 933 3657 quod
957 3595 1148 3642 sentias
1172 3593 1363 3656 eloqui,

308 3672 442 3737 quod
480 3670 636 3720 iidem
660 3669 1074 3733 Graecrnpnass’ew
1097 3670 1364 3731 dixerunt,

305 3756 359 3798 et
377 3747 511 3811 φήμη
525 3747 682 3810 opinio
704 3748 956 3807 seusama.
990 3746 1109 3797 Hoc
1126 3748 1237 3809 ipso
1250 3760 1363 3794 seu-

306 3841 361 3874 su
387 3824 524 3874 infra
546 3838 664 3887 cap.
688 3828 770 3874 67.
794 3830 849 3872 et
870 3823 924 3872 iu
951 3823 1113 3886 Calig.
1136 3827 1218 3872 27.
1273 3822 1363 3870 Sic

304 3911 480 3953 tamen
525 3903 579 3950 in
619 3900 828 3950 Tiberio
864 3915 912 3949 c.
941 3905 1022 3949 26.
1054 3901 1069 3927 ‘
1094 3897 1268 3948 meus'
1306 3905 1364 3948 et

305 3986 320 4009 ³
345 3978 549 4043 lingua'
621 3982 969 4041 opponuntur,
1035 3976 1363 4041 quemadmo-

308 4059 443 4115 dum,
468 4058 518 4107 ui
542 4055 719 4116 fallor,
753 4055 806 4103 iu
840 4054 1047 4104 Tiberio
1083 4069 1285 4120 quoque
1317 4068 1362 4103 c.

307 4140 386 4185 39.
422 4137 438 4164 ‘
463 4133 665 4197 opinio’
692 4124 746 4182 e't
777 4130 1009 4181 ‘sermm’

365 4223 388 4256 ἵ
418 4210 697 4276 [aquisivit]
728 4210 959 4259 Verbum
992 4210 1104 4264 hoc,
1139 4209 1190 4257 in
1219 4209 1361 4272 judi-

309 4291 398 4341 ciis
421 4298 627 4353 uatum,
641 4287 706 4338 ad
728 4289 828 4338 alia
850 4289 1173 4353 postmodum
1198 4294 1361 4338 traus-

1441 3612 1543 3662 que
1565 3596 1795 3660 codices,
1817 3602 1872 3645 et
1894 3596 2058 3658 prima
2086 3593 2263 3643 editio.

1507 3681 1533 3707 ²¹
1554 3672 1716 3722 AEtati
1737 3671 1857 3733 tuae]
1883 3670 2045 3722 Quasi
2066 3665 2371 3717 credidisset
2390 3666 2497 3717 Au·

1445 3757 1624 3816 gustus
1647 3748 2004 3799 crudelitatem
2028 3745 2184 3799 illam,
2204 3757 2318 3806 quae
2341 3743 2392 3790 in
2413 3743 2502 3792 'ri-

1442 3827 1588 3876 berio
1619 3826 1730 3889 jam
1774 3823 1895 3872 iude
1941 3821 2005 3870 ab
2047 3817 2398 3867 adolescentia
2439 3831 2496 3867 se

1443 3903 1715 3967 prodebat,
1738 3900 1904 3950 aetatis
1928 3895 2097 3962 potius
2122 3907 2273 3957 quam
2296 3899 2496 3943 naturas

1443 3980 1622 4029 vitium
1662 3991 1794 4036 esse,
1827 3972 2081 4035 exemplo,
2113 3978 2174 4020 ut
2206 3970 2280 4019 ait
2301 3971 2496 4020 Casan-

1442 4057 1628 4119 bonus,
1655 4068 1765 4115 suo,
1789 4052 1875 4116 qui
1900 4048 2105 4114 juvenis
2128 4048 2291 4098 multa
2310 4045 2495 4097 crude·

1440 4133 1566 4181 liter
1587 4130 1805 4180 fecerat.
1870 4125 1974 4175 Sed
2004 4126 2151 4189 louge
2172 4124 2324 4173 aliter
2345 4123 2410 4175 de
2434 4137 2497 4175 eo

1443 4209 1684 4274 opinatus
1708 4204 1914 4257 videtur
1929 4203 2102 4255 Tiber.
2124 4217 2172 4254 c.
2186 4206 2269 4253 21.
