3019 4922
490 417 625 484 244

1359 429 1424 476 0.
1465 426 1557 476 SU
1567 425 1754 476 EToN
1768 426 1821 474 11

494 578 712 644 millia
729 575 750 616 f
788 575 1013 661 pondo
1043 574 1210 652 auri,
1237 591 1662 656 gemmasque
1690 591 1771 636 ac
1800 570 2192 653 margaritas
2223 573 2685 656 quingenties⁸

490 680 812 745 HS.-una
835 679 1208 743 donatione
1236 674 1611 741 contulerit.
1698 671 1866 757 [31]
1909 672 2286 755 Postquam
2319 693 2474 740 vero
2515 695 2685 761 pon*

494 783 822 847 tificatum
844 779 873 817 ¹¹
901 780 1289 856 maximum,
1321 781 1895 860 quem-nunquam
1915 775 2074 840 vivo
2104 775 2370 860 Lepido
2402 777 2687 854 auferres?

493 886 922 960 sustinuerat,
950 889 1219 946 mortuo
1265 878 1532 943 demum
1554 886 1608 918 ¹0
1650 877 1979 961 suscepit,
2008 878 2330 962 quicquid
2373 879 2686 945 fatidico·-

497 1005 645 1050 rum
663 982 691 1022 ¹³
732 985 1050 1049 librorum
1083 981 1311 1047 Graeci
1341 978 1699 1063 Latinique
1725 980 2007 1062 generiS,
2052 980 2255 1044 nullis
2286 981 2396 1046 vel
2441 1001 2686 1065 parum

497 1086 759 1151 idoneis
788 1084 1202 1162 auctoribuS,
1229 1080 1435 1164 vulgo
1464 1081 1820 1159 ferebatur,
1865 1101 2075 1166 supra
2103 1081 2239 1146 duo
2279 1081 2494 1149 millia
2522 1102 2687 1148 con-

496 1192 715 1251 tracta
745 1185 1035 1271 undique
1063 1184 1422 1251 cremavit:
1468 1202 1548 1247 ac
1581 1176 1763 1247 solos
1789 1184 2062 1249 retinuit
2106 1182 2514 1268 Sibyllinos3
2558 1184 2685 1250 hos

489 1308 771 1373 quoque
799 1288 1042 1354 dilectu
1061 1297 1080 1327 ¹
1113 1287 1386 1365 habito;
1430 1284 1866 1368 condiditque
1888 1285 2150 1353 duobus
2177 1282 2449 1350 forulis¹
2489 1305 2686 1352 aura-

1400 1466 1460 1487 ‘0
1466 1465 1618 1488 ”m

1622 1467 1772 1487 OM

494 1568 640 1627 Qud.
662 1569 785 1617 Ern.
809 1575 864 1617 et
887 1569 992 1619 alii.
1058 1570 1227 1634 Vulgo
1250 1570 1522 1634 legebatur
1542 1575 1664 1619 ante
1684 1574 1846 1632 utpote
1864 1567 1962 1632 qui.
2026 1568 2166 1617 Dein
2196 1567 2431 1616 sexdecim
2451 1567 2685 1616 nonnulli

496 1633 649 1685 codd.
667 1642 722 1682 et
741 1632 875 1683 Edd.
900 1640 955 1683 et
974 1636 1183 1685 sestertii
1201 1636 1412 1684 Memm.
1436 1633 1573 1699 quod
1599 1635 1796 1697 recepit
1822 1634 1983 1683 Gron.
2050 1633 2109 1681 ln
2133 1633 2261 1682 Mss.
2285 1633 2493 1693 reliquis
2515 1637 2686 1681 sester-

495 1698 633 1753 tium,
657 1698 739 1745 vel
759 1703 1092 1749 testera—10
1115 1700 1304 1750 Deinde
1322 1699 1498 1749 Periz.
1523 1699 1756 1749 Harlem.
1779 1698 1914 1749 Edd.
1936 1699 2117 1760 Camp.
2139 1696 2283 1747 Med.
2301 1696 2600 1760 Cald.-Ven.
2621 1703 2687 1745 tr.

495 1761 624 1810 Mox
634 1762 855 1821 sastidic.
880 1762 1011 1826 Cop.
1036 1771 1090 1812 et
1103 1763 1384 1822 serebantur
1405 1764 1509 1814 Vin
1552 1798 1564 1812 .
1586 1767 1635 1812 2.
1702 1763 1838 1812 Item
1860 1777 2001 1826 super
2022 1764 2113 1811 duo
2136 1764 2297 1812 Fouc.
2319 1770 2375 1811 et
2399 1768 2513 1823 post
2536 1761 2689 1809 millia

496 1825 660 1876 Polit.
684 1827 885 1877 addidit
918 1828 1014 1878 Ed.
1047 1828 1264 1879 Mediol.
1296 1829 1515 1893 margini
1568 1828 1883 1882 imorum—1
1918 1828 2118 1877 Delectu
2147 1827 2359 1876 Memm.
2382 1834 2437 1875 et
2461 1827 2528 1875 al.
2551 1825 2688 1889 quod

1485 1940 1538 1990 N
1543 1940 1706 1991 OTAE

561 2034 584 2066 f
612 2035 828 2084 Sedecim
868 2035 1044 2104 millio]
1076 2039 1304 2090 Bndaeus
1334 2039 1426 2090 lib.
1463 2053 1552 2089 ιιι.

488 2109 564 2179 ‘de
597 2125 728 2174 asse,
760 2126 826 2161 ex
859 2114 1033 2162 multis
1073 2120 1339 2165 auctorum
1374 2129 1551 2165 monu-

495 2187 705 2250 mentis,
727 2188 972 2239 Romanae
998 2192 1107 2239 auri
1130 2192 1295 2242 unciae
1324 2193 1551 2255 pretium

494 2262 681 2314 statuit
698 2267 780 2313 16.
796 2261 1055 2314 francicos
1075 2271 1130 2315 et
1146 2270 1194 2317 8.
1220 2267 1411 2317 solidos
1432 2282 1553 2317 nos·

496 2343 683 2401 trates,
710 2353 826 2388 cum
844 2342 1073 2390 semisse.
1110 2343 1268 2393 Libra
1286 2357 1428 2405 vero,
1442 2358 1551 2406 seu,

497 2413 635 2479 quod
659 2414 792 2465 idem
818 2422 917 2480 est,
950 2417 1124 2480 pondo
1146 2418 1451 2482 Romanum,
1470 2422 1552 2469 12.

499 2491 772 2541 constabat
791 2492 976 2549 unciis,
995 2502 1054 2543 ut
1077 2495 1129 2544 in
1143 2495 1178 2546 J
1183 2497 1252 2546 ul.
1270 2511 1316 2546 c.
1334 2500 1384 2546 4.
1407 2504 1551 2545 nota·

503 2576 614 2618 tum
640 2574 752 2629 est3
793 2578 947 2635 atque
971 2571 1088 2621 ideo
1119 2574 1231 2622 auri
1253 2573 1387 2622 libra
1405 2572 1555 2623 1971.

499 2650 532 2694 2
550 2661 592 2697 s.
615 2647 934 2696 nostratibus
956 2650 1251 2714 aequivalet‚
1277 2665 1391 2715 quae
1417 2664 1553 2707 snm-

499 2737 587 2771 rna
620 2723 798 2773 decies
838 2727 1031 2775 sexties
1063 2727 1245 2776 millies
1281 2729 1458 2790 ducta,
1481 2728 1552 2776 *ni

497 2796 679 2847 salsam
704 2799 817 2862 ipse
839 2802 1088 2852 rationem
1106 2798 1390 2865 habuerim,
1407 2800 1556 2853 dabit

498 2877 782 2925 31420001.

502 2971 511 2977 ·=
560 2959 593 2993 ε
624 2951 962 3017 Quingenties]
996 2955 1160 3006 Juxta
1191 2955 1373 3006 eadem
1413 2955 1548 3019 priu-

502 3025 641 3088 cipia
665 3033 788 3075 sunt
808 3032 1082 3079 21875001.
1543 3044 1548 3045 ’

504 3130 511 3135 -
557 3098 584 3134 ¹²
601 3100 963 3169 Pontificatum]
974 3106 1114 3158 Quid
1130 3107 1213 3157 hic
1230 3107 1297 3157 sit
1317 3108 1368 3156 ln
1380 3108 1489 3159 Jul.
1504 3122 1554 3157 c.

500 3179 581 3224 1³.
616 3175 776 3227 Hunc
792 3182 1024 3245 suscepit
1040 3181 1322 3246 Augustus,
1337 3198 1403 3233 ne
1426 3182 1551 3248 quid

497 3250 597 3299 sibi
623 3251 834 3304 deesset
853 3255 918 3304 ad
942 3272 1186 3309 summam
1204 3260 1550 3323 potestatem:

497 3328 683 3389 priscis
705 3330 842 3380 enim
864 3333 1071 3396 regibus
1095 3336 1148 3385 id
1180 3337 1314 3400 juris
1349 3336 1470 3399 fuit,
1493 3342 1553 3385 ut

494 3411 552 3452 et
581 3405 721 3468 leges
761 3407 992 3460 humanae
1027 3420 1083 3461 et
1117 3413 1378 3477 religionis
1403 3414 1553 3463 caeri-

494 3481 684 3529 monite
725 3497 886 3546 penes
922 3486 1060 3550 ipsos
1097 3487 1287 3554 forent,
1315 3490 1452 3554 quod
1484 3490 1551 3538 ab

493 3554 750 3620 Augusto,
773 3562 963 3611 ceteris
987 3577 1190 3630 quoque
1223 3567 1554 3631 imperatori,-

498 3630 618 3696 bus,
639 3633 988 3689 observatum.

554 3708 569 3741 ¹
610 3710 727 3761 Vivo
761 3713 941 3778 Lepido
979 3719 1188 3783 auferre]
1222 3720 1284 3770 In
1332 3721 1554 3771 eandem

491 3787 700 3835 omnino
733 3794 1042 3843 sententiam
1075 3795 1274 3844 Seneca
1298 3795 1385 3846 lib.
1408 3810 1448 3845 1.
1483 3797 1551 3846 de

493 3859 783 3914 Clementia
806 3881 856 3918 c.
875 3873 957 3919 10.
978 3871 996 3898 ‘
1012 3871 1381 3922 Pontificatum
1407 3885 1551 3922 max-

493 3935 651 3987 imnm
689 3944 892 3993 nonnisi
932 3953 1136 3998 mortuo
1177 3948 1268 3999 illo
1321 3948 1550 4015 (Lepido

492 4011 720 4077 scilicet)
758 4018 1026 4070 transferri
1066 4024 1117 4071 in
1150 4037 1208 4073 se
1232 4038 1412 4087 passus
1449 4032 1550 4078 est.

494 4085 690 4160 Maluit
728 4093 866 4142 enim
902 4096 1039 4146 illum
1088 4099 1331 4150 honorem
1371 4100 1550 4151 vocari

494 4172 649 4222 quam
669 4168 923 4228 spolium.’
986 4171 1072 4222 An
1096 4189 1214 4224 vero
1235 4177 1286 4227 id
1306 4190 1374 4225 ex
1405 4191 1546 4227 more

494 4252 673 4300 passus
705 4243 773 4292 sit
797 4244 1083 4315 Augustus,
1099 4252 1234 4315 quod
1258 4257 1552 4316 perpetuus*

1630 2043 1769 2088 esset
1792 2036 2142 2102 pontificatus,
2165 2042 2225 2087 ut
2257 2037 2323 2086 de
2347 2036 2536 2087 ceteris
2560 2051 2688 2102 qino-

1631 2130 1732 2180 que
1773 2114 2080 2165 sacerdotiis
2131 2113 2294 2163 tradit
2351 2112 2551 2162 Plinius
2596 2113 2688 2162 lib.

1632 2204 1800 2243 xvm.
1817 2206 1865 2241 c.
1884 2195 1934 2242 2.
1956 2198 2011 2241 et
2035 2189 2369 2240 Cassiodorus
2393 2190 2532 2239 clare
2562 2189 2688 2238 satis

1629 2268 1795 2318 innuit
1833 2269 1884 2317 in
1919 2267 2228 2332 patriciatus
2262 2265 2519 2326 formula3
2553 2263 2689 2314 affir-

1631 2346 1759 2395 mari
1788 2346 1884 2394 vix*
1900 2358 2051 2409 posse
2075 2343 2299 2405 videtur,
2324 2342 2604 2392 Plutarcho
2636 2344 2689 2396 in

1633 2421 2018 2477 Quaestionibus
2054 2422 2202 2472 Rom.
2224 2419 2489 2484 proprium
2513 2417 2565 2468 id
2600 2434 2689 2469 au-

1635 2499 1844 2564 guribus
1880 2500 2135 2548 duntaxat
2173 2497 2333 2548 fnisse
2353 2495 2580 2553 dicente,
2606 2497 2692 2546 cui

1636 2577 1790 2639 plane
1814 2574 2121 2639 astipulatur
2143 2572 2343 2623 Plinius
2377 2573 2563 2624 Junior
2598 2572 2688 2623 lib:

1635 2665 1714 2701 ιν.
1761 2652 1918 2713 epist.
1959 2655 2006 2700 8.
2051 2649 2468 2700 ·‘Sacerdotium
2518 2650 2689 2713 ipsum

1633 2727 1969 2793 (auguratum
2008 2724 2267 2789 intellige)
2312 2738 2426 2774 cum
2459 2725 2689 2788 priscum

1634 2809 1691 2853 et
1731 2803 2046 2865 religiosum,
2075 2808 2188 2850 tum
2226 2802 2323 2853 hoe
2358 2804 2565 2864 quoque
2607 2815 2690 2851 sa-

1635 2895 1776 2933 crum
1799 2881 1952 2944 plane
1977 2885 2036 2928 et
2064 2878 2272 2942 insigne
2303 2885 2407 2940 est,
2428 2876 2563 2942 quod
2584 2891 2689 2926 non

1632 2956 1876 3007 adimitur
1899 2955 2111 3004 viventi.
2181 2954 2315 3003 Nam
2338 2960 2515 3002 cetera
2531 2967 2691 3017 quan·

1632 3036 1784 3098 quam
1820 3031 2074 3094 dignitate
2109 3028 2484 3094 propemodum
2522 3029 2689 3091 paria,

1632 3116 1692 3159 ut
1716 3109 2031 3164 tribuuntur,
2053 3108 2128 3158 sic
2151 3106 2493 3158 auferuntur!
2575 3136 2582 3141 ·

1641 3206 1648 3209 “
1695 3184 1720 3220 ¹¹
1754 3185 2106 3248 Fotidis-orum]
2143 3184 2344 3235 Quibus
2381 3181 2490 3232 fata
2526 3183 2592 3233 P.
2618 3183 2689 3232 R.

1632 3262 1916 3327 descripta,
1957 3263 2047 3327 qui
2090 3269 2145 3311 et
2170 3260 2353 3318 fatales
2387 3268 2443 3310 et
2476 3261 2690 3312 vaticini

1615 3332 1894 3388 dicuntur.
1957 3338 2024 3388 Id
2063 3352 2163 3387 non
2204 3338 2397 3401 primus
2429 3343 2690 3387 statuerat

1634 3415 1935 3478 Augustus:
1960 3412 2136 3464 Livius
2155 3415 2190 3462 1.
2213 3427 2294 3464 lx.
2317 3413 2526 3462 decadis
2542 3414 2688 3463 1v0in

1633 3493 1866 3541 oratione
1904 3490 2194 3555 Posthumii
2223 3490 2481 3540 consulis:
2517 3490 2690 3542 ‘Quo‘

1633 3569 1732 3618 ties
1776 3568 1878 3617 hoc*
1915 3575 2118 3631 patrum
2170 3580 2482 3630 avorumque
2533 3572 2690 3615 aetate

1632 3644 1896 3707 negotium
1935 3650 2018 3692 est
2060 3641 2452 3705 magistratibus
2490 3639 2691 3701 datum,

1632 3726 1691 3768 ut
1714 3733 1862 3768 sacra
1897 3725 2116 3768 externa
2152 3716 2265 3767 fieri
2290 3718 2576 3766 vetarent?
2606 3732 2688 3766 sa·

1631 3793 1888 3844 criticulos
1914 3802 2158 3860 vatesque
2185 3796 2337 3853 Foro,
2361 3793 2536 3855 Circo,
2560 3793 2688 3844 urbe

1632 3872 1991 3935 prohiberent?
2065 3871 2311 3920 vaticinos
2364 3869 2523 3919 libros
2565 3860 2689 3919 con-⁷

1629 3949 1898 4011 quirerent
1931 3947 2439 4010 comburerentque?
2481 3960 2683 3995 omnem

1632 4024 1954 4089 disciplinam
1976 4023 2319 4085 sacrificandi,
2335 4028 2683 4087 praeterquam

1630 4101 1859 4151 Romano
1878 4115 2039 4162 more,
2055 4101 2317 4150 abolerent
2333 4099 2369 4147 ?'

1639 4210 1644 4217 ·
1691 4176 1953 4242 l'Forulis]
2001 4178 2152 4227 Dixit
2191 4190 2287 4240 pro
2326 4174 2549 4239 capsulis
2588 4187 2684 4222 seu

1626 4255 1999 4318 loculameutis‚
2045 4267 2147 4317 quo
2180 4266 2330 4302 sensu
2367 4249 2637 4303 Juvenalis
2661 4263 2680 4302 ὃ
