3019 4922
460 344 587 408 104

460 504 697 572 danum
718 523 734 567 ε
757 499 785 540 ⁶
814 499 1070 586 siccare
1101 498 1547 580 Pomptinas⁷
1596 495 1870 580 paludes
1895 515 1910 558 :
1934 502 1959 529 ⁸
2001 494 2293 558 emittere
2329 492 2649 559 Fucinum

457 608 678 693 lacum
700 625 716 671 z
738 603 763 640 '³
791 605 967 670 viam
1000 603 1294 688 munires
1325 622 1367 667 a
1397 602 1564 665 mari
1602 619 1846 682 supero
1869 597 1893 636 ⁸
1930 618 2045 681 per
2074 593 2468 681 Apenninid
2501 596 2651 661 dor-

460 727 614 775 sum>
636 708 721 773 ad
749 707 1043 773 Tiberim
1075 724 1332 789 usque:
1365 704 1708 790 perfodere
1732 702 2057 768 Isthmum
2081 721 2098 767 ε
2120 709 2143 736 ⁸
2177 701 2463 777 DacoS‚⁹
2486 697 2508 734 f
2537 700 2653 783 qui

460 833 535 878 se
583 814 651 876 in
702 812 1041 876 Pontumg
1096 818 1162 874 et
1189 808 1547 874 Thraciam
1571 805 1596 842 ¹²
1650 804 2035 881 effuderant,
2085 802 2443 868 coercere:
2490 821 2658 865 mox-

462 911 764 981 Parthisi
819 913 1053 978 inferre
1084 912 1330 976 bellum
1354 930 1478 994 per
1507 908 1899 976 Armeniam
1929 903 2305 984 minorem‚¹‘
2348 897 2497 983 nec}
2524 906 2654 970 nisi

464 1023 614 1083 ante
661 1023 1007 1100 expertOS,
1058 1013 1329 1097 aggredi
1373 1010 1677 1096 praelio!
1756 1010 1960 1078 Talia
2012 1017 2323 1093 agentem
2342 1016 2394 1046 ¹0
2457 1012 2657 1093 atque

1327 354 1389 400 C·
1419 351 1795 404 SUE'roNlt

515 1206 549 1250 s
575 1210 641 1258 Et
663 1224 767 1324 ettam
788 1210 851 1259 iis
867 1210 1087 1274 proelium
1108 1223 1199 1258 non
1220 1206 1511 1257 committere
1539 1208 1789 1270 antequam
1809 1176 2105 1269 experientia
2128 1202 2287 1266 aliquo
2307 1204 2535 1253 tentasset
2553 1200 2658 1249 illo-

461 1287 567 1323 rum
584 1289 692 1338 perr
715 1290 825 1325 ram.

1381 1366 1741 1388 OOOOOOOOOOO

460 1488 538 1532 tas
560 1499 688 1533 max.
705 1483 929 1534 malebat
951 1485 1095 1533 Torr.
1118 1489 1172 1531 et
1196 1482 1320 1532 illud
1343 1482 1539 1532 habent
1566 1481 1686 1531 Ald.
1710 1481 1990 1544 Steph.—6
2023 1480 2193 1530 Prave
2217 1479 2457 1542 dim'gend.
2491 1479 2660 1529 Periz.

463 1548 649 1610 Copes.
677 1550 810 1598 Ven.
837 1555 961 1606 tres,
982 1548 1163 1611 Steph.
1188 1548 1402 1598 Mediol.
1425 1562 1503 1610 pr.
1538 1545 1745 1611 Gryph.
1770 1548 2042 1596 Plant.—7
2077 1546 2315 1601 Pontinos
2340 1545 2471 1595 Edd.
2498 1546 2660 1609 antiq.

459 1612 574 1661 fere
589 1627 785 1671 omnes,
802 1614 954 1665 etiam
975 1614 1287 1663 recentiores
1309 1621 1502 1676 praeter
1524 1611 1749 1661 Casaub.
1787 1612 1967 1661 Barth.
1988 1627 2054 1661 ex
2077 1626 2170 1660 suo
2190 1608 2390 1675 profert
2415 1612 2660 1672 Prompti-

460 1692 565 1737 πω,
587 1685 649 1728 ut
666 1686 721 1729 et
744 1694 877 1728 man.
897 1680 1036 1728 doct.
1060 1679 1113 1727 in
1138 1694 1301 1740 marg.
1328 1677 1424 1727 Ed.
1446 1676 1628 1738 Steph.
1649 1684 1704 1726 et
1728 1677 1858 1727 Exc.
1882 1677 2056 1740 Cujac.
2093 1677 2218 1725 Mox
2244 1676 2496 1725 Fuloinum
2519 1677 2663 1724 Voss.

461 1747 559 1791 -8
592 1742 745 1807 Super
777 1743 919 1794 Med.
940 1744 1060 1793 dno.
1082 1758 1221 1806 super
1242 1743 1335 1805 Ap.
1358 1744 1573 1792 deorsum
1592 1743 1778 1806 Copes.
1801 1757 1967 1805 supero
1993 1757 2082 1806 per
2103 1741 2402 1804 Apenninum
2435 1744 2565 1790 dors.
2587 1746 2660 1789 at·

462 1822 551 1869 que
571 1803 677 1857 Tib.
704 1808 1038 1858 Harlem.—9
1071 1809 1261 1857 Duco-os
1280 1808 1436 1859 vind.
1460 1813 1509 1857 2.
1534 1808 1678 1857 Cort.
1704 1808 1757 1856 iu
1794 1807 1980 1871 quibus
2003 1806 2159 1856 etiam
2193 1818 2280 1869 per
2314 1806 2483 1855 Thrae.
2523 1805 2662 1869 quod

461 1872 514 1920 in
551 1878 750 1923 textum
774 1875 972 1938 recepit
995 1876 1117 1923 Ern.
1143 1889 1172 1923 e
1197 1875 1317 1936 Lys.
1343 1872 1595 1937 probante
1621 1873 1762 1923 Oud.
1853 1872 1958 1921 Sed
1990 1874 2129 1934 vulg.
2170 1881 2480 1921 revocarunt
2503 1869 2663 1921 Wolf.

463 1944 519 1987 et
540 1938 885 2003 Baumg.—10
920 1938 1198 2002 Agitantem
1219 1939 1270 1988 in
1296 1954 1458 2003 marg.
1481 1938 1599 1989 cod.
1622 1939 1788 1989 Periz.
1856 1939 1981 1988 Mox
2015 1937 2123 1988 hob.
2146 1942 2194 1987 et
2213 1939 2277 1987 ad
2289 1937 2404 1987 cult.
2427 1937 2494 1986 ad
2523 1950 2661 1986 oram

1455 2084 1669 2136 NOTAE

528 2189 552 2215 ⁸
585 2183 868 2245 Pomptinos
896 2182 1114 2247 paludes]
1170 2182 1273 2233 Alii
1302 2183 1523 2244 Porinas,
1605 2180 1838 2246 Caligula
1859 2169 1974 2245 cap.
1997 2185 2078 2231 21.
2099 2188 2156 2231 et
2177 2182 2320 2231 Nero
2342 2195 2458 2245 cap.
2486 2186 2566 2231 19.
2591 2182 2664 2231 in·

466 2258 551 2306 alii
577 2258 827 2309 Pmntinas
849 2261 1051 2321 legunt;
1085 2260 1261 2324 hodie,
1279 2260 1523 2321 l'Aufente

457 2335 630 2397 palude
648 2353 664 2383 .·
690 2343 794 2385 tam
810 2338 1028 2400 grandes
1063 2345 1213 2386 erant
1236 2345 1297 2387 ut
1328 2353 1415 2387 eas
1439 2338 1525 2387 ve}

466 2418 577 2459 arte
598 2414 801 2476 magica
820 2414 1069 2464 exsiccari
1085 2414 1284 2463 Plinius
1301 2420 1525 2479 optaret.

462 2487 538 2536 Ut
554 2487 643 2537 lib.
663 2502 824 2538 xxvr.
844 2494 955 2540 c.4.
974 2491 1066 2553 ait,
1083 2497 1098 2519 ‘
1119 2498 1173 2540 ut
1196 2498 1394 2540 tantum
1417 2492 1525 2554 agri

461 2564 765 2616 suburbanae
788 2567 1093 2617 redderetur
1109 2569 1275 2618 Italiae
1295 2567 1339 2616 ι’
1374 2576 1527 2620 erant

465 2640 601 2688 enim
639 2641 689 2689 in
728 2642 895 2692 Lat-io.
975 2646 1126 2694 Nunc
1174 2645 1319 2694 aiunt
1362 2644 1525 2696 ferme

466 2724 604 2767 totas
634 2720 942 2776 exsiccatas,
966 2721 1198 2786 quamvis
1235 2721 1289 2770 id
1329 2730 1526 2786 praeter

466 2794 719 2844 Caesarem
746 2796 918 2846 conati
942 2811 1150 2863 quoque
1190 2797 1294 2848 sint
1328 2796 1525 2848 frustra

464 2882 670 2934 semper
695 2871 779 2919 alii
806 2873 1143 2936 imperatores
1159 2880 1215 2923 et
1237 2889 1399 2936 reges,
1418 2872 1523 2922 Au·

465 2945 590 2995 fidio
627 2945 835 2997 flumine
873 2956 929 2998 et
964 2950 1242 2999 vicinarum
1278 2950 1523 3000 montium

466 3023 727 3073 radicibus
747 3038 1006 3088 perennes
1037 3039 1212 3090 aquas,
1234 3033 1286 3074 et
1308 3040 1419 3089 quar
1438 3025 1526 3076 de·

465 3099 624 3148 rivari
659 3102 710 3147 in
748 3108 1053 3164 perpetuum
1079 3102 1177 3150 alio
1207 3116 1307 3150 nou
1344 3110 1526 3166 potue-

466 3183 603 3238 rant,
630 3176 1043 3243 immittentibus,
1065 3178 1197 3244 qssuod
1233 3195 1263 3229 a
1282 3179 1524 3230 Cornelio

467 3252 703 3316 Cethego
727 3253 948 3304 Consule
981 3263 1102 3303 ante
1138 3256 1358 3305 Caesaris
1394 3264 1525 3306 tem-

466 3334 597 3392 pora
618 3328 813 3379 factum
839 3337 1015 3380 narrat
1043 3332 1214 3380 Livius
1238 3331 1326 3381 lib.
1350 3345 1525 3385 vau.

530 3403 555 3437 b
589 3404 822 3454 Fucinum
856 3407 1028 3471 lucum]
1062 3407 1235 3456 Hodie
1272 3408 1340 3458 ab
1376 3413 1524 3475 oppi-

467 3482 547 3530 dis
582 3483 1031 3534 circumstantibus
1069 3487 1211 3535 varia
1245 3486 1404 3537 habet
1440 3504 1527 3539 no·

465 3561 623 3625 mina,
644 3560 779 3622 Lago
805 3562 858 3611 di
884 3562 1075 3619 Ceiano,
1098 3561 1233 3624 Lago
1254 3564 1307 3613 di
1329 3564 1524 3615 Marso.-

469 3642 583 3684 erat
620 3637 756 3685 enim
793 3636 844 3686 in
880 3636 1070 3688 finibus
1096 3639 1385 3690 Marsorum
1408 3642 1525 3691 :de

466 3704 563 3760 lioc
584 3712 766 3763 codem
790 3715 1005 3764 consilio
1026 3714 1211 3765 Claud.
1235 3731 1349 3781 cap.
1368 3721 1452 3766 20.

530 3795 553 3820 ⁰
593 3786 731 3838 Viam
758 3786 963 3853 munire]
1010 3790 1257 3841 Sternere
1291 3794 1376 3842 vel
1408 3809 1526 3843 con·

465 3861 641 3912 ficere.

530 3937 556 3970 ‘¹
587 3940 854 4005 Apennini]
893 3941 1061 3991 Notus
1099 3957 1262 4008 mons,
1288 3944 1356 3994 ab
1378 3945 1524 4010 Alpi-

465 4012 563 4062 bus
578 4015 734 4076 juxta
758 4022 917 4066 totam
941 4017 1110 4068 Italiae
1149 4018 1524 4084 longitudinem

464 4100 755 4154 porrectus.
1087 4151 1111 4157 ‚⁴

529 4172 552 4198 ⁸
585 4167 845 4228 Perjfodere
868 4170 1120 4235 Isthmum]
1156 4172 1306 4224 Quod
1322 4178 1378 4222 et
1401 4171 1524 4224 ante

465 4243 639 4307 ipsum
661 4246 961 4299 Demetrius
995 4248 1129 4311 Rex,
1162 4253 1216 4296 et
1240 4254 1358 4312 post
1380 4247 1524 4300 illum

1601 2257 1777 2307 fausto
1831 2273 2006 2308 omnes
2063 2264 2255 2308 eventu
2309 2264 2662 2308 tentaverunt.

1603 2335 1776 2385 Hodie
1808 2336 2163 2387 Corinthiacus
2204 2336 2290 2384 ille
2318 2336 2540 2384 isthmus
2571 2335 2663 2385 Ni-

1606 2426 1698 2475 gro
1753 2419 1808 2460 et
1851 2411 2197 2461 Volaterrano
2245 2410 2439 2460 dicit-ur
2498 2411 2664 2463 Hexa-
2692 2429 2698 2433 ·

1603 2489 1724 2540 miti.
2152 2498 2159 2507 ‘
2558 2496 2564 2505 ‘
2619 2494 2624 2498 ’

1668 2563 1691 2596 f
1718 2564 1901 2628 Dacos]
1938 2565 2050 2614 Hos
2081 2563 2218 2613 inter
2240 2563 2471 2628 Scythiae
2504 2559 2663 2612 Euro·

1604 2655 1721 2705 peae
1755 2642 1976 2704 populos
2028 2639 2307 2691 Cluverius·
2344 2644 2663 2703 annumerat,

1604 2734 1797 2784 easque
1823 2722 2065 2783 regiones
2101 2719 2331 2770 tenuisse
2354 2720 2509 2776 dicit,
2543 2730 2663 2784 quas

1603 2796 1758 2847 hodie
1781 2797 2001 2847 Valachi
2041 2796 2096 2848 et
2123 2796 2351 2846 Moldavi
2375 2797 2539 2845 ferme
2563 2806 2663 2844 om·

1604 2888 1694 2922 nes
1715 2889 1731 2935 ;
1755 2882 1911 2938 atque
1926 2873 2085 2923 etiam
2100 2873 2428 2922 Transilvani
2445 2879 2502 2922 et
2520 2871 2666 2921 Hun-

1608 2964 1845 3013 garorum
1865 2965 2002 3013 pars,
2024 2950 2116 2999 lib.
2143 2963 2223 3000 ιν.
2242 2962 2357 3014 caps
2377 2953 2461 3001 17.
2495 2948 2665 2998 Intro-

1608 3027 1754 3076 duct.
1780 3027 1833 3074 in
1852 3027 2047 3090 Geogr.
2581 3030 2584 3034 ’

1670 3111 1698 3146 s
1731 3102 1962 3165 Pontum]
1982 3102 2162 3166 Supra
2183 3117 2300 3167 cap.
2324 3105 2408 3153 35.
2438 3132 2439 3135 =

1667 3178 2003 3244 ¹²·'1'hraciomJ
2052 3179 2227 3229 Hodie
2274 3178 2517 3229 Romania
2567 3186 2665 3243 est,

1607 3262 1825 3320 propter
1869 3256 2209 3305 instauratam
2260 3256 2311 3305 in
2355 3270 2418 3304 ea
2459 3257 2666 3321 regione

1606 3348 1791 3384 novam
1815 3334 2046 3397 Romam,
2075 3346 2263 3397 nempe
2297 3334 2664 3384 Constantino-

1608 3411 1783 3475 polim.

1618 3486 1621 3487 ⁷
1671 3485 1686 3519 ¹
1722 3486 1947 3549 Ponitis]
2004 3485 2161 3550 Apud
2205 3486 2426 3535 eundem
2457 3490 2669 3538 'Cluve-

1608 3564 1740 3614 rium
1767 3565 1859 3614 tib.
1884 3578 1938 3612 v.
1961 3578 2079 3627 cap.
2104 3567 2183 3612 13.
2205 3563 2360 3612 hodie
2382 3565 2563 3615 Areon.

1671 3639 1697 3673 Β
1729 3641 2004 3691 Armeniam
2017 3640 2264 3703 minorem]
2300 3641 2470 3705 Nigro
2489 3643 2669 3694 estho⁶

1608 3717 1692 3767 die
1715 3717 1978 3778 Anaduole,
1995 3716 2107 3764 aliis
2129 3717 2317 3778 Pegian
2330 3732 2349 3775 ,-
2365 3725 2423 3768 et
2442 3719 2529 3769 ubi
2555 3721 2681 3771 Col*

1606 3796 1816 3851 chorum
1840 3793 1968 3842 fines
1993 3793 2209 3858 attingit
2230 3793 2480 3843 Acoionlu.
2547 3796 2670 3846 Plu-

1609 3871 1814 3921 tarchus
1857 3870 1911 3918 in
1950 3870 2156 3918 Caesare
2198 3869 2492 3918 destinasse
2528 3870 2671 3920 illum

1607 3947 1699 4008 ait,
1724 3946 1999 4010 pervenire
2019 3945 2084 3994 ad
2105 3945 2348 4008 Caspium
2370 3946 2670 4008 mare,inde

1607 4020 2007 4087 supra-Pontum
2049 4035 2142 4084 per
2169 4019 2516 4084 Scythiam'in
2539 4023 2671 4072 Ger·

1608 4098 1830 4150 maniam
1875 4105 1930 4147 et
1974 4096 2174 4148 Gallias
2217 4096 2280 4144 ad
2327 4098 2675 4161 repetendam

1605 4175 1813 4225 Italiam
1836 4173 2077 4236 transire,
2112 4174 2402 4223 Romanum
2437 4175 2535 4224 hoc
2568 4182 2670 4224 ter·

1605 4265 1778 4303 rarum
1799 4249 1968 4316 spatio
1984 4251 2318 4309 conclusurus
2340 4249 2635 4315 imperium.
