3019 4922
493 410 622 477 380
1351 418 1413 463 c.
1459 410 1821 463 suaroun

499 579 622 650 est,
672 571 820 656 ejus
853 565 1091 653 oppidi
1132 563 1345 629 civem
1385 558 1789 645 quandoque
1838 556 2054 617 rerum
2100 550 2499 635 potiturum:
2550 567 2687 631 qua

499 676 745 741 fiducia
772 669 1153 745 Veliterni‚4
1173 667 1199 704 ‘¹
1241 674 1309 730 et
1338 672 1500 729 tunc
1532 662 1782 737 statim,
1813 664 1879 724 et
1908 662 2145 741 postea
2174 655 2456 738 saepius,
2489 671 2687 736 paene

498 779 586 843 ad
617 777 892 842 exitium
911 780 935 820 ⁵
966 771 1094 848 sui,
1124 789 1273 836 cum
1297 768 1552 853 populo
1585 764 1893 828 Romano
1917 761 2490 842 belligeraverunt.
2523 754 2687 818 Sero
2714 754 2717 759 ’

498 876 813 944 tandem⁶
894 870 1322 940 'documentis
1381 868 1718 953 apparuit,
1774 869 2107 929 ostentum
2169 858 2338 923 illud
2397 854 2689 938 Augusti
2738 866 2741 867 ’

498 982 870 1067 potentiam
900 977 1333 1063 portendisse.
1421 973 1680 1036 Auctor
1712 970 1817 1032 est
1838 965 2064 1031 Julius
2098 960 2506 1036 MarathuS‚⁶
2541 963 2688 1022 ante

498 1104 783 1168 paucos,
812 1101 1014 1165 quam
1044 1082 1444 1153 nasceretur,
1465 1076 1751 1148 menseS,
1775 1067 2147 1153 prodigium
2168 1064 2412 1129 Romae
2430 1061 2687 1126 factum

497 1187 795 1271 publice,
853 1204 989 1268 quo
1054 1179 1590 1251 denuntiabatur,
1661 1168 1930 1255 regemf
1993 1169 2248 1254 populo
2324 1166 2685 1230 Romano⁷

497 1299 799 1354 naturam
832 1286 1191 1370 parturire:
1238 1282 1560 1346 Senatum
1602 1276 1990 1342 exterritum
2024 1271 2387 1353 censuisse,
2418 1286 2501 1331 ne
2533 1267 2684 1348 quis

497 1394 612 1457 illo
664 1410 836 1465 anno
879 1385 1178 1470 genitus⁸
1228 1384 1654 1449 educaretur:
1727 1397 1866 1456 θος,
1914 1377 2028 1461 qui
2081 1371 2389 1457 gravidas
2437 1388 2685 1433 uxores

399 1558 408 1565 ,
498 1496 837 1569 haberent,
867 1491 1045 1576 quod
1075 1490 1205 1554 ad⁹
1252 1507 1323 1550 se
1374 1486 1660 1570 quisque
1707 1502 1893 1567 spem
1942 1479 2243 1553 traheret,
2280 1492 2573 1551 curasse,
2602 1491 2685 1534 ne

500 1602 1168 1693 Senatusconsultum
1220 1599 1303 1663 ad
1335 1598 1637 1669 aerarium
1668 1604 1694 1642 ὅ
1740 1593 2124 1659 deferretur.
2216 1589 2295 1652 In
2326 1585 2683 1668 Asclepia-

498 1711 601 1775 dis
630 1708 961 1774 Mendetis
988 1702 1082 1744 ¹0¹‘
1137 1696 1638 1787 Θεολο·)κουμ.ιὲνωνἰ
1682 1698 1870 1763 libris
1917 1695 2086 1778 lego,
2118 1692 2372 1768 Atiam,
2416 1709 2570 1754 cum
2600 1686 2684 1752 ad

1413 1888 1441 1907 O
1447 1889 1469 1907 0
1475 1885 1737 1908 ‘O‘OOOOOO
1745 1885 1766 1903 Ι

496 2015 529 2060 4
563 2012 649 2069 Ita
669 2012 883 2060 Memm.
909 2014 1014 2058 tres
1037 2006 1231 2057 Medic.
1251 2012 1470 2070 uterque
1487 1999 1645 2051 Vind.
1661 2003 1804 2052 Dun.
1826 1999 1969 2049 Cort.
1986 1996 2155 2046 Periz.
2175 1995 2303 2056 Cup.
2323 1998 2378 2042 et
2397 2005 2526 2040 unus
2542 1990 2689 2040 Torr.

496 2078 611 2125 cum
637 2077 769 2124 Edd.
797 2076 943 2124 Rom.
966 2072 1087 2122 Ald.
1110 2072 1300 2135 steph.
1329 2072 1395 2121 al.
1424 2068 1670 2121 Velitrini.
1740 2065 1902 2115 Paulo
1928 2070 2050 2112 ante
2073 2061 2173 2122 eius
2195 2058 2469 2109 fastidiunt
2494 2055 2689 2105 Medic.

491 2145 545 2190 ·3.
580 2156 640 2189 ac
664 2141 822 2189 Polit.
893 2138 1060 2188 Etiam
1082 2143 1131 2187 et
1163 2145 1283 2187 ante
1310 2141 1421 2185 lunc
1447 2148 1549 2183 non
1572 2132 1728 2181 habet
1754 2131 2080 2180 Harlem.-5
2125 2126 2322 2174 Exitum
2344 2120 2540 2172 Medic.
2566 2135 2598 2169 a
2620 2135 2691 2168 m.

496 2220 577 2269 pr.
603 2205 776 2255 Periz.
803 2204 1034 2252 Hau-lem.
1057 2217 1086 2251 a
1109 2217 1189 2265 pr.
1212 2217 1279 2251 m.
1301 2200 1435 2250 Edd.
1462 2200 1644 2260 Camp.
1674 2196 1893 2245 Mediol.
1931 2193 2166 2256 aliaeque.
2231 2190 2357 2238 Mox
2383 2186 2692 2246 belligerave-

495 2276 610 2319 runt
630 2270 774 2318 dedit
798 2271 1016 2331 Baumg.
1041 2282 1156 2316 cum
1193 2266 1391 2316 Medic.
1414 2269 1461 2314 1.
1485 2268 1536 2313 3.
1561 2272 1778 2324 utroque
1800 2259 1958 2309 Vind.
1979 2265 2034 2306 et
2059 2258 2190 2316 Cop.
2212 2268 2307 2317 pro
2331 2253 2470 2315 vulg.
2494 2250 2687 2309 bellige·
2748 2288 2751 2289 γ

494 2339 831 2385 reverante-6
868 2334 1041 2383 Tamen
1059 2332 1216 2382 Vind.
1241 2337 1288 2381 2.
1331 2330 1467 2381 Dein
1489 2329 1713 2377 Muretus
1736 2325 1927 2375 Medic.
1948 2328 1996 2373 2.
2019 2322 2177 2369 Vind.
2197 2325 2247 2370 2.
2268 2317 2528 2367 Mar-acleus
2553 2315 2689 2365 Edd.

496 2401 744 2450 Βοιὼ-7
778 2398 1025 2448 Dativum
1060 2404 1370 2461 receperunt
1408 2394 1638 2444 Gronov.
1671 2391 1850 2439 Burm.
1891 2388 2030 2438 Oud.
2065 2385 2218 2434 Wolf.
2249 2392 2306 2433 et
2339 2383 2556 2433 Baumoe.
2627 2380 2687 2428 ln

492 2467 607 2515 aliis
632 2467 696 2515 P.
720 2467 788 2515 R.
812 2466 894 2513 vel
914 2480 1018 2529 pop.
1050 2464 1186 2514 Rom.
1210 2471 1299 2512 aut
1320 2459 1478 2525 populi
1501 2456 1818 2509 Romani—8
1855 2454 2059 2505 Gentius
2076 2452 2213 2501 inter
2235 2449 2396 2498 lineas
2414 2448 2465 2497 in
2490 2444 2690 2496 Medic.

493 2535 541 2579 3.
611 2531 786 2580 Editus
807 2529 967 2580 habet
990 2531 1142 2579 Huls.
1164 2529 1301 2594 quod
1331 2531 1505 2592 placet
1537 2526 1814 2572 Burm.—9
1848 2521 1931 2570 lta
1953 2521 2084 2569 Mss.
2122 2526 2177 2566 et
2203 2515 2336 2565 Edd.
2359 2515 2553 2578 plures.
2622 2510 2685 2559 Iu

494 2597 667 2656 multis
698 2612 788 2659 quo
808 2599 871 2646 ad
891 2610 958 2645 se.
1026 2596 1142 2645 Uno
1166 2595 1324 2644 verbo
1359 2594 1482 2643 Bas.
1507 2590 1629 2640 Ald.
1664 2588 1962 2651 quoad—10
1996 2583 2237 2633 Medentis
2268 2580 2413 2630 Cort.
2447 2578 2688 2640 idemque

494 2662 610 2711 cum
648 2664 778 2712 Mss.
804 2670 858 2712 et
882 2661 1016 2712 Edd.
1040 2661 1189 2710 Vett.
1230 2658 1487 2723 plerisque
1523 2657 1922 2715 theologumemn.
1988 2648 2209 2699 casaub.
2241 2644 2536 2709 suspicatur
2560 2642 2688 2692 Sue·

496 2735 605 2777 ton.
643 2727 909 2790 scripsisse
930 2727 1119 2789 Asclep.
1156 2724 1398 2775 Mendesii
1437 2730 1527 2773 aut
1558 2720 1791 2770 Menditoe
1822 2715 2076 2767 Mendetis.
2141 2714 2298 2762 Fouc.
2336 2709 2448 2760 ord.
2489 2708 2689 2757 inverso

1488 2900 1701 2954 NOTAE

495 3025 582 3074 riis
620 3022 887 3074 fulminum
925 3022 1197 3086 generibus
1229 3022 1463 3086 loquens,
1488 3033 1552 3069 ea
1632 3016 1835 3066 Christo
1857 3013 2080 3064 Domino
2100 3007 2489 3074 intelligendum
2514 3006 2688 3057 Chris·

428 3140 440 3146 -
494 3101 621 3150 dicit
644 3114 756 3147 esse
774 3099 985 3161 regalia,
1009 3112 1225 3162 quorum
1250 3097 1300 3146 vi
1319 3095 1551 3157 tangitur
1633 3093 1759 3142 tiani
1784 3100 1965 3156 postea
1988 3095 2303 3141 censuerunt
2323 3087 2657 3149 interpretes.

495 3176 577 3224 vel
597 3175 857 3224 comitium
883 3175 963 3221 vel
994 3172 1302 3236 principalia
1324 3169 1465 3219 urbis
1490 3169 1549 3218 Ιί-
1693 3176 1720 3212 8
1751 3168 1833 3217 Ad
1853 3165 2101 3229 cerarium]
2120 3167 2204 3216 De
2223 3165 2322 3214 hoc
2343 3175 2486 3211 more
2509 3161 2563 3211 in
2578 3160 2687 3212 Jul.

497 3251 635 3302 berae
670 3251 797 3305 loca,
842 3262 1053 3313 quornm
1091 3245 1398 3312 significatio
1433 3259 1544 3308 reg·
1633 3258 1752 3306 cap.
1774 3247 1854 3293 28.

492 3344 613 3378 num
638 3327 837 3376 civitati
862 3326 1103 3375 minatur.
1694 3319 1719 3354 ¹¹
1735 3319 2036 3385 Asclepiadis
2055 3314 2318 3378 Mendetis]
2339 3314 2581 3365 Mendesii
2605 3311 2687 3363 vel

557 3404 583 3439 ‘¹
623 3402 855 3453 Veliterni
890 3398 1173 3465 [Velut—im]
1218 3399 1326 3449 Alii
1368 3400 1553 3463 legunt
1630 3399 1866 3449 Menditoe
1888 3393 2162 3459 legendum
2186 3391 2525 3444 casaubonus
2553 3390 2689 3439 exis·

502 3478 755 3535 Veliterni,
786 3484 844 3527 ut
878 3491 1015 3541 saepe
1053 3477 1245 3537 Livius,
1269 3476 1442 3539 quide
1465 3489 1553 3525 eo·
1627 3474 1796 3532 fimat,
1814 3473 1935 3538 quia
1948 3470 2168 3520 Mendes
2191 3467 2333 3518 urbis
2358 3466 2685 3531 AEgyptiaeae

494 3572 604 3605 rum
625 3556 772 3605 bellis
795 3555 1007 3618 loquens
1027 3553 1118 3603 lib.
1142 3565 1267 3601 vm.
1289 3550 1476 3600 decad.
1505 3555 1552 3601 1.
1625 3563 1812 3599 nomeu
1836 3557 1936 3610 est,
1956 3548 2272 3610 miraturque
2295 3544 2428 3593 haurd
2461 3539 2687 3591 immeri-

487 3643 600 3684 tum
639 3634 740 3683 alia
776 3633 944 3697 plura,
982 3638 1087 3680 tum
1125 3631 1220 3680 hoc
1258 3629 1549 3692 praesertim

493 3711 656 3762 refert
689 3710 942 3760 sancitum
989 3708 1041 3756 in
1080 3721 1168 3756 eos
1208 3708 1457 3770 graviter,
1491 3711 1550 3754 et

492 3804 671 3839 eorum
689 3801 857 3836 muros
877 3785 1151 3834 dissectos.

554 3871 577 3897 ⁰
608 3864 772 3913 Julius
793 3861 1070 3925 Marathus]
1095 3858 1331 3909 Libertus
1352 3858 1453 3912 ille,
1478 3856 1547 3906 de

492 3954 595 4005 quo
615 3956 772 4004 supra
794 3954 841 3987 c.
863 3941 946 3986 ⁷9.

557 4012 577 4047 ¹
610 4016 807 4079 Regem]
845 4013 1002 4063 Hunc
1024 4010 1182 4061 etiam
1208 4025 1273 4059 ex
1295 4008 1441 4059 libris
1467 4009 1544 4058 Si·

492 4090 699 4154 byllinis
719 4090 980 4151 cognitum
1017 4087 1204 4151 probat
1240 4086 1427 4136 Cicero
1456 4085 1546 4136 lib.

485 4181 556 4217 11.
578 4166 645 4215 de
669 4164 1021 4224 Divinatione,
1054 4163 1285 4227 quamvis
1318 4161 1543 4213 refellat.

487 4240 594 4291 Sed
633 4240 699 4288 de
735 4239 877 4291 Julio
916 4239 1123 4288 Caesare
1163 4239 1379 4288 Romani
1417 4245 1544 4288 tnnc

492 4317 742 4381 temporis
786 4314 838 4364 id
878 4314 1259 4379 intelligebant,
1294 4317 1429 4380 quod
1475 4318 1543 4367 de
1576 4297 1583 4305 ’

1627 3638 1701 3691 to,
1739 3627 1825 3692 qui
1868 3625 2064 3676 factum
2099 3622 2278 3680 fuerit,
2307 3628 2364 3671 ut
2386 3620 2687 3683 Suetonius,

1625 3705 1843 3755 hominis
1877 3704 2129 3754 duntaxat
2166 3700 2313 3750 unius
2352 3702 2407 3747 et
2453 3695 2686 3760 AEgyptii

1623 3781 1972 3833 testimonium
1991 3777 2256 3829 accersere
2288 3780 2502 3826 coactus
2527 3771 2689 3822 fuerit

1627 3859 1690 3909 ad
1726 3858 2035 3909 narrandam
2074 3853 2207 3904 tanti
2243 3848 2486 3900 momenti
2517 3849 2684 3898 histo·

1627 3936 1786 3985 riam:
1823 3933 1959 3984 unde
1985 3930 2157 3993 colligi
2182 3941 2335 3991 posse
2362 3931 2515 3989 putat
2546 3924 2682 3974 idern

1626 4012 1982 4073 Casaubonus,
2012 4008 2241 4058 noluisse
2274 4006 2535 4054 Romanos
2571 4000 2680 4051 An·

1624 4089 1756 4154 gusti
1774 4087 1998 4138 historioe
2019 4084 2299 4147 scriptores
2313 4080 2410 4129 hac
2423 4078 2474 4128 ei
2495 4077 2683 4127 fabella

1620 4167 1948 4217 divinitatem
1991 4169 2245 4220 astruere,
2283 4171 2348 4206 ne
2382 4155 2679 4220 pudicitiam

1623 4242 1802 4291 matris
1842 4241 1956 4304 ejus
1990 4239 2043 4287 in
2070 4236 2283 4286 dubium
2306 4238 2586 4291 vocarent3
2620 4243 2679 4279 ea

1628 4317 1916 4383 praesertim
1943 4321 2122 4369 aetate,
2144 4327 2246 4376 qua
2270 4324 2370 4361 non
2404 4309 2478 4358 ita
2502 4306 2678 4358 faciles
