3019 4922
542 337 674 404 122
1404 354 1465 400 c.
1515 349 1874 400 sunroNu

543 518 810 565 suarum
845 497 1380 578 commentarioS,
1424 496 1676 564 Gallici
1729 494 2285 581 civilisquebelli
2316 495 2730 580 Pompeiani.

546 601 731 668 Nam
779 600 1241 681 Alexandrini,
1289 601 1679 685 Africique³
1739 607 1811 664 et
1870 597 2380 683 HispaniensiS,
2438 599 2726 662 incertus

545 712 775 770 auctor
802 713 928 772 est.
1017 704 1159 771 Alii
1182 714 1213 756 4
1270 705 1569 791 Oppium
1626 710 1885 790 putant,
1946 703 2062 767 alii
2123 701 2506 765 Hirtiumz⁵
2526 708 2555 735 ¹²
2614 700 2732 783 qui

546 799 745 874 etiam
797 810 1052 876 Gallici
1098 813 1261 877 belli
1316 810 1756 875 novissimum
1798 806 2395 891 imperfectumque
2445 799 2732 869 librum<3

550 913 980 996 suppleverit.
1070 915 1176 979 De
1207 912 1704 980 commentariis
1728 921 1753 962 ⁷
1804 911 2037 976 Cicero
2069 910 2136 974 in
2166 908 2402 974 eodem
2436 908 2642 972 Bruto
2663 904 2686 943 ⁸
2706 912 2731 940 ⁰

550 1014 651 1080 sic
680 1014 917 1098 refert:
962 1013 1536 1082 ‘Commentarios
1582 1014 1874 1099 scripsit,
1906 1013 2105 1080 valde
2132 1011 2399 1098 quidem
2451 1011 2735 1095 proban-

549 1117 716 1212 dos:
745 1119 904 1183 nudi
936 1127 1110 1197 sunt,
1142 1120 1322 1200 recti,
1346 1128 1414 1186 et
1443 1119 1728 1198 venusti,
1753 1104 1928 1183 omni
1961 1123 2200 1182 ornatu
2220 1114 2569 1193 orationiS,
2596 1120 2743 1179 tan-

551 1241 755 1306 quam
785 1228 978 1287 veste
1010 1221 1347 1288 detracta:
1366 1231 1393 1274 9
1445 1222 1561 1287 sed
1590 1221 1750 1298 dum
1777 1220 2012 1299 voluit,
2058 1220 2227 1284 alios
2274 1216 2518 1298 habere
2547 1236 2745 1302 para-5

548 1334 744 1405 ta,¹0¹’
772 1325 948 1392 unde
976 1333 1324 1406 sumerent,
1354 1327 1472 1410 qui
1499 1325 1741 1390 vellent
1769 1326 2063 1389 scribere
2088 1322 2453 1399 historiam,
2483 1320 2739 1404 ineptis

1461 1504 1828 1533 eremo-enoc·

549 1630 581 1675 3
615 1622 923 1688 Africamque
955 1624 1232 1689 Stepb.—4
1265 1626 1352 1676 Ita
1390 1625 1627 1676 exhibuit
1646 1622 1806 1675 Wolf.
1840 1620 1946 1671 fide
1988 1621 2116 1671 Mss.
2149 1618 2297 1670 Med.
2335 1622 2385 1668 1.
2425 1622 2476 1668 8.
2500 1615 2657 1666 Vind.
2692 1621 2741 1667 2.

551 1690 699 1740 Cort.
722 1690 844 1739 item
869 1691 1059 1754 Copes.
1081 1691 1239 1740 Fouc.
1272 1692 1402 1741 Exc.
1425 1692 1577 1743 Voss.
1609 1698 1766 1755 atque
1789 1688 1923 1742 Edd.
1947 1687 2096 1736 Rom.
2129 1684 2303 1735 deleta
2325 1697 2452 1733 voce
2473 1684 2602 1733 enim
2623 1690 2744 1732 ante
2778 1699 2789 1704 “

556 1756 680 1818 Opp.
699 1770 848 1820 quam
873 1770 939 1804 ex
961 1756 1122 1806 tribus
1146 1756 1298 1806 codd.
1313 1756 1585 1806 delendam
1609 1770 1721 1806 esse
1739 1756 1852 1818 jam
1877 1758 2148 1803 monuerat
2169 1751 2316 1800 Torr.
2342 1747 2743 1813 suffragantibus

552 1819 713 1871 Wolf.
737 1827 791 1870 et
812 1821 1120 1884 Baumg.—5
1161 1821 1335 1871 Irrium
1358 1821 1512 1872 Huls.
1539 1821 1764 1871 Hir-cium
1796 1818 1930 1869 Edd.
1950 1819 2097 1867 Rom.
2120 1817 2302 1881 Stepb.
2327 1815 2445 1865 Bas.
2472 1822 2528 1864 et
2551 1816 2748 1878 plures·

550 1892 651 1935 -6
684 1886 791 1936 Pro
828 1886 909 1935 lib.
943 1887 1098 1936 babet
1121 1887 1306 1952 Copes.
1333 1886 1520 1949 bellum,
1541 1889 1673 1937 male
1705 1887 1948 1935 iteratum
1983 1898 2012 1931 a
2046 1880 2410 1946 superioribus.
2483 1881 2626 1930 Dein
2652 1893 2745 1943 pro

549 1952 830 2015 suppleverit
852 1952 1002 2002 Miill.
1025 1952 1077 2001 in
1101 1952 1228 2004 Obs.
1252 1953 1525 2017 legendum
1549 1958 1729 2002 censet
1746 1948 2092 2014 supplenda—⁷
2125 1947 2295 2011 Vulgo
2318 1954 2562 1995 exaratur
2590 1946 2748 1995 Coesu·

550 2018 623 2064 ris
643 2022 762 2066 ante
789 2016 970 2081 Cicero,
992 2018 1126 2082 quod
1151 2027 1205 2068 et
1228 2021 1438 2069 servant
1457 2018 1585 2067 Var.
1619 2018 1738 2079 Bip.
1776 2016 1960 2065 Pitisc.
1977 2013 2085 2062 .sed
2126 2020 2273 2062 recte
2304 2012 2580 2075 ejecerunt
2605 2010 2745 2060 Oud.

550 2079 710 2131 Wolf.
729 2082 948 2146 Baumg.
969 2091 1181 2133 auctore
1202 2085 1384 2134 Burm.
1406 2089 1461 2133 et
1481 2083 1633 2134 deest
1653 2085 1805 2133 Voss.
1828 2078 1976 2129 Med.
1998 2082 2048 2127 2.
2077 2076 2213 2127 Edd.
2238 2079 2386 2127 Rom.
2413 2078 2632 2137 Bam—8
2663 2076 2749 2125 Sic

552 2145 882 2196 scribendum
907 2148 1068 2197 visum
1104 2154 1185 2199 est
1204 2150 1347 2200 Torr.
1371 2148 1594 2199 Casaub.
1617 2148 1791 2199 Pulm.
1815 2146 2045 2210 aliisque,
2068 2153 2120 2192 et
2146 2142 2352 2192 edidere
2376 2142 2543 2192 Gron.
2568 2141 2749 2190 Burm.

557 2211 696 2261 Oud.
722 2213 889 2276 proin
922 2216 1022 2263 eod.
1043 2214 1182 2277 libro,
1217 2223 1274 2264 ut
1306 2215 1483 2265 ceteri.
1550 2212 1777 2264 Accedit
1799 2211 2078 2261 auctoritas
2104 2209 2258 2257 trium
2285 2207 2428 2257 Med.
2449 2204 2614 2257 Vind.
2636 2205 2756 2254 Pin.

556 2277 703 2327 Cort.
727 2277 866 2329 Pitb.
897 2278 1021 2327 Par.
1050 2280 1186 2330 Edd.
1222 2281 1371 2331 Rom.
1402 2288 1458 2331 et
1478 2280 1696 2330 Mediol.
1759 2278 1821 2327 In
1846 2291 1948 2326 uno
1971 2276 2120 2324 Tor-r.
2150 2274 2251 2323 Cic.
2273 2274 2449 2329 Bruto,
2472 2272 2675 2321 omissis
2696 2271 2751 2335 ἑτι

552 2343 655 2391 eod.
699 2342 828 2392 Mox
849 2344 920 2393 sic
938 2345 1083 2394 etiam
1103 2347 1316 2395 Memm.
1337 2348 1525 2409 Copes.
1549 2346 1717 2395 Periz.
1740 2357 1907 2406 marg.
1922 2341 2077 2390 Voss.
2099 2339 2231 2388 Bon.
2255 2340 2375 2388 Bas.
2407 2338 2539 2387 Tum
2563 2351 2659 2401 pro
2680 2351 2755 2385 re·

539 2406 649 2467 fert
670 2407 823 2457 Vind.
846 2413 889 2458 1.
913 2410 1101 2474 scribit,
1123 2418 1179 2460 et
1201 2412 1377 2461 statim
1400 2412 1551 2461 deest
1571 2410 1871 2476 quiderm—9
1905 2406 2084 2469 Multi,
2105 2406 2383 2471 interquos
2405 2403 2564 2453 Grut.
2588 2402 2757 2453 Gron.

556 2486 625 2520 ex
664 2475 925 2524 sententia
960 2478 1118 2531 Turn.
1153 2482 1209 2526 et
1242 2477 1327 2526 hic
1360 2478 1539 2542 Steph.
1571 2476 1847 2526 ediderunt
1870 2475 2099 2528 detracto,
2123 2471 2447 2535 improbante
2469 2468 2614 2519 Oud.
2638 2483 2753 2517 cum

554 2536 715 2591 Wolf.
740 2548 793 2590 et
817 2541 1034 2608 Baumg.
1100 2542 1237 2593 Vide
1260 2543 1398 2595 Oud.
1433 2543 1486 2595 h.
1524 2544 1693 2593 l.—1o
1726 2541 1849 2592 Hoc
1885 2538 2040 2590 modo
2072 2541 2418 2604 reposuerunt
2451 2535 2580 2586 Urs.
2612 2534 2758 2585 Glar.

1547 2707 1760 2759 No'rAE

554 2817 656 2868 sit:
691 2817 906 2884 ‘itaque
944 2822 1110 2872 nostri
1150 2823 1215 2873 ad
1262 2822 1611 2874 dimicandum

555 2895 863 2960 procedunt,
885 2896 938 2965 id
963 2898 1102 2963 quod
1131 2900 1457 2955 adversarios
1478 2901 1614 2950 exis-

1692 2821 1914 2888 quodam
1948 2825 2004 2873 et
2034 2816 2243 2870 horrido
2265 2796 2437 2882 stylo,’
2477 2829 2598 2866 cum
2636 2813 2767 2881 illud

1693 2898 1926 2950 Africum
1966 2911 2174 2962 nempe,
2209 2909 2312 2945 non
2346 2894 2487 2944 inter
2524 2893 2626 2943 alia
2651 2900 2764 2942 tan-

556 2971 864 3023 tirnabamus
899 2987 1012 3023 esse
1050 2973 1301 3037 facturos,
1323 2976 1410 3042 qui
1439 2984 1613 3027 tamen

558 3063 591 3097 a
632 3049 917 3099 munitione
961 3052 1140 3115 oppidi
1188 3053 1328 3103 mille
1382 3054 1615 3118 passibus

556 3124 759 3189 longius
780 3139 881 3176 non
907 3127 1298 3192 procedebant?
1318 3134 1417 3181 &c.
1462 3131 1616 3183 Unde

557 3209 708 3265 patet
731 3216 835 3252 non
856 3203 956 3254 nisi
980 3219 1117 3270 aegre
1134 3205 1199 3255 ad
1225 3208 1457 3272 praelium
1477 3208 1616 3259 allici

558 3277 808 3342 potuisse.

619 3362 651 3388 Β
684 3355 891 3419 Oppium
901 3360 1095 3420 putant,
1114 3358 1202 3408 alii
1218 3359 1464 3426 Hirtium]
1499 3363 1616 3413 Cae·

557 3433 689 3483 saris
724 3434 934 3499 amicos,
958 3449 1172 3500 quorum
1210 3440 1353 3502 prior
1385 3441 1614 3494 absentis

556 3511 767 3574 negotia
788 3525 904 3560 cum
927 3513 1093 3564 Balbo
1106 3514 1347 3567 Cornelio
1370 3519 1616 3585 curabat3

558 3593 618 3637 ut
639 3595 820 3638 auctor
844 3594 926 3637 est
959 3588 1160 3641 Gellius
1195 3591 1285 3642 lib.
1310 3607 1454 3645 xvn.
1494 3610 1541 3645 c.
1566 3599 1616 3646 9.

557 3666 696 3731 quod
722 3667 949 3717 Hirtium
970 3683 1183 3731 operum
1215 3671 1415 3721 illorum
1439 3680 1615 3723 aucto·

557 3755 668 3791 rem
685 3740 842 3792 fuisse
858 3743 1171 3807 probabilius
1191 3746 1503 3798 reddiderit:
1534 3749 1618 3801 bic

559 3814 697 3867 enim
731 3820 987 3869 Caesarem
1027 3822 1395 3890 comitabatur,
1436 3825 1480 3874 si
1515 3840 1616 3876 non

558 3892 808 3944 Africano
832 3903 890 3945 et
910 3896 1280 3965 Alexandrino,
1304 3902 1483 3950 saltem
1503 3903 1619 3952 aliis

559 3970 737 4045 bellis3
788 3973 885 4020 nisi
918 3976 1163 4044 orationis
1197 3978 1473 4029 diversitas
1515 3995 1619 4029 non

560 4048 709 4098 unius
729 4048 982 4099 duntaxat
999 4051 1096 4100 viri
1116 4067 1246 4116 opus
1260 4052 1417 4105 fuisse
1437 4070 1621 4121 argue-

558 4128 664 4181 ret,
706 4122 943 4174 Africum
983 4130 1276 4188 praesertim
1321 4138 1378 4182 et
1429 4132 1621 4197 Hispa·

560 4200 740 4250 nlense
795 4199 985 4250 bellum
1010 4217 1025 4262 ς
1080 4203 1180 4253 hoc
1223 4205 1360 4255 enim
1413 4209 1618 4272 Lipsius

561 4275 731 4337 Elect.
754 4289 819 4327 ιι.
852 4290 967 4342 cap.
989 4281 1073 4328 22.
1106 4280 1181 4331 ait
1218 4295 1334 4332 esse
1374 4283 1391 4312 ‘
1410 4284 1618 4336 militari

1695 2980 1805 3025 tum
1827 2975 2073 3036 emineat,
2093 2971 2187 3022 sed
2210 2971 2350 3021 inter
2380 2969 2637 3035 pleraque
2661 2969 2764 3019 Ro.-

1694 3066 1849 3102 mana
1871 3052 2099 3115 scripta:
2136 3047 2153 3075 ⁴
2171 3048 2247 3098 ita
2266 3044 2441 3102 tersa,’
2456 3045 2656 3111 inquit,
2681 3046 2698 3073 ‘
2714 3045 2766 3093 in

1696 3144 1760 3180 eo
1782 3135 1837 3179 et
1859 3127 1926 3178 ad
1949 3126 2214 3177 comicum
2234 3136 2428 3173 morem
2447 3135 2586 3184 pura
2606 3120 2768 3170 dictio

1695 3200 1914 3274 simplex
1935 3206 2224 3267 cohaerens,
2248 3210 2304 3253 et
2327 3199 2555 3251 candida
2589 3213 2770 3248 narra-

1695 3285 1806 3347 tio,’
1828 3289 1929 3335 &c.
1947 3299 2009 3335 eo
2029 3276 2195 3349 usqu'e
2230 3286 2289 3330 ut
2322 3278 2535 3329 Caes'are
2553 3272 2768 3341 'dignius

1696 3378 1807 3414 esse
1829 3366 1981 3427 putet
2001 3359 2128 3410 illud
2147 3369 2462 3422 opus,quam
2490 3355 2595 3418 ipsi
2617 3353 2773 3405 Com-

1696 3441 1953 3492 mentarii.
1985 3439 2071 3489 De
2094 3435 2390 3496 novissimo,
2413 3439 2608 3483 octavo
2632 3432 2772 3483 scili-

1699 3526 1805 3580 cet,
1817 3516 1941 3567 belli
1962 3512 2157 3566 Gallici
2180 3511 2335 3571 libro,
2356 3515 2610 3560 constare
2629 3508 2776 3559 vide-

1703 3602 1788 3645 tur
1827 3609 1894 3643 ex
1931 3589 2242 3657 praefatione
2291 3586 2452 3636 Hirtii
2501 3601 2658 3650 esse3
2704 3587 2775 3637 ibi

1701 3672 1837 3720 enim
1871 3669 2054 3719 eadem
2086 3667 2330 3730 leguntur
2354 3678 2475 3728 quae
2500 3664 2591 3715 bic
2616 3679 2684 3714 ex
2709 3677 2773 3714 eo

1698 3749 1877 3798 retulit
1896 3744 2192 3796 Suetonius.

1761 3831 1785 3856 ⁰
1820 3824 1987 3872 Cicero
2027 3822 2083 3871 in
2123 3821 2282 3870 eodem
2322 3816 2516 3880 Bruto]
2589 3819 2679 3868 Sic
2723 3818 2777 3868 in

1698 3896 2008 3952 membranis
2047 3896 2219 3961 regiis,
2252 3902 2308 3946 et
2339 3894 2545 3946 Pithoei
2581 3899 2780 3965 Casau-

1700 3979 1865 4028 bonus
1887 3978 2036 4040 legit,
2060 3981 2116 4023 et
2137 3974 2187 4022 in
2218 3969 2417 4021 duobus
2443 3973 2613 4022 esuis
2637 3974 2783 4023 codi-

1700 4055 1843 4106 cibus
1867 4050 2176 4103 Torrentius
2198 4065 2212 4097 t
2247 4047 2449 4095 deerat.
2465 4046 2523 4096 in
2548 4050 2781 4113 vulgatis

1699 4122 1804 4183 'vox
1825 4132 2001 4181 Bruto.
2069 4123 2222 4191 Apud
2241 4123 2557 4174 Ciceronem
2583 4126 2780 4177 ibidem

1699 4209 1929 4276 reperias
1953 4206 2005 4258 iu
2030 4204 2216 4259 Bruto,
2240 4213 2429 4263 nempe
2453 4214 2605 4255 num.
2625 4208 2768 4268 262„

1760 4293 1791 4329 Ρ
1812 4279 2022 4344 Parata]
2045 4278 2127 4330 Ad
2146 4274 2480 4330 scribendam
2502 4277 2780 4345 historiam
