3019 4922
504 405 632 471 388
1331 423 1410 467 «ο.
1457 418 1815 469 sus'roNn

504 564 957 630 mathematici
999 562 1395 647 'pergulam‘'
1437 567 1679 631 comite
1708 556 2012 649 Agrippa
2055 560 2491 630 ascenderat:
2542 583 2695 629 cum

504 667 855 751 Agrippae,
889 668 1002 749 qui
1033 667 1215 751 prior
1246 669 1660 746 consulebat,
1685 687 1924 750 magna
1957 672 2024 732 et
2051 666 2245 751 paene·
2274 668 2699 734 incredibilia

505 772 1044 854 praedicerentur,
1075 773 1348 835 reticere
1404 773 1552 855 ipse
1607 774 1972 853 genituram
1997 781 2023 820 Ρ
2087 792 2301 850 suam,
2331 765 2468 835 ‘nec
2519 771 2696 835 velle

508 875 701 938 edere
737 873 1224 955 perseverabat,
1252 882 1427 937 metu
1458 894 1539 938 ac
1572 873 1846 956 pudore,
1884 894 1967 937 ne
2009 875 2222 939 minor
2266 875 2696 962 inveniretur.

507 975 664 1053 Qua
700 981 914 1038 tamen
963 984 1121 1056 post
1159 975 1405 1039 multas
1451 966 1956 1040 adhortationes
1986 984 2015 1023 ⁵
2042 972 2159 1040 trix
2201 985 2270 1041 et
2300 972 2695 1041 cunctanter

502 1077 699 1152 edita,
734 1074 1492 1157 exsiluit⁶TheogeneS,
1525 1077 1959 1161 adoravitque
1981 1099 2156 1143 eum.
2211 1079 2501 1143 Tantam
2533 1097 2697 1143 mox

503 1179 821 1242 fiduciam
851 1179 969 1242 fati
992 1177 1338 1259 Augustus
1367 1178 1624 1255 habuit,
1652 1185 1722 1242 ut
1747 1179 2004 1243 thema⁷
2026 1174 2263 1243 s‘uumq
2296 1168 2693 1262 vulgaverit,

501 1280 973 1362 nummumque
1005 1285 1381 1361 argenteum
1412 1288 1569 1345 nota
1598 1280 1837 1344 sideris
1857 1279 2301 1363 Capricorni,r
2322 1301 2457 1365 quo
2492 1289 2695 1345 natus

503 1388 654 1459 est,s
683 1384 1116 1463 percusserit.
1204 1381 1368 1464 [95]
1422 1382 1585 1446 Post
1637 1382 1865 1445 necem
1916 1380 2231 1461 CaesariS‚
2283 1402 2550 1448 reverso
2608 1384 2695 1447 ab

1418 1563 1775 1585 OOOOOOOOOOOO

501 1696 580 1756 qui
615 1709 709 1743 sor.
747 1694 878 1745 Edd.
902 1696 1033 1746 Ven.
1054 1699 1105 1745 2.
1128 1699 1176 1744 3.
1210 1703 1263 1745 et
1294 1695 1496 1756 Apoline
1529 1693 1615 1742 sed
1644 1694 1694 1742 in
1720 1708 1881 1756 marg.
1922 1695 2154 1757 Apollinii
2178 1695 2294 1745 Pin.
2297 1700 2390 1743 -5
2429 1693 2693 1745 Exsonat.

499 1760 657 1809 vind.
682 1764 731 1808 2.
772 1775 831 1808 ac
864 1762 948 1810 vix
984 1776 1113 1810 cunc.
1136 1763 1285 1810 Cort.
1329 1760 1459 1808 Edd.
1490 1760 1634 1807 Rom.
1637 1763 1733 1806 -6
1775 1760 1978 1808 Exilivt‘t
2004 1760 2084 1807 hic
2109 1768 2162 1808 et
2193 1775 2310 1824 cap.
2333 1764 2416 1809 96.
2473 1761 2691 1817 Merum.

501 1826 618 1873 cum
643 1825 756 1873 aliis
776 1825 932 1874 editis
966 1833 1021 1875 et
1049 1825 1273 1888 scriptis.
1308 1824 1511 1873 Exsieiit
1545 1825 1672 1872 Exc.
1697 1824 1849 1872 Voss.
1898 1825 2208 1873 Etnendavit
2245 1823 2436 1888 primus
2459 1824 2695 1879 Gronov.

498 1889 627 1937 Tum
647 1895 693 1937 et
715 1891 928 1939 adoravit
954 1891 1143 1939 Medic.
1166 1896 1212 1939 1.
1233 1889 1387 1939 vind.
1411 1894 1459 1937 2.
1508 1889 1679 1946 Supra
1704 1889 1859 1936 Fouc.
1881 1904 1962 1937 nec
1984 1891 2249 1939 minan—7
2286 1889 2531 1939 Mathema
2546 1890 2695 1938 Cort-

499 1955 704 2015 schema,
729 1963 785 2004 et
808 1971 926 2005 mox
947 1955 1030 2005 sub
1050 1971 1158 2018 quo,
1180 1954 1435 2004 scribend.
1458 1954 1620 2002 voluit
1639 1953 1841 2003 Carion.
1866 1953 1953 2004 lib.
1975 1958 2095 2004 n.2.
2130 1954 2344 2003 Emend.
2367 1954 2699 2018 improbante

1502 2117 1722 2169 NOTAE

555 2208 588 2262 ⁷⁰
617 2232 892 2296 Per-gulam]
913 2233 1085 2283 Breve
1098 2233 1356 2296 quoddam
1378 2232 1553 2281 anthu-

501 2309 696 2357 lacrum
728 2315 810 2359 est
836 2309 888 2357 in
920 2308 1061 2359 edito
1086 2318 1140 2359 et
1165 2311 1441 2374 propatulo
1463 2308 1554 2358 do·

1634 2237 1816 2280 rantur
1834 2229 2050 2293 insignia
2071 2230 2376 2293 potestatis.'
2442 2230 2561 2279 Hoc
2581 2233 2694 2281 nati

1634 2306 1869 2357 feruutur
1894 2308 2106 2356 Carolus
2128 2309 2193 2358 V.
2263 2308 2478 2357 Cosmus
2518 2308 2695 2358 Medi-

500 2400 611 2439 mus
645 2386 790 2446 loco,
807 2385 893 2434 ubi
918 2394 986 2441 et,
1010 2385 1325 2450 professores
1347 2388 1554 2449 docere,

500 2471 556 2510 et
572 2461 798 2511 artifices
822 2478 984 2526 opera
1007 2479 1102 2513 sua
1124 2471 1406 2525 ostentare,
1426 2466 1555 2512 sole·

498 2537 642 2601 bant,
661 2548 713 2586 ut
737 2538 801 2586 de
820 2539 1212 2603 ApellePlinius
1232 2540 1321 2590 lib.
1341 2553 1554 2590 xxxin.

500 2629 547 2663 c.
569 2618 648 2665 10.
684 2616 941 2679 Vopiscus
963 2618 1013 2666 in
1041 2618 1148 2667 vita
1173 2617 1435 2667 Saturnini
1460 2616 1554 2665 sub

500 2688 653 2739 finem
666 2694 679 2719 ⁴
697 2694 934 2754 pergulas
948 2693 1460 2755 magistrales'vocat.
1485 2694 1554 2741 Et

502 2766 741 2817 Juvenal.
764 2768 937 2817 Satira
962 2782 1045 2817 xt.
1067 2784 1139 2817 vs.
1165 2774 1275 2819 137.
1307 2769 1324 2797 ‘
1346 2769 1440 2818 Cui
1467 2783 1553 2818 ce-

500 2840 621 2889 dere
644 2842 837 2892 debeat
858 2844 1017 2892 omnis
1060 2844 1304 2908 Pergula,
1332 2846 1553 2908 discipu·

502 2918 586 2965 lus
608 2920 867 2981 Trypheri
892 2921 1159 2983 doctoris,'
1179 2926 1277 2970 &m

565 3000 591 3033 Ρ
628 2994 935 3059 Genituram]
974 2996 1314 3045 Nativitatem
1346 2996 1556 3045 Beroal-

501 3066 597 3115 dus
616 3069 863 3131 appellat,
886 3070 1019 3133 qnod
1032 3066 1086 3119 et
1103 3080 1281 3120 auctor
1302 3071 1386 3120 hic
1404 3072 1556 3135 paulo

500 3157 681 3205 supra,
716 3145 929 3206 ‘partus
971 3145 1187 3195 horam.’
1252 3147 1352 3195 Sed
1399 3155 1453 3196 et
1488 3147 1558 3196 de

495 3218 610 3281 ,ipsa
630 3219 973 3281 conceptione
998 3228 1171 3283 potest
1191 3222 1427 3285 intelligi.

566 3302 592 3335 ‘1
628 3295 803 3344 Thema
821 3298 981 3361 suum]
1018 3297 1135 3347 Hoc
1177 3306 1279 3363 est,
1322 3299 1558 3363 figuram,

502 3383 617 3433 qute
653 3372 792 3427 coeli,
830 3372 1173 3437 planetarum,
1194 3383 1251 3425 et
1291 3377 1557 3425 stellarum

499 3444 887 3510 dispositionem
912 3447 1050 3497 illam
1083 3451 1417 3514 exprimeret,
1438 3466 1556 3516 quae

503 3521 627 3572 tuuc
651 3531 784 3587 erat,
806 3538 922 3573 cum
963 3532 1115 3574 natus
1138 3527 1249 3577 sive
1272 3536 1556 3592 conceptus

504 3606 657 3647 esset.
821 3635 824 3640 ⁴

569 3681 587 3706 ¹
623 3673 923 3737 Capricorni]
968 3676 1165 3725 Notum
1210 3677 1421 3727 Zodiaci
1461 3679 1561 3742 sig-

501 3765 642 3805 num,
667 3765 768 3813 quo
789 3750 878 3799 Sol
905 3766 1020 3799 cum
1039 3755 1293 3816 pervenit,
1334 3755 1562 3806 brumale

503 3828 779 3876 solstitium
806 3826 1015 3890 incipit,
1037 3843 1133 3877 nec
1173 3844 1351 3877 versus
1390 3832 1562 3893 polum

506 3904 643 3952 ultra
660 3902 1016 3966 progreditur:
1038 3905 1342 3966 hocsignum
1358 3904 1563 3969 regibus

506 3985 563 4026 et
598 3980 993 4041 imperatoribus
1030 3981 1335 4041 generandis
1388 3982 1568 4045 praeci-

510 4067 611 4115 pue
636 4062 832 4115 potens.
866 4055 1035 4106 Julius
1061 4057 1311 4106 Firtnicus
1330 4058 1415 4107 tib.
1442 4072 1567 4110 vm.

508 4128 524 4153 ‘
547 4127 721 4175 Prima
750 4143 870 4190 pars
916 4131 1239 4196 Capricorni,
1284 4136 1326 4183 si
1373 4134 1424 4183 in
1473 4136 1566 4183 ¹ho-

512 4217 731 4264 roscopo
754 4203 912 4254 fuerit
934 4207 1161 4268 inventa,
1200 4223 1371 4278 regem
1409 4210 1568 4260 faciet

510 4292 571 4327 ac
615 4278 915 4344 principem,
953 4289 1007 4330 et
1043 4283 1127 4331 cui
1161 4288 1381 4335 maxima
1419 4284 1568 4337 defe-

1635 2398 1775 2445 ceus,
1796 2393 1848 2432 et
1881 2384 2100 2433 Selimus
2136 2385 2416 2433 Turcarum
2458 2385 2694 2448 Impera-

1635 2468 1736 2511 tor.

1698 2545 1716 2570 ⁸
1753 2537 1858 2592 Quo
1881 2543 2019 2586 natus
2050 2537 2145 2600 est]
2178 2539 2291 2586 ‘1x.
2332 2537 2454 2586 Kal.
2499 2537 2698 2589 Octob.

1636 2615 1790 2678 paulo
1824 2623 1964 2662 ante
1984 2615 2103 2663 solis
2141 2613 2414 2677 exortum,’
2449 2621 2505 2663 ut
2539 2629 2702 2677 snpra.

1635 2706 1682 2741 c.
1717 2696 1764 2739 5.
1832 2689 1982 2741 Quod
2020 2697 2191 2739 tamen
2230 2690 2542 2753 impossibile
2566 2690 2702 2740 dicit

1633 2766 1850 2830 Joseph.
1889 2766 2121 2830 Scaliger
2157 2766 2246 2815 lib.
2283 2779 2342 2814 tt.
2379 2766 2442 2813 de
2472 2767 2699 2816 Emend.

1632 2843 1942 2904 Temporum
1981 2857 2095 2905 cap.
2121 2846 2170 2890 2.
2204 2856 2420 2906 quocum
2447 2841 2701 2892 Petavius

1634 2918 1725 2966 lib.
1763 2930 1816 2965 x.
1858 2916 1924 2965 de
1963 2917 2217 2965 Doctrina
2249 2918 2555 2979 Temporuru
2581 2931 2703 2981 cap.

1634 2998 1716 3042 64.
1740 3002 1795 3042 et
1819 2992 1906 3043 lib.
1945 3006 2022 3041 xt.
2062 3008 2108 3042 c.
2132 2997 2182 3041 6.
2212 3001 2439 3041 erratum
2463 3008 2494 3041 a
2513 2994 2704 3043 Sueto·

1637 3068 1724 3117 nio
1747 3068 1942 3117 diserte
1967 3068 2287 3131 pronuntiat.
2336 3069 2449 3118 Viri
2471 3070 2549 3117 illi
2570 3083 2703 3132 prae·

1638 3150 1832 3193 stantes
1867 3142 2005 3192 diem
2040 3144 2181 3191 illum
2217 3143 2440 3206 Augusti
2475 3145 2705 3194 natalem

1637 3218 1689 3267 in
1722 3221 1805 3267 21.
1839 3226 1930 3268 aut
1966 3222 2047 3267 22.
2082 3218 2212 3269 Julii
2249 3220 2436 3267 mensis
2462 3220 2705 3268 hodierni

1639 3293 1901 3356 referunt,-
1919 3295 2053 3343 hunc
2083 3294 2442 3343 existimantes
2477 3294 2702 3344 eundem

1638 3386 1748 3421 esse
1790 3386 1908 3420 cum
1946 3384 2030 3419 tx.
2065 3371 2184 3419 Kal.
2225 3370 2352 3421 Oct.
2383 3370 2505 3419 anni
2544 3371 2699 3420 Pom·

1638 3448 1836 3513 piliani,
1855 3448 2076 3495 nondum
2102 3461 2133 3493 a
2150 3446 2183 3496 J
2190 3446 2290 3494 ulio
2311 3445 2704 3510 reformati,(de

1640 3539 1743 3590 quo
1766 3537 1923 3587 supra
1959 3523 2007 3570 in
2040 3521 2181 3572 Julio
2216 3536 2260 3570 c.
2293 3520 2401 3586 40.)
2436 3530 2491 3571 et
2524 3523 2704 3571 horam

1641 3602 1796 3665 paulo
1819 3605 1938 3649 ante
1962 3598 2093 3647 Solis
2133 3611 2391 3660 occasum,
2423 3613 2524 3647 non
2553 3613 2704 3647 exor-

1644 3686 1770 3732 tum,
1790 3675 1948 3724 fuisse
1962 3673 2180 3721 firmiter
2199 3669 2498 3721 asseverant
2512 3688 2530 3734 ;
2553 3673 2704 3737 quip-

1643 3768 1706 3817 pe
1728 3767 1842 3801 cum
1868 3751 1968 3799 alio
1993 3747 2143 3797 modo
2180 3756 2303 3797 tuuc
2338 3749 2705 3811 horoscopasse

1645 3829 1745 3877 dici
1767 3842 1865 3876 non
1890 3826 2054 3889 possit
2079 3825 2446 3887 Capricornus,
2464 3825 2600 3889 quod
2617 3839 2706 3873 ce-

1645 3906 1847 3970 teroqui
1880 3918 2031 3953 nemo
2071 3902 2278 3961 dixerit,
2311 3916 2427 3951 cunt
2451 3903 2527 3951 rei
2549 3902 2705 3951 fidem

1644 3981 1843 4031 faciant
1879 3978 2071 4029 nummi
2110 3978 2389 4027 etiamnum
2427 3978 2577 4027 hodie
2613 3992 2709 4025 ex-

1647 4067 1840 4108 tantes.
1908 4055 2182 4116 Suetonius
2227 4053 2326 4110 hic,
2368 4063 2421 4102 et
2460 4054 2706 4102 Manilius

1649 4133 1738 4184 lib.
1762 4148 1826 4186 u.
1858 4132 2068 4181 ‘contra
2087 4128 2432 4191 Capricornus
2456 4130 2507 4176 in
2539 4131 2705 4192 ipsum

1650 4209 1919 4260 Convertit
1945 4208 2110 4264 vistts;
2130 4203 2250 4267 qnid
2274 4205 2408 4253 enim
2433 4205 2708 4254 mirabitur

1650 4288 1737 4337 ille
1761 4285 1953 4349 Majus,
1987 4282 2038 4331 iu
2076 4280 2301 4343 Augusti
2321 4279 2449 4330 felix
2471 4297 2582 4332 cum
2604 4280 2706 4331 ful-
