3019 4922
448 417 581 488 530

453 587 619 658 rent,
655 601 731 644 ne
774 584 1028 644 mortuo
1075 578 1307 643 sedem
1353 579 1585 657 ullam,
1636 580 1770 643 nisi
1819 580 1983 643 inter
2028 579 2302 663 impioS,
2347 581 2580 647 darent
2600 579 2646 661 ς’

457 686 572 750 alii
602 703 839 748 uncum
874 690 942 747 et
986 680 1398 747 Gemoniash
1429 683 1739 748 cadaveri
1788 683 2212 761 minarentur,
2261 685 2655 775 exacerbati

454 806 658 871 super
686 788 1071 851 memoriam
1102 787 1401 869 pristinae
1437 786 1848 850 crudelitatis
1896 786 2103 849 etiam
2133 789 2379 851 recenti
2414 790 2658 851 atroci-

455 896 620 954 tate.
711 890 886 954 Nam
922 911 1073 956 cum
1118 886 1756 955 Senatusconsulto¹
1789 898 2054 954 cautum
2088 897 2315 967 esset,³
2348 897 2419 954 ut
2447 911 2657 973 poena

457 992 919 1058 damnatorum
949 995 1016 1058 in
1042 994 1377 1059 decimum
1411 1014 1680 1078 semper
1710 993 1887 1057 diem
1912 992 2306 1069 differretur,
2333 993 2503 1057 forte
2541 1014 2656 1058 ac-

457 1096 637 1173 cidit,
667 1104 741 1161 ut
769 1097 1189 1181 quorundam
1221 1098 1537 1181 supplicii
1582 1097 1727 1161 dies
1768 1099 1828 1161 is
1868 1103 2063 1171 esset,
2110 1118 2248 1181 quo
2280 1098 2653 1161 nuntiatum

457 1199 540 1264 de
581 1199 850 1265 Tiberio
882 1208 1045 1264 erat.
1137 1199 1292 1264 Hos
1333 1199 1771 1284 implorantes
1817 1199 2161 1265 hominum
2203 1200 2423 1277 fidem,
2471 1201 2657 1283 quia,

458 1303 742 1366 absente
777 1301 995 1367 adhuc
1029 1300 1219 1379 Caio,
1250 1322 1438 1366 nemo
1469 1304 1806 1380 extabat,4
1860 1304 1978 1387 qui
2014 1304 2178 1370 adiri
2211 1303 2655 1387 interpellari-

460 1424 589 1487 que
616 1412 876 1487 posset,
912 1405 1254 1483 custodes,
1304 1426 1389 1469 ne
1437 1406 1602 1489 quid
1650 1407 1972 1471 adversus
2006 1408 2444 1471 constitutum
2475 1406 2662 1469 face-

458 1512 624 1584 rent,
655 1510 1242 1589 strangulaverunt,
1294 1507 1800 1593 abjeceruntque
1846 1511 1912 1574 in
1946 1510 2339 1574 Gemonias·
2428 1508 2667 1573 Crevit

462 1610 660 1693 igitur
685 1610 960 1687 invidia,
985 1612 1181 1693 quasi
1211 1611 1411 1676 etiam
1440 1618 1598 1694 post
1618 1620 1895 1677 mortem
1923 1614 2190 1697 tyranni
2222 1612 2489 1677 saevitia
2510 1631 2668 1695 per-

461 1719 789 1777 manente.
859 1712 1123 1796 Corpus
1155 1719 1267 1777 ut⁵
1297 1715 1555 1779 moveri
1588 1734 1629 1779 a
1661 1715 1927 1779 Miseno
1959 1716 2202 1799 coepit,
2235 1716 2691 1779 conclaman-‚

461 1816 646 1879 tibus
693 1815 1054 1898 plerisque,
1102 1820 1122 1852 ‘
1145 1812 1478 1881 Atellamk
1526 1819 1745 1900 potius
1790 1817 2236 1897 deferendum,
2288 1824 2356 1881 et
2401 1817 2470 1881 in
2499 1815 2671 1879 Am-

461 1915 877 2000 phitheatro¹
909 1919 1544 1995 semiustulandum,'
1579 1919 1867 1984 Romam
1917 1940 2036 2003 per
2073 1921 2318 1986 milites
2348 1919 2672 2003 deporta-

462 2026 606 2084 tum
636 2028 764 2099 est,
799 2029 1292 2104 crematumque
1309 2022 1588 2105 publico
1620 2022 1867 2085 funere.
1956 2022 2117 2107 [76.]
2162 2023 2668 2088 Testamentum

464 2123 722 2205 duplex
781 2132 934 2188 ante
990 2125 1330 2188 biennium
1377 2124 1672 2190 fecerat:
1718 2125 2000 2191 alterum
2055 2145 2202 2201 sua,
2258 2126 2535 2189 alterum
2583 2124 2666 2186 li-

461 2226 631 2322 berti
649 2225 677 2265 ⁶
706 2247 934 2306 manu,
969 2227 1086 2291 sed
1117 2228 1352 2291 eodem
1371 2229 1732 2311 exemplo;
1766 2229 2371 2312 obsignaveratque
2392 2235 2433 2263 ¹¹¹
2459 2228 2671 2292 etiam

1311 436 1376 481 G.
1423 434 1783 484 SUETONH

1382 2410 1749 2432 “tumeo“

467 2526 592 2576 Lisl.
629 2526 743 2579 cod.
781 2526 1119 2575 Tiberina—2
1153 2526 1453 2589 Matremque
1486 2526 1643 2575 Vind.
1680 2532 1727 2575 1.
1760 2534 1814 2577 et
1848 2528 2009 2577 inanes
2041 2528 2261 2590 Cuj.—3
2296 2524 2382 2576 Sic
2415 2540 2529 2575 curn
2569 2526 2673 2573 Be-

463 2592 628 2647 roald.
653 2607 682 2640 e
707 2593 808 2641 suis
833 2593 964 2642 Mss.
990 2591 1152 2640 edidit
1177 2591 1396 2640 Casaub.
1421 2592 1793 2641 accedentibus
1820 2593 2016 2642 Medic.
2052 2592 2210 2641 Polit.
2246 2592 2365 2652 Cuj.
2391 2592 2545 2640 Voss.
2580 2590 2673 2638 ali-

468 2665 595 2719 quot
614 2657 762 2706 Torr.
781 2665 836 2706 et
868 2659 911 2706 N
919 2671 1040 2706 onn.
1073 2657 1136 2704 In
1156 2657 1344 2705 ceteris
1367 2664 1422 2705 et
1438 2656 1575 2706 Edd.
1597 2659 1747 2706 Vett.
1770 2657 1882 2706 fere
1905 2657 1973 2707 O.
1996 2663 2154 2706 netum
2175 2663 2309 2706 esset.
2333 2656 2453 2705 Ant.
2472 2654 2676 2718 Grypb.

464 2723 641 2779 Plant.
668 2724 1124 2775 ,senatusconsultum
1154 2726 1328 2770 actum.
1374 2722 1525 2785 Conj.
1565 2723 1744 2771 Bnrm.
1779 2724 1970 2781 factum
2000 2729 2137 2771 esset.
2216 2721 2363 2770 Infra
2393 2722 2479 2769 Itos
2514 2721 2672 2768 deest

466 2787 625 2835 Vind.
656 2791 794 2835 1.-4
810 2786 1016 2836 Astabat
1036 2787 1192 2835 Vind.
1208 2788 1424 2836 2.‹Cort.
1450 2787 1623 2836 Periz.
1643 2787 1876 2837 Harlem.
1900 2787 2087 2850 aliique
2109 2801 2224 2836 curn
2248 2786 2382 2836 Edd.
2407 2793 2527 2834 ante
2551 2785 2676 2834 Bas.

467 2857 562 2899 —5
603 2852 670 2900 Ut
703 2867 832 2915 corp.
863 2852 1022 2900 Vind.
1058 2856 1104 2899 1.
1137 2853 1283 2913 pteris
1316 2852 1426 2898 sine
1451 2868 1541 2913 que
1575 2861 1684 2915 opt.
1707 2853 1857 2902 Torr.
1927 2854 2054 2900 Mox
2078 2852 2434 2902 semiustilland.
2456 2851 2676 2899 Memm-

468 2916 672 2966 Viterb.
709 2917 835 2965 Lisl.
870 2916 984 2979 Cuj.
1051 2915 1100 2964 A
1136 2916 1329 2964 Medic.
1357 2923 1401 2965 1.
1437 2917 1653 2968 exulant
1689 2918 1777 2966 illa
1808 2923 1856 2966 et
1887 2918 1938 2966 in
1960 2917 2133 2980 Amph·
2166 2931 2279 2965 sem.
2347 2916 2513 2965 Paulo
2551 2922 2676 2962 ante

469 2980 753 3031 Athelanum
786 2981 939 3030 Vind.
964 2985 1111 3029 1.-6
1145 2980 1360 3031 Libercti
1394 2982 1607 3030 Memm.
1641 2983 1727 3032 sub
1760 2985 1917 3032 eodem
1940 2977 2080 3031 Cort.
2105 2982 2275 3031 Periz.
2298 2996 2326 3031 a
2344 2996 2411 3030 m.
2435 2995 2514 3044 pr.
2536 2980 2678 3030 Edd.

1475 3130 1695 3180 NOTAE

466 3207 811 3305 significabat,
853 3240 989 3291 unde
1038 3242 1285 3291 remansit
1329 3244 1381 3292 in
1434 3259 1531 3294 usu
1611 3244 1713 3295 San
1748 3246 1948 3309 Arpina.
2016 3245 2078 3293 Id
2118 3257 2275 3307 porro
2302 3210 2588 3303 jactabant
2627 3240 2684 3290 in

470 3319 722 3369 immanis.
777 3317 1080 3375 Animarum
1100 3332 1318 3382 ,corpore
1337 3320 1531 3369 soluta·

469 3413 581 3447 rum
625 3397 767 3445 varia
811 3396 1015 3444 nomina
1058 3394 1225 3446 refert
1263 3395 1534 3458 Apuleius,

469 3473 605 3523 libro
629 3473 694 3523 de
717 3472 995 3521 Daemonio
1017 3471 1264 3522 Socratis.
1322 3472 1457 3523 Vide
1478 3473 1533 3522 in

473 3552 638 3614 Calig.
663 3565 777 3614 cap.
804 3556 852 3598 5.

534 3628 559 3661 ¹¹
601 3629 786 3678 Uncum
806 3634 855 3678 et
891 3625 1169 3689 Gemonias]
1217 3626 1389 3690 Supra
1411 3641 1528 3691 cap.

473 3710 556 3755 53.
581 3712 633 3755 et
657 3710 739 3755 54.

536 3784 551 3817 ¹
588 3781 1026 3844 Senatusconsulto]
1081 3776 1255 3846 Hujus
1299 3780 1531 3831 meminit

474 3870 530 3912 et
551 3862 781 3916 Tacitus,
803 3868 856 3907 et
880 3859 946 3907 ab
970 3859 1081 3922 ipso
1104 3858 1318 3907 Tiberio
1343 3858 1393 3906 id
1416 3858 1530 3920 jus·

475 3954 586 3987 sum
621 3936 798 3987 scribit
837 3935 938 3985 Dio
974 3935 1064 3985 lib.
1105 3948 1242 3984 nvn.
1327 3936 1531 3984 Decem

474 4015 586 4064 illos
608 4014 719 4062 dies
745 4012 808 4062 ad
834 4011 1045 4076 triginta
1069 4011 1325 4075 protraxit
1350 4019 1534 4074 postea

474 4091 768 4152 Imperator
804 4087 1142 4139 Theodosius.
1196 4088 1334 4138 Vide
1372 4089 1406 4137 l.
1431 4102 1531 4137 xx.

475 4165 603 4215 Cod.
627 4166 692 4214 de
725 4166 907 4230 poeniS.

541 4242 564 4272 Κ
615 4240 850 4305 Atellam]
910 4241 1086 4292 Atella
1131 4241 1378 4305 oppidum
1437 4250 1536 4305 est,

478 4318 725 4382 Capuam
751 4318 889 4369 inter
924 4327 981 4369 et
1024 4320 1330 4384 Neapolim:
1378 4322 1533 4374 hodie

1612 3322 1784 3371 odium
1811 3331 1864 3371 et
1900 3321 2173 3370 ludibrium
2205 3319 2421 3383 Tiberii,
2444 3317 2682 3367 alluden-

1614 3408 1695 3447 tes
1728 3397 1792 3448 ad
1831 3397 2036 3447 fabulas
2072 3397 2367 3461 Atellanas,
2402 3396 2467 3444 de
2489 3396 2682 3460 quibus

1614 3491 1769 3539 snpra
1794 3490 1909 3538 cap.
1927 3479 2009 3524 45.

1682 3549 2112 3615 ¹Amphitheatro]
2171 3549 2329 3600 Aliud
2367 3548 2580 3599 ludibrii
2621 3556 2680 3596 et

1611 3629 1908 3693 ignominia·
1932 3642 2125 3692 genus:
2150 3634 2322 3676 sontes
2340 3625 2539 3674 enimin
2553 3623 2681 3673 Am-

1613 3708 1910 3770 phitheatro
1941 3703 2413 3755 comburebantur:
2457 3703 2513 3750 in
2536 3701 2679 3750 Cali-

1613 3787 1734 3849 gula
1756 3801 1870 3849 cap.
1908 3787 1991 3833 27.
2026 3780 2250 3830 mendici
2289 3793 2409 3828 vero
2445 3784 2499 3826 et
2528 3777 2682 3838 egeni

1615 3861 1804 3924 raptim
1844 3875 1873 3908 a
1914 3857 2280 3922 vespillonibus
2315 3855 2368 3903 in
2408 3854 2680 3917 Esquiliis,

1613 3951 1676 3986 ac
1712 3935 1878 3985 ferme
1919 3942 2117 3984 tantum
2160 3932 2371 3982 dimidio
2407 3944 2682 3994 corpore;

1614 4011 1751 4062 unde
1794 4011 1869 4061 ait
1906 4007 2435 4070 ‘semiustulandum,'
2468 4021 2583 4068 sen,
2623 4014 2684 4055 nt

1614 4105 1679 4139 ex
1718 4088 2037 4139 Viterbiensi
2079 4085 2436 4144 casaubonus,
2478 4083 2686 4132 semiu-

1615 4168 1882 4228 tillandum,
1902 4167 1998 4216 hoc
2028 4171 2124 4221 est,
2160 4163 2348 4213 leviter
2370 4160 2686 4210 comburen-

1616 4246 1758 4300 dum,·
1778 4252 1834 4294 et
1858 4242 2252 4307 projiciendum.

1678 4328 1714 4354 ⁸²
1752 4317 2212 4383 obsignaueratque]
2263 4316 2396 4367 Vide
2435 4328 2599 4381 supra·
2629 4317 2686 4366 in
