3019 4922
1178 452 1559 505 mantuus.
2360 442 2490 513 417

292 599 637 682 provincia
655 598 898 665 Gallia
926 596 1237 664 retulisse
1268 618 1523 674 aurum,
1557 601 1935 668 Senonibus
1955 610 1981 639 ⁰
2009 601 2171 671 olim
2205 606 2275 672 in
2302 609 2488 674 obsi-

292 702 494 767 dione
525 701 842 785 Capitolii
870 702 1123 779 datum,
1158 723 1306 782 neo,
1334 711 1408 768 ut
1450 704 1633 769 fama
1674 711 1878 783 est,⁴¹'
1920 713 2246 775 extortum
2286 730 2330 776 a
2357 711 2488 778 Ca-

291 805 502 869 millo.
591 798 759 887 Ejus
805 806 1155 888 abnepoS,‘¹
1206 807 1297 871 ob
1335 807 1659 872 eximiam
1711 807 2038 874 adversus
2090 810 2491 881 Gracchos*

290 924 559 990 operam
591 911 612 941 ‘
635 912 956 989 patronus
981 906 1267 973 Senatus
1290 906 1309 935 ’
1339 908 1593 987 dictuS,
1627 908 1838 974 filium
1868 912 2163 996 reliquit,
2197 935 2391 998 quem
2420 918 2493 984 in‘

291 1011 494 1073 simili
541 1010 960 1074 dissensione
984 1018 1053 1053 '³
1099 1011 1309 1076 multa
1354 1014 1536 1076 varie
1574 1013 1948 1078 molientem
1979 1015 2238 1082 diversa
2283 1019 2489 1087 factio

293 1131 417 1195 per
458 1112 764 1177 fraudem
819 1113 1178 1179 interemit.
1266 1114 1386 1200 [4.]
1430 1116 1630 1180 Pater
1672 1117 1981 1195 Tiberius
2028 1117 2383 1196 Quaestor‘
2410 1121 2490 1187 C.

294 1213 618 1293 Caesaris,
662 1212 1115 1280 Alexandrino
1159 1217 1342 1281 bello
1388 1217 1593 1283 classi
1634 1218 2094 1303 praeposituS‚⁶
2135 1221 2490 1303 plurimum

293 1316 378 1380 ad
425 1316 778 1382 victoriam
829 1319 1127 1383 contulit.
1219 1318 1447 1397 Quare
1499 1324 1570 1384 et
1618 1319 1986 1384 Pontifex¹²
2036 1320 2106 1383 in
2152 1322 2373 1386 locum
2403 1322 2486 1385 P.

292 1417 634 1502 Scipionis
665 1422 1127 1499 substitutuS,†
1159 1424 1226 1486 et
1271 1421 1356 1485 ad
1401 1419 1827 1486 deducendas
1873 1423 1939 1486 in
1973 1421 2267 1487 Galliam
2311 1424 2489 1488 colo-

1208 1618 1238 1637 0
1242 1616 1565 1638 OOOOOOOOOO

293 1751 454 1801 Druso
475 1752 633 1800 Fouc.
699 1752 840 1801 Dein
879 1752 1088 1803 traditus
1123 1754 1267 1803 Cort.
1301 1751 1433 1803 Edd.
1457 1753 1609 1803 Rom.
1632 1754 1861 1803 traditum
1880 1753 2032 1804 Vind.
2053 1757 2202 1803 2.-4
2236 1752 2489 1805 Quaedam

294 1816 429 1865 Edd.
453 1822 524 1866 est
547 1817 809 1872 omittunt,
844 1818 934 1867 sed
973 1819 1248 1868 restituere
1282 1819 1461 1867 Burin.
1502 1818 1642 1868 Oud.
1680 1820 1802 1868 Ern.
1833 1820 1899 1869 al.
1936 1819 2248 1868 auctoritate
2273 1818 2489 1867 duorum

295 1881 466 1929 Pulm.
508 1882 718 1930 Memm-
755 1882 950 1933 Medic.
991 1888 1039 1933 1.
1074 1888 1123 1932 2.
1167 1883 1325 1931 vind.
1360 1884 1576 1947 utriusq.
1624 1884 1755 1947 Cop.
1798 1884 1966 1933 Periz-
2011 1885 2158 1933 Cort.
2197 1898 2312 1932 cum
2350 1882 2488 1933 Edd.

292 1961 456 2010 nsque
479 1947 543 1994 ad
568 1946 765 2010 Gryph.
831 1945 1105 1997 Accedunt
1144 1948 1301 1997 Fouc.
1339 1949 1479 1997 Dun.
1546 1949 1608 1996 In
1633 1949 1766 1997 Ven.
1792 1953 1837 1997 1.
1858 1954 2186 1998 exortum—5
2221 1948 2394 2009 Vulgo
2416 1948 2491 1996 le·

294 2012 433 2072 gitur
455 2011 609 2071 Pater
628 2028 736 2059 cero
760 2008 864 2061 Tib.
904 2022 1074 2061 tamen
1107 2013 1359 2076 particula
1389 2020 1573 2062 carent
1608 2014 1818 2062 Memm.
1848 2014 2041 2063 Medic.
2062 2017 2109 2061 2.
2132 2026 2193 2061 ac
2215 2012 2319 2060 duo
2341 2013 2490 2061 Torr.

297 2075 467 2139 Ejecit
488 2075 626 2126 Oud.
646 2092 793 2140 quem
817 2089 1026 2126 secutus
1051 2087 1130 2127 est
1152 2078 1275 2127 Ern.
1319 2078 1381 2143 In
1406 2076 1602 2127 Medic.
1625 2082 1674 2127 3.
1694 2085 1914 2142 utroque
1931 2078 2084 2128 Vind.
2108 2078 2256 2126 Voss.
2279 2077 2491 2126 Viterb.

294 2141 414 2204 an.
436 2141 577 2189 Pitb.
606 2140 728 2190 Lisl.
753 2142 882 2201 Cop.
909 2142 1059 2192 Huls.
1093 2140 1235 2191 Dun.
1271 2150 1516 2191 exaratur
1547 2148 1684 2205 pater
1707 2143 1811 2193 Tib.
1838 2145 1986 2193 Nero.
2039 2143 2197 2192 Fouc.
2226 2146 2360 2204 pater
2384 2140 2490 2191 Tib.

292 2209 521 2257 verm—6
557 2205 618 2255 In
641 2221 805 2272 marg.
830 2208 1008 2259 Periz.
1024 2209 1262 2272 oppositus
1284 2216 1337 2258 et
1360 2207 1434 2258 ita
1458 2206 1593 2257 Edd.
1619 2208 1745 2259 Ven.
1766 2208 1912 2258 Med.
1936 2207 2081 2257 Cald.
2150 2205 2291 2257 Dein
2309 2221 2492 2271 compa-

1285 2388 1498 2439 NOTAE

359 2492 383 2517 ⁰
425 2484 711 2548 Senonibus]
755 2484 949 2536 Urbem
993 2500 1024 2534 a
1059 2485 1353 2536 Senonibus

297 2562 463 2612 Gallis
487 2569 710 2624 captam,
734 2567 790 2610 et
822 2575 923 2625 ope
946 2561 1148 2611 Camilli
1175 2575 1353 2624 recep·

296 2646 421 2694 tam,
467 2652 615 2686 nemo
661 2638 841 2687 nescit.
897 2638 1032 2687 Fuse
1067 2636 1207 2686 enim
1255 2637 1356 2684 ista

293 2716 467 2765 Livius
491 2715 583 2763 lib.
610 2729 661 2764 v.

360 2798 388 2832 Ρ
422 2789 574 2841 Fama
612 2790 707 2853 est]
735 2792 986 2855 Ereptum
1013 2788 1080 2840 ab
1114 2789 1228 2854 ipso
1251 2791 1354 2839 Ca·

296 2867 437 2915 millo
478 2866 685 2916 disertis
726 2867 893 2916 verbis
926 2863 1147 2915 affirmat
1183 2866 1356 2914 Livius

295 2943 382 2993 lib.
409 2952 458 2993 v‘.
493 2947 507 2971 ‘
530 2941 723 2993 Aurum
756 2943 893 3006 quod
918 2942 1082 2992 Gallis
1120 2951 1354 3007 ereptum

296 3026 429 3078 erat,
451 3018 686 3083 quodque
727 3034 790 3068 ex
834 3020 946 3067 aliis
980 3018 1187 3082 templis
1220 3019 1358 3068 inter

297 3094 698 3157 trepidationem
731 3095 783 3144 in
814 3095 962 3146 Jovis
986 3095 1166 3145 sellam
1200 3096 1357 3145 colla-

297 3180 427 3233 tum,
450 3186 566 3221 cum
594 3172 644 3220 in
682 3181 797 3237 quae
822 3170 1049 3222 conferri
1072 3180 1359 3235 oporteret,

297 3246 519 3297 confusa
544 3250 787 3298 memoria
822 3257 981 3312 esset,
1013 3264 1213 3299 sacrum
1252 3263 1358 3298 om-

297 3339 363 3373 ne
387 3324 701 3388 judicatum.
724 3333 778 3375 et
801 3326 898 3375 sub
921 3324 1070 3375 Jovis
1095 3326 1219 3374 sella
1240 3325 1358 3388 poni

290 3401 527 3466 jussum.’
561 3401 631 3450 Et
650 3402 851 3450 Plinius
869 3401 961 3449 lib.
987 3414 1194 3450 xxxin.
1213 3415 1259 3450 c.
1281 3405 1329 3450 1.

362 3467 388 3520 ‘i
419 3476 660 3541 Almepos]
693 3478 920 3530 Quartus
943 3479 1097 3527 estin
1126 3478 1260 3526 linea
1281 3478 1355 3526 in-

298 3553 493 3603 feriore
535 3554 742 3603 directa
775 3553 963 3618 gradus
999 3553 1355 3614 consanguini-

300 3631 444 3695 tatis,
471 3630 555 3681 cui
577 3631 631 3680 in
660 3632 916 3695 superiori
935 3631 1212 3695 respondet
1231 3630 1356 3679 aba·

303 3722 415 3757 vus.

364 3784 396 3813 ⁴*
432 3783 497 3833 Α.
517 3784 585 3834 U.
609 3784 669 3833 C.
690 3788 804 3834 663.

365 3868 386 3894 ¹
432 3860 698 3923 Gracchos]
750 3861 1011 3910 Tiberium
1059 3868 1115 3911 et
1159 3861 1360 3924 Caium,

302 3938 390 4003 qui
415 3937 617 4001 legibus
640 3938 870 4000 agrariis,
894 3938 959 3987 de
984 3937 1166 4001 quibus
1190 3938 1241 3985 in
1263 3938 1355 3990 Ju-
1385 3937 1392 3944 '

300 4014 371 4064 lio
396 4029 513 4077 cap.
547 4017 626 4063 20.
667 4014 968 4076 popularem
1002 4027 1176 4062 auram
1201 4027 1356 4062 aucu-

301 4096 509 4154 pantes,
549 4087 812 4140 interfecti
856 4096 994 4140 sunt.
1050 4089 1247 4140 Horum
1285 4089 1359 4137 vi-

304 4173 408 4216 tam
432 4165 642 4229 scripsit
663 4165 995 4215 Plutarchus.

370 4252 389 4275 ⁸
422 4242 583 4292 Simili
603 4242 913 4307 dissensione]
948 4241 1225 4292 Dissimilis
1248 4241 1360 4304 ipse

309 4319 472 4382 patri:
511 4319 526 4345 ⁸
553 4319 715 4381 Leges
752 4331 908 4368 novas
949 4327 1006 4368 et
1042 4320 1175 4368 mala
1199 4318 1363 4367 Grac-

437 4399 616 4462 Delph.
634 4403 682 4448 et
711 4399 825 4449 Var-
847 4399 977 4448 Clas.

1308 4393 1508 4448 Sueton-

1435 2484 1635 2536 cbana’
1671 2486 1857 2537 iterum
1893 2487 2069 2549 movit,
2099 2493 2157 2536 ut
2198 2485 2271 2534 ait
2291 2485 2493 2533 Seneca

1437 2562 1530 2611 lib.
1555 2562 1620 2611 de
1640 2563 1914 2612 Brevitate
1935 2562 2073 2609 Vitae
2092 2576 2139 2609 c.
2162 2565 2211 2609 6.
2233 2559 2491 2623 tantisque

1435 2636 1798 2699 largitionibus
1839 2636 2041 2699 plebem
2075 2635 2168 2684 sibi
2213 2634 2492 2683 conciliare

1436 2717 1652 2760 conatus
1676 2721 1775 2774 est,
1798 2719 1856 2761 ut
1877 2712 2017 2776 apud
2042 2711 2252 2760 Florum
2292 2709 2382 2758 lib.
2407 2721 2494 2757 111.

1438 2804 1486 2836 c.
1512 2793 1590 2837 17.
1613 2798 1761 2838 extet
1800 2791 1935 2840 ‘vox
1974 2788 2166 2851 ipsius:
2204 2787 2327 2836 nihil
2349 2801 2402 2835 se
2427 2784 2491 2835 ad

1438 2865 1767 2928 largitionem
1790 2867 1881 2915 ulli
1902 2866 2189 2929 reliquisse,
2209 2863 2304 2913 nisi
2323 2864 2362 2912 si
2381 2863 2495 2928 quis

1439 2950 1530 2990 aut
1564 2955 1764 2992 eoenum
1804 2941 2035 2991 dividere
2070 2941 2248 3001 vellet,
2271 2947 2360 2989 aut
2392 2953 2496 2987 coe·

1437 3018 1576 3068 lum.’
1645 3018 1687 3068 Α
1697 3018 1913 3083 ppianus
1936 3018 2028 3068 lib.
2052 3032 2091 3067 1.
2125 3017 2386 3066 Bellorum
2410 3015 2494 3063 Ci-

1440 3096 1618 3146 vilium
1644 3104 1826 3147 auctor
1850 3104 1949 3154 est,
1981 3095 2123 3147 illum
2146 3109 2259 3145 cum
2285 3093 2418 3142 domi
2442 3092 2496 3141 in

1440 3173 1661 3224 obscura
1693 3175 1914 3238 quadam
1952 3174 2160 3238 porticu
2198 3177 2386 3222 coetum
2407 3168 2499 3218 ba·

1440 3251 1606 3309 beret,
1646 3253 1815 3302 subito
1846 3253 1955 3302 ictu
1994 3264 2288 3316 percussum
2326 3247 2500 3298 conci-

1442 3327 1596 3384 disse,
1641 3335 2010 3390 repertumque
2054 3327 2107 3374 in
2151 3326 2259 3388 ejus
2301 3322 2497 3371 femore

1442 3402 1662 3450 cultrum
1697 3402 1987 3450 sutorium:
2042 3412 2140 3461 per
2177 3399 2369 3460 inguen
2412 3410 2497 3445 ac-

1436 3485 1645 3541 ceptum
1704 3477 1886 3526 vulnus
1937 3480 2119 3524 auctor
2172 3479 2252 3522 est
2299 3473 2498 3522 Seneca

1436 3553 1564 3604 ibid.

1506 3630 1524 3662 ¹
1557 3629 1798 3693 Quoestor]
1832 3629 1908 3677 De
1929 3629 2027 3677 hoc
2050 3639 2261 3677 munere
2283 3626 2332 3673 in
2356 3625 2389 3676 J
2397 3621 2498 3673 ulio

1438 3722 1487 3756 c.
1506 3710 1558 3756 6.

1503 3791 1527 3817 ¹¹
1561 3782 1818 3845 Pontifex]
1853 3783 2038 3831 Plures
2079 3784 2228 3829 erant
2267 3774 2497 3841 ejusdem

1438 3860 1641 3922 collegii
1683 3858 1974 3923 pontifices,
2012 3856 2148 3905 inter
2188 3868 2316 3917 qnos
2342 3867 2496 3915 coop-

1440 3942 1579 3985 tatus
1616 3943 1735 3995 est;
1770 3949 1866 3984 nec
1905 3932 2041 3982 enim
2081 3932 2148 3981 de
2183 3928 2499 3980 Pontificatu

1442 4012 1672 4061 Maximo
1688 4011 1770 4061 hic
1781 4012 1923 4060 locus
1939 4006 2319 4071 intelligendus.
2344 4006 2499 4056 Hunc

1443 4088 1696 4152 siquidem
1721 4085 2020 4151 possidebat
2047 4083 2216 4136 Julius
2252 4082 2381 4147 ipse.
2435 4082 2499 4132 In

1441 4164 1585 4216 Julio
1603 4179 1648 4212 c.
1675 4168 1753 4213 13.

1449 4231 1454 4235 ’
1508 4251 1532 4298 †
1572 4240 1636 4290 A.
1661 4241 1724 4289 U.
1746 4242 1808 4290 c.
1832 4241 1944 4288 707.

2252 4392 2400 4439 21).
