3019 4922
2342 415 2471 489 253

288 578 599 653 sueretur,
647 577 826 661 quod
855 591 987 641 non
1013 576 1143 639 nisi
1174 572 1464 643 confessi
1497 577 1871 643 afficiuntur
1890 580 1914 618 ⁸
1960 576 2088 645 hac
2119 602 2347 664 poena,
2375 585 2469 648 ita

286 678 484 744 fertur
515 679 963 761 interrogasse
989 700 1005 742 z
1031 686 1057 714 ⁸
1098 677 1334 743 ‘Certe
1377 687 1678 764 patrem⁹
1720 688 1903 746 tuum
1933 700 2064 748 non
2097 686 2400 751 occidisti
2422 686 2471 749 'l‘

286 780 370 845 Et
396 800 548 846 cum
582 781 680 845 de·
699 782 874 848 falso
905 789 1297 848 testamento
1323 781 1647 865 ageretur,
1672 804 2035 867 omnesque
2060 786 2427 868 signatores
2448 788 2473 849 ¹?

286 885 432 966 lege
466 884 819 949 Cornelia⁰
850 891 1243 962 tenerentur,
1272 898 1402 962 non
1429 882 1685 949 tantum
1716 885 1884 950 duas
1916 886 2259 967 tabellaS‚‘-³
2289 890 2473 953 dam-

284 987 610 1053 natoriam
658 995 731 1051 et
776 987 1338 1067 absolutoriam,¹⁰
1389 988 1592 1053 simul
1636 990 2198 1071 cognoscentibus
2243 991 2471 1073 dedit3

287 1088 403 1152 sed
433 1088 697 1153 tertiam
727 1108 1016 1173 quoque,
1049 1108 1184 1172 qua
1225 1089 1677 1171 ignosceretur
1695 1098 1718 1125 ὃ
1767 1092 1875 1168 iis,
1922 1112 2093 1175 quos
2121 1092 2356 1156 fraude
2385 1094 2473 1158 ad

1181 430 1574 483 oc‘rAvltJS.

1281 2240 1330 2291 N
1339 2240 1493 2291 01*AE

285 2356 485 2406 omnino
519 2351 850 2420 Massagetae,
882 2354 1002 2405 Indi
1039 2350 1266 2419 Callani,
1289 2361 1344 2405 et

286 2432 480 2497 Caspii,
503 2431 600 2496 qui·
621 2440 865 2495 parentes
899 2445 1016 2480 suos
1048 2432 1190 2481 senio
1223 2445 1343 2480 cou—

285 2507 447 2558 fectos
473 2509 805 2571 occidebant,
822 2516 882 2558 ut
905 2511 1082 2558 narrat
1105 2509 1342 2558 Herodo-

285 2593 366 2634 tus
392 2586 444 2634 in
469 2584 588 2635 Clio
614 2591 667 2633 et
689 2585 890 2634 Thalia.

286 2652 291 2658 ¹
346 2658 750 2725 &lmen-egaeae]
787 2660 904 2709 Hac
937 2660 1342 2724 interrogatione

283 2737 506 2806 negandi
540 2751 714 2786 ansam
753 2736 1038 2800 praebebat,
1067 2743 1124 2785 ut
1157 2737 1344 2785 atroci-

283 2815 379 2862 tati
403 2813 650 2884 supplicii
672 2811 988 2861 inficiatione
1017 2811 1343 2863 subtrahere-

283 2898 381 2941 tur.
452 2891 631 2940 Livius
655 2889 836 2941 decad.
858 2904 898 2939 1.
921 2890 1012 2938 lib.
1035 2903 1158 2938 vm.
1181 2888 1344 2937 simile

285 2966 405 3028 qnid
440 2972 622 3016 narrat
645 2966 711 3014 de
745 2966 1130 3015 Privernatium
1156 2966 1345 3029 legato,

285 3042 368 3104 qui
393 3055 514 3090 cum
537 3041 871 3090 Senatoribus
905 3041 1075 3089 tristia
1099 3041 1344 3089 adversus

284 3115 396 3166 illos
428 3117 761 3167 censentibus
799 3116 1139 3180 responderet
1161 3115 1346 3167 feroci-

286 3199 381 3255 ter,
417 3193 647 3243 ‘Consul
683 3192 908 3255 benigna
936 3194 1343 3256 interrogatione

283 3269 456 3318 mitius
476 3282 776 3343 responsum
794 3268 981 3317 elicere
997 3277 1210 3318 conatus
1230 3269 1346 3332 est,’

285 3343 357 3394 ait
379 3344 511 3394 ibid.
535 3343 727 3392 Livius.

344 3420 367 3453 δ
402 3420 709 3484 Signatores]
742 3419 913 3468 Variae
933 3417 1067 3480 apud
1090 3419 1344 3466 Romanos

285 3503 718 3546 testamentorum
745 3496 963 3558 species,
984 3494 1074 3542 sed
1101 3508 1164 3543 ea
1185 3495 1344 3543 maxi-

283 3582 366 3622 me
391 3573 574 3622 urbani
613 3573 688 3620 usi
712 3570 874 3632 fuere,
897 3586 996 3635 qua
1019 3579 1220 3632 septem
1248 3577 1346 3618 tes·

283 3650 414 3698 tium
439 3649 706 3711 signacula
735 3647 1145 3711 requirebantur.
1211 3645 1347 3695 Vide

284 3723 424 3772 infra
447 3725 502 3771 in
527 3725 656 3771 Ner.
681 3737 725 3772 c.
750 3728 800 3772 4.

290 3866 293 3868 .
349 3809 371 3833 ⁰
404 3801 535 3861 Lege
571 3789 814 3860 Cornelia]
841 3798 889 3846 A
926 3800 1166 3849 Cornelio
1207 3799 1348 3863 Sylla

265 3879 546 3928 dictatore
574 3879 702 3941 lata,
726 3892 840 3940 quae
875 3891 1078 3940 poenam
1111 3876 1346 3926 omnibus

280 3957 567 4020 irrogabat,
585 3956 738 4020 quiin
759 3957 1079 4004 testamentis
1097 3963 1185 4005 aut
1203 3970 1344 4004 num-

280 4027 382 4097 r'nis
418 4031 745 4088 fefellissent,
779 4031 915 4080 unde
955 4033 1348 4081 testamentaria

279 4110 338 4157 et
363 4108 650 4157 nummaria
685 4106 958 4156 dicebatur
981 4107 1045 4155 ab
1070 4107 1237 4168 initio,
1259 4108 1346 4154 sed

282 4184 724 4246 interpretatione
754 4184 1062 4247 prudentum
1099 4183 1164 4232 ad
1201 4194 1348 4246 (μισε-Ἰ

279 4252 509 4328 cumque
533 4267 712 4322 postea
732 4260 968 4311 falsarios
987 4267 1228 4324 porrecta
1253 4267 1349 4310 est.

1486 2352 1511 2387 ‘¹
1550 2351 1683 2404 Duas
1712 2357 1930 2420 tabellas]
1951 2355 2177 2406 Tabellae
2213 2355 2323 2405 istae
2351 2370 2379 2404 a
2396 2356 2483 2418 Jua

1424 2429 1623 2480 dinibus
1678 2434 1862 2497 conjici
1913 2433 2149 2482 sciebant
2202 2432 2255 2482 in
2304 2433 2481 2495 cistas,

1424 2511 1590 2559 altera
1624 2511 1688 2559 ad
1723 2511 2205 2560 condemnationem
2242 2511 2301 2559 C.
2332 2507 2482 2559 litera

1424 2587 1725 2647 notabatur,
1751 2587 1915 2635 altera
1940 2586 2003 2634 ad
2028 2585 2399 2634 absolutionem
2424 2585 2483 2632 li·‘

1421 2667 1539 2708 tera
1561 2660 1626 2708 A.
1690 2660 1844 2712 Quod
1870 2662 1911 2709 si
1934 2661 2055 2725 quid
2086 2661 2224 2710 ultra
2246 2660 2384 2710 foret
2407 2661 2481 2708 in-

1422 2737 1746 2799 quirendum,¹
1781 2737 1949 2786 media
1990 2738 2223 2801 quaedam
2256 2744 2367 2786 erat
2408 2745 2483 2786 ta-

1424 2811 1560 2861 bella
1579 2813 1648 2861 N.
1663 2813 1724 2862 L'.
1748 2814 1841 2862 hoc
1862 2819 1962 2875 est,
1978 2827 2071 2861 non
2086 2814 2247 2876 liquet.
2284 2812 2481 2860 Harum‘

1428 2889 1472 2936 si
1518 2904 1758 2938 numerus
1799 2891 2129 2954 praevaleret,
2176 2889 2485 2938 condemna-

1429 2964 1505 3014 tio
1530 2963 1884 3039 differebatur,
1922 2965 2294 3030 recidebatque
2330 2981 2485 3016 causa

1425 3049 1550 3092 tunc
1589 3043 1641 3091 in
1684 3058 1800 3092 eum
1838 3050 2049 3105 statum,
2084 3045 2170 3108 qui
2212 3043 2485 3093 dicebatur
2580 3052 2585 3054 ’

1425 3119 1707 3182 ampliatio,
1729 3119 1783 3167 id
1808 3127 1907 3182 est,
1932 3120 2129 3184 dilatio,
2151 3121 2287 3170 unde
2321 3128 2376 3169 et
2410 3119 2484 3169 rei

1424 3195 1677 3256 ampliati.
2475 3218 2479 3222 ’

1487 3277 1513 3303 ⁶
1546 3272 1756 3321 Tertiam
1791 3288 1983 3336 quoque,
2016 3289 2108 3338 qua
2141 3267 2486 3336 ignosceretur]

1427 3345 1507 3394 Ex
1548 3347 1611 3393 iis
1655 3349 1826 3396 verbis
1884 3350 2217 3398 casaubonus
2272 3350 2490 3412 colligit,

1424 3423 1541 3484 lege
1566 3422 1827 3486 Cornelia,
1852 3425 2052 3487 qualem
2094 3425 2239 3488 Sylla
2278 3425 2485 3485 tulerat,

1426 3504 1701 3559 exceptum
1740 3499 2011 3560 neminem,
2044 3499 2134 3548 sed
2174 3502 2485 3562 interprete*

1428 3573 1568 3620 tione
1594 3574 1908 3636 sapientum,
1932 3575 2011 3621 vel
2049 3576 2222 3636 potius
2248 3573 2487 3636 Augusti,

1427 3647 1694 3711 accidisse,
1721 3657 1779 3698 ut
1814 3650 1903 3699 illa
1938 3661 2037 3698 non
2075 3657 2359 3710 teneretur,
2389 3649 2487 3698 nisi

1428 3727 1515 3789 qui
1542 3726 1711 3775 sciens
1736 3735 1793 3775 et
1827 3725 1945 3775 dolo
1969 3726 2103 3774 malo
2139 3725 2190 3773 in
2217 3738 2387 3774 casum
2414 3726 2487 3772 le

1427 3802 1506 3865 gis
1527 3802 1811 3852 incidisset.

1490 3877 1513 3908 f
1538 3878 1910 3966 Appellaticues]
1944 3878 2143 3927 Harum
2165 3883 2337 3928 stante
2354 3879 2487 3944 Rep.

1426 3968 1547 4003 usus
1587 3954 1751 4002 rarior
1774 3955 1827 4003 in
1852 3953 2084 4002 civilibus
2106 3953 2311 4014 causis;
2344 3953 2485 4019 (uam

1430 4029 1825 4094 provocationes
1858 4028 1923 4076 ad
1962 4027 2204 4091 populum
2239 4029 2289 4076 in
2315 4029 2487 4078 crimi-

1431 4105 1632 4154 nalibus
1648 4105 1947 4170 frequentes
1964 4116 2238 4154 occurrunt
2250 4104 2292 4167 3)
2312 4119 2340 4153 a
2357 4109 2487 4168 prae-⁴

1431 4191 1545 4232 tore
1569 4189 1745 4231 tamen
1771 4182 1834 4231 ad
1860 4188 2136 4246 praetorem
2170 4184 2485 4246 appellatum

1430 4266 1581 4324 patet
1620 4275 1686 4309 ex
1723 4272 1808 4310 nt.
1845 4259 2065 4308 Verrina
2102 4273 2241 4309 num.
2281 4261 2391 4309 119.
2429 4261 2485 4304 et
