3019 4922
529 409 658 483 432
1384 429 1448 478 c.
1494 412 1849 480 suss'tomt

526 590 862 641 excusans
933 573 1226 638 factum⁹
1297 573 1502 638 etiam
1575 571 1960 639 tenuissimo
2020 571 2283 658 cuique,
2340 576 2405 639 et
2464 573 2709 658 ignoto.

530 680 757 743 Unum
786 677 914 742 hoc
943 675 1419 754 tantummodo,
1438 690 1654 760 neque
1678 684 1999 760 praeterea
2018 677 2380 760 quicquam
2406 684 2723 741 notatum*

530 788 657 860 est,
686 782 755 845 in
785 796 920 863 quo
951 781 1328 844 exercuisse
1355 782 1408 816 ¹0
1444 780 1560 864 jus
1605 780 1972 844 tribuniciae
2005 780 2362 861 potestatis
2389 779 2575 844 visus
2608 781 2715 844 sit.

532 882 699 947 Cum
760 884 938 947 circa
990 882 1256 946 scholas
1313 886 1381 945 et
1431 883 1765 946 auditoria
1836 882 2293 966 professorum
2353 882 2713 946 assiduus¹

529 992 729 1062 esset,
759 990 937 1049 moto
966 986 1131 1048 inter
1158 983 1639 1068 antisophistas
1663 979 1689 1019 ¹³
1714 985 2016 1066 graviore
2036 983 2287 1068 jurgi0‚
2319 1004 2453 1050 uon
2481 983 2719 1062 defuit,

531 1086 648 1171 qui
697 1104 852 1151 eum
903 1086 1466 1164 intervenientem,
1545 1090 1613 1149 et
1699 1087 1893 1168 quasi
1963 1085 2428 1151 studiosiorem
2505 1087 2720 1170 partis

532 1188 854 1270 alteriuS‚²
907 1188 1212 1254 convicio
1269 1190 1656 1252 incesseret.
1775 1187 2031 1251 Sensim
2090 1188 2323 1273 itaque
2379 1202 2721 1271 regressus

532 1290 820 1379 domum,
872 1296 1141 1373 repente
1201 1309 1347 1355 cum
1408 1287 1939 1374 apparitoribus¹
1992 1291 2255 1373 prodiit,
2304 1291 2729 1375 citatumque*

529 1412 652 1476 pro
682 1393 997 1457 tribunali
1048 1411 1212 1459 voce
1256 1393 1593 1476 praeconis
1647 1393 2159 1458 conviciatorem
2189 1396 2379 1478 rapi³
2418 1394 2627 1478 jussit
2653 1394 2723 1458 in

531 1514 882 1560 carcerem.
974 1493 1313 1579 Comperit
1342 1496 1606 1574 deinde,
1653 1495 1916 1560 Juliam
1968 1509 2244 1560 uxorem
2292 1496 2379 1560 ob
2409 1497 2724 1561 libidines

533 1605 739 1681 atque
788 1597 1109 1663 adulteria
1144 1598 1551 1677 damnatam,
1593 1598 2140 1683 repudiumque1¹¹
2187 1599 2252 1663 ei
2286 1619 2406 1663 suo
2436 1597 2725 1677 nomine,

533 1720 623 1764 ex
683 1701 1071 1766 auctoritate
1124 1702 1438 1782 Augusti,
1506 1704 1901 1766 remissum:
1975 1706 2040 1765 et
2098 1719 2479 1785 quanquam
2524 1702 2724 1766 laetus

531 1792 821 1882 nuntio,4
849 1808 1071 1867 tamen
1118 1801 1324 1869 officii
1367 1804 1588 1883 duxit,
1618 1812 1937 1888 quantum
1984 1804 2053 1866 in
2100 1823 2175 1867 se
2204 1810 2411 1880 esset,
2445 1823 2725 1869 exorare

533 1904 690 1970 filiae
722 1912 981 1988 patrem
1013 1905 1471 1988 frequentibus
1503 1906 1738 1984 literiS‚
1769 1914 1836 1970 et
1865 1907 1973 1970 vel
1992 1913 2014 1952 ⁵
2066 1912 2429 1990 utcumque
2457 1907 2727 1987 meritae,

531 2004 857 2092 quicquid
899 2027 1187 2091 unquam
1241 2006 1471 2073 dono¹²
1504 2010 1828 2087 dedisset,
1860 2009 2266 2073 concedere!
2350 2009 2727 2074 Transacto

598 2211 618 2235 θ
651 2198 720 2253 Et
741 2206 950 2268 quamvis
966 2209 1196 2269 gauderet
1219 2204 1307 2257 tali
1327 2208 1514 2269 nuntio,
1547 2213 1702 2256 tamea
1729 2206 2027 2256 existimarit
2049 2219 2145 2260 esse
2167 2204 2368 2269 officium
2387 2204 2546 2254 civilis
2562 2203 2727 2265 animi,

526 2266 725 2331 flectere
746 2272 1018 2332 Augustam
1039 2272 1091 2321 in
1119 2272 1333 2334 gratiam
1352 2273 1479 2338 filioe
1505 2287 1597 2337 per
1616 2271 1800 2321 crebras
1834 2271 2070 2333 epistolas,
2088 2275 2137 2319 et
2168 2270 2276 2318 Ιηιὶο
2305 2270 2574 2332 relinquere
2605 2285 2724 2333 quoe·

532 2347 724 2396 cumque
746 2338 866 2384 dona
886 2352 916 2385 a
936 2351 984 2385 se
1004 2352 1210 2401 unquam
1230 2340 1500 2403 accepisset,
1522 2337 1657 2402 quasi
1677 2337 2008 2401 quodammodo
2029 2334 2094 2384 iis
2114 2334 2258 2384 etiam
2281 2334 2635 2396 dignafuisset.

1450 2493 1809 2517 “cotoneo“

535 2586 656 2629 ante
680 2579 903 2630 Casaub.
931 2581 1016 2643 qui
1052 2596 1114 2630 cx
1136 2580 1280 2630 libris
1304 2581 1459 2631 duob.
1476 2581 1623 2630 Torr.
1648 2580 1847 2643 recepit
1880 2582 2086 2641 tandem,
2119 2594 2268 2643 quem
2311 2586 2520 2628 secutus
2555 2580 2726 2631 Graev.

535 2644 903 2695 accedentibus
920 2646 1075 2695 vind.
1102 2648 1244 2696 Cort.
1267 2647 1416 2696 Huls.
1439 2645 1611 2695 Pulm.
1637 2644 1735 2695 Ed.
1760 2645 1939 2708 camp.
1961 2659 2021 2694 ac
2043 2659 2206 2707 marg.
2232 2644 2448 2695 Mediol.
2481 2660 2561 2707 pr.
2631 2644 2726 2695 Re-

531 2710 738 2759 vocavit
771 2711 895 2759 inud
920 2712 1097 2761 Burm.
1152 2712 1214 2760 ln
1245 2712 1441 2761 Medic.
1459 2716 1508 2761 8.
1531 2710 1698 2760 JVind.
1722 2715 1770 2760 2.
1797 2711 1939 2759 Cort.
1961 2710 2199 2759 cirmmit.
2235 2708 2395 2757 Vind.
2419 2714 2467 2757 1.
2488 2710 2726 2775 circuivit,
2772 2723 2778 2733 ·

534 2776 634 2825 Ed.
659 2775 1132 2827 Torr.circaiit.-9
1168 2777 1366 2826 Factum
1401 2778 1642 2840 ignorant
1666 2775 1785 2838 Cuj.
1812 2777 1953 2824 Dim.
2018 2773 2158 2824 D’ein
2182 2773 2397 2836 cuiquam
2419 2774 2553 2823 Edd.
2581 2776 2725 2824 Rom.

533 2840 655 2891 Non
680 2840 867 2900 legitur
890 2843 1210 2890 tantummodo
1231 2843 1282 2891 in
1307 2843 1523 2891 Memm.
1546 2848 1600 2891 et
1624 2840 1675 2890 iu
1703 2841 1895 2890 Medic.
1920 2848 1984 2889 tr.
2018 2849 2237 2903 utroque
2261 2838 2418 2887 vind.
2443 2840 2594 2890 Voss..
2618 2841 2725 2903 Cuj.

535 2905 686 2953 Huls.
708 2906 868 2954 Fouc.
895 2906 1030 2955 Dun.
1055 2914 1298 2956 exaratur
1321 2908 1483 2955 solnm
1501 2908 1653 2962 modo,
1685 2907 1821 2969 quod
1849 2920 2023 2953 verum
2056 2912 2204 2966 putat
2223 2904 2358 2952 Ond.
2380 2919 2464 2953 nec
2479 2919 2559 2966 pr.
2575 2906 2725 2955 Vind.

533 2974 714 3018 2.-10
750 2969 939 3019 Pithoei
962 2972 1090 3020 Mss.
1113 2978 1247 3021 teste
1267 2971 1489 3021 Casaub.
1526 2970 1713 3019 habent
1737 2986 1797 3019 ex
1815 2971 1964 3019 servis
1985 2969 2100 3029 eius,
2134 2969 2270 3018 unde
2292 2969 2419 3033 legit
2451 2972 2729 3032 exseruisse,

535 3035 677 3081 etita
703 3036 936 3095 reposuit
958 3036 1111 3085 Grut.
1136 3050 1202 3083 ex
1225 3037 1340 3086 Pal.
1360 3041 1409 3085 2.
1436 3035 1688 3099 probante
1710 3036 1911 3084 Bncbn.
1945 3033 2008 3083 ad
2050 3034 2184 3082 Plin.
2206 3048 2330 3082 vm.
2355 3048 2438 3096 ep.
2463 3037 2512 3083 7.
2550 3033 2726 3084 suffra·

535 3098 733 3160 gantib.
751 3098 947 3146 Medic.
972 3104 1019 3148 3.
1044 3100 1201 3148 Polit.
1222 3100 1333 3164 Cuj.
1355 3101 1493 3150 Dun.
1542 3102 1669 3149 'rum
1691 3101 1821 3149 visus
1841 3109 1911 3148 est
1934 3099 2069 3148 Edd.
2093 3100 2338 3147 Rom.-·-1
2366 3098 2575 3149 Assiduae
2598 3100 2723 3149 Edd.

533 3163 682 3213 Jnnt.
705 3161 826 3211 Am.
850 3162 1034 3224 Steph.
1100 3163 1164 3211 In
1187 3164 1319 3213 Bon.
1342 3165 1508 3214 Paris.
1529 3170 1632 3213 orto
1656 3179 1747 3227 pro
1765 3169 1905 3226 moto,
1923 3166 1974 3212 in
1994 3164 2124 3212 Ven.
2145 3168 2195 3212 2.
2216 3168 2265 3212 8.
2285 3169 2412 3222 noto,
2427 3163 2567 3213 unde
2591 3166 2725 3229 conj.

535 3227 714 3276 Burm.
734 3232 861 3275 nato.
928 3227 1172 3276 Ceterum
1211 3229 1446 3291 sophistas
1482 3230 1536 3278 in
1561 3230 1714 3277 Vind.
1737 3232 1887 3278 2.—2
1922 3230 2065 3278 Part.
2081 3231 2287 3278 adverse
2311 3227 2482 3279 Periz.
2503 3243 2532 3276 a
2559 3245 2627 3279 m.
2654 3245 2726 3290 pr.

534 3295 631 3340 ——3
671 3291 793 3354 Capi
815 3292 973 3341 Fouc.
1040 3292 1166 3342 Mox
1200 3293 1445 3342 libidinem
1475 3293 1632 3342 Vind.
1653 3298 1700 3343 2.
1766 3293 1826 3342 In
1852 3293 1984 3343 Edd.
2024 3295 2170 3342 Rom.
2188 3299 2236 3343 et
2256 3294 2406 3342 adult.
2457 3294 2607 3343 Cort.
2633 3295 2731 3345 Ed.

537 3351 686 3405 Rom.
708 3360 1293 3408 sec.condemnatam·—4
1327 3358 1411 3408 Ita
1435 3359 1673 3423 praebent
1706 3359 1834 3408 Mss.
1871 3360 1940 3408 0.
1981 3364 2034 3408 et
2066 3358 2199 3408 Edd.
2233 3366 2352 3407 ante
2394 3359 2619 3409 Casaub.
2643 3361 2725 3423 qui

536 3422 757 3470 mutavit
779 3421 829 3470 in
851 3423 1026 3484 animo,
1057 3422 1195 3485 quod
1219 3424 1416 3487 recepit
1440 3439 1556 3474 cum
1591 3425 1702 3473 aliis
1726 3423 1918 3473 schild.
1984 3423 2116 3472 Dein
2153 3428 2281 3486 patr.
2303 3422 2386 3487 fil.
2429 3437 2559 3472 unus
2582 3423 2725 3473 Torr.

531 3485 671 3548 ‘Sunt
689 3487 773 3552 qui
799 3487 1143 3552 verbumfilioe
1163 3489 1480 3539 commodius
1502 3489 1685 3539 abesse
1711 3494 2011 3552 putent.—6
2045 3488 2355 3552 Suspectum
2387 3495 2469 3538 est
2491 3490 2567 3539 vel
2602 3490 2724 3539 Ern.

1524 3635 1742 3687 No'rAE

600 3737 625 3781 k
655 3747 1034 3813 Anti-sophistas]
1067 3752 1147 3801 Eo
1168 3751 1323 3816 vulgo
1343 3748 1586 3815 sophistae
1669 3762 1828 3798 versae
1869 3747 2143 3796 sententiae
2177 3745 2337 3796 fuisse
2382 3746 2726 3810 disputantes,

536 3822 780 3873 differunt
802 3840 832 3874 a
854 3826 1186 3890 philosophis,
1214 3842 1313 3891 qno
1343 3826 1590 3875 adulteri·
1673 3823 1848 3888 potius
1871 3839 2024 3888 quam
2048 3817 2380 3888 philosophos
2421 3837 2574 3873 veros
2609 3838 2723 3873 con·

534 3915 656 3949 num
679 3917 706 3950 a
726 3902 943 3952 sincero.
979 3903 1082 3952 Hic
1098 3903 1449 3968 antisophistae
1462 3916 1593 3951 sum·
1673 3909 1754 3950 tra
1778 3901 2002 3950 fallaces.

535 3978 576 4026 ti
618 3978 855 4028 videntur
894 3980 1204 4044 simpliciter
1242 3995 1334 4045 pro
1373 3981 1593 4043 philoso-
1739 3975 2168 4041 ¹Apparitoribus]
2202 3975 2725 4039 Ministrisunt‚qui³

538 4052 651 4112 phis
686 4053 787 4102 illis
827 4054 1037 4104 Rhodiis
1077 4058 1321 4120 opposita
1358 4054 1589 4105 docenti·
1671 4055 1770 4104 bus
1805 4055 2032 4104 accusati
2053 4052 2403 4103 evocabuntur
2427 4052 2494 4100 ad
2521 4064 2726 4115 respon·

544 4126 669 4198 bus}
722 4130 854 4190 quod
902 4133 1039 4180 enim
1079 4124 1289 4183 Tiberio
1319 4131 1385 4182 ab
1426 4131 1592 4181 altera
1670 4130 1923 4191 dendum3
1948 4131 2082 4196 qnod
2105 4127 2333 4178 ‘citare’
2355 4127 2723 4177 etiam-dictum

540 4210 690 4264 parte
734 4205 895 4254 stanti
940 4207 1256 4257 conviciatus
1293 4208 1379 4257 ille
1412 4206 1591 4270 fuerit,
1671 4215 1770 4258 est·
1838 4207 1924 4257 De
1949 4207 2025 4255 bis
2060 4219 2219 4269 supra
2251 4203 2579 4267 in-Augusto
2610 4217 2731 4266 cap.

542 4285 687 4328 certe
714 4277 879 4330 innuit
903 4281 1129 4343 ejusdem
1151 4286 1374 4349 generis,
1396 4285 1488 4335 sed
1514 4285 1589 4336 di·
1673 4288 1750 4336 14.
1816 4285 1968 4336 Unde
1994 4285 2070 4335 rei
2086 4285 2416 4349 ‘comparere
2432 4281 2447 4305 ’
2470 4284 2729 4347 dicuntur,
