3019 4922
508 397 641 465 816

516 581 741 647 quam,
767 557 903 626 nisi
931 556 1324 647 propalam,¹⁸
1374 565 1447 625 et
1489 556 1678 644 quod
1720 558 1792 623 in
1825 555 2098 624 diurnos
2152 556 2711 623 commentarios?

514 666 882 732 referretur.
968 662 1450 729 Extraneorum
1482 661 1756 746 quidem
1780 667 2008 727 coetu⁹
2034 658 2209 728 adeo
2242 660 2607 744 prohibuit,
2637 664 2713 727 ut

517 769 599 834 L.
629 768 979 848 Vinicio·‚¹⁰
999 774 1027 814 ‘¹
1057 767 1239 833 claro
1272 766 1661 851 decoroque
1678 763 1941 851 juveni,
1971 763 2317 849 scripserit
2344 762 2711 848 quondam,

516 877 540 911 ‘
559 874 810 939 Parum
863 871 1161 937 modeste
1188 878 1208 909 ¹
1248 868 1489 937 fecisse
1530 889 1706 951 eum,
1751 868 1930 954 quod
1974 868 2178 934 filiam
2222 886 2418 932 suam
2461 861 2714 934 Baiasr

520 978 887 1042 salutatum
913 972 1252 1041 venisset?
1340 972 1647 1059 Nepotes
1693 980 1763 1038 et
1796 973 2053 1051 literas,
2083 976 2150 1037 et
2177 976 2461 1049 notare,²
2483 978 2506 1007 ⁸
2544 971 2715 1038 alia-

519 1099 653 1165 que
702 1078 1094 1158 rudimenta‚
1136 1097 1258 1163 per
1301 1095 1374 1142 se
1422 1076 1820 1161 plerumque
1868 1075 2143 1143 docuit:
2186 1095 2271 1141 ac
2313 1075 2478 1141 nihil
2519 1093 2715 1159 oeque

1374 412 1439 459 C·
1484 409 1575 460 SU
1589 409 1775 460 ss'rou
1789 410 1847 458 11

1428 1276 1795 1298 mmmm

521 1396 620 1447 Ed.
644 1396 925 1460 Camp.—8
962 1396 1129 1447 Palam
1149 1396 1381 1447 Harlem.
1417 1396 1560 1446 Cort.
1592 1394 1727 1446 Edd.
1760 1395 1942 1459 Camp.
1976 1394 2109 1444 Ven.
2146 1402 2250 1444 tres
2286 1394 2516 1459 aiiaeque·
2571 1393 2714 1446 Dein

520 1463 642 1525 quod
665 1464 842 1511 exulat
864 1474 894 1510 a
912 1462 1121 1512 Memm.
1141 1470 1197 1512 et
1220 1462 1415 1513 Medic.
1438 1466 1486 1513 3.
1519 1462 1656 1511 Item
1688 1460 1938 1511 diuturnos
1960 1459 2091 1525 Cop.
2130 1460 2285 1509 Fouc.
2305 1462 2448 1511 Dun.
2485 1458 2717 1510 Harlem.

520 1526 719 1576 Medic.
736 1532 785 1578 2.
806 1531 854 1577 8.
872 1526 1028 1578 Vind.
1052 1532 1098 1576 l.
1122 1528 1266 1578 Cort.
1287 1525 1463 1578 Periz.
1487 1526 1588 1577 Ed.
1608 1527 1743 1577 Ven.
1769 1529 1911 1576 1.—9
1948 1526 2134 1575 Coetum
2172 1525 2323 1575 Huls.
2358 1523 2553 1575 Medic.
2586 1529 2636 1575 2.
2665 1528 2716 1575 8.

519 1596 650 1640 -10
685 1592 879 1642 Tunido
900 1591 999 1643 Ed.
1022 1593 1266 1643 Beroaidi
1289 1593 1529 1657 aliaeque,
1568 1598 1628 1642 ut
1667 1592 1719 1641 in
1757 1591 1870 1641 Msae
1894 1604 1998 1641 uno
2028 1589 2181 1641 Torr.
2221 1590 2421 1641 Turinio
2456 1590 2571 1654 Cuj.
2594 1590 2720 1640 Lisl.

521 1655 711 1706 Licinio
744 1658 876 1723 Cop.
911 1658 1028 1709 Pal.
1062 1662 1112 1709 8.
1143 1655 1302 1709 vind.
1334 1665 1576 1723 uterque,
1598 1655 1816 1707 Lucinio'
1835 1655 2033 1706 Medic.
2070 1659 2117 1706 l.
2138 1659 2186 1705 8.
2221 1656 2334 1706 Pal.
2356 1659 2407 1706 2.
2429 1662 2485 1706 et
2505 1655 2716 1706 Viterb.

522 1721 632 1771 sine
659 1728 980 1786 proauum-ut
999 1723 1238 1774 Mnicinio
1273 1723 1387 1775 Pal.
1421 1727 1468 1772 1.
1507 1723 1705 1773 Tucinio
1726 1722 1862 1772 Edd.
1895 1721 2042 1771 Rom.
2073 1722 2210 1771 Ven.
2242 1724 2292 1772 2.
2315 1725 2365 1771 3.
2389 1722 2520 1771 Bon.
2551 1720 2720 1787 Lugd-

521 1786 740 1838 Medio!-
761 1788 910 1840 Junt.
934 1789 1053 1839 Ald.
1072 1790 1254 1854 Stepb.
1276 1789 1401 1839 Bas.
1423 1794 1479 1839 et
1498 1794 1723 1839 recentt.
1748 1794 1940 1852 praeter
1963 1787 2082 1837 Bas.
2106 1793 2240 1851 post.
2294 1787 2462 1838 Viciae
2482 1786 2642 1836 Voss.
2663 1794 2719 1837 et

519 1852 649 1902 Mss.
671 1855 821 1905 Torr.
875 1855 1060 1905 Vicinio
1091 1856 1303 1905 Memm.
1333 1853 1535 1905 Medic.
1558 1857 1608 1904 2.
1631 1855 1789 1903 Fouc.
1814 1852 1953 1903 Pith.
1977 1851 2151 1903 Periz.
2177 1850 2405 1902 Harlem.
2442 1852 2642 1908 Ursini,
2663 1860 2722 1902 et

520 1917 622 1967 Ed.
645 1919 779 1971 Ven.
804 1923 854 1972 1.
884 1920 1017 1970 Inde
1036 1918 1166 1971 fecit
1181 1920 1404 1971 Froben.
1435 1920 1641 1981 Vinicio,
1674 1918 2019 1985 probantibus
2051 1918 2276 1981 Giphau.
2313 1917 2531 1968 Casanb.
2563 1918 2719 1968 Torr.

524 1983 682 2034 Grut.
702 1985 840 2036 Oud.
893 1985 999 2035 Alii
1025 1985 1207 2036 Titinio
1240 1986 1292 2036 in
1327 1985 1552 2036 membb.
1587 1983 1807 2049 reperiri
1845 1981 2212 2033 affirmant—1
2249 1984 2510 2034 Boxborn.
2533 1985 2720 2033 rescri—

521 2048 682 2099 bend.
703 2051 850 2100 malit
863 2067 970 2115 par.
990 2051 1294 2103 honesta—2
1329 2051 1414 2102 Ita
1435 2051 1732 2101 emendavit
1759 2050 1896 2115 Lips-
1918 2050 2087 2100 Eiect.
2109 2063 2172 2098 11.
2206 2064 2255 2098 c.
2291 2053 2373 2099 1⁶1.
2404 2050 2487 2099 cui
2523 2048 2721 2114 astipu-

522 2114 695 2164 lantur
711 2115 887 2165 Burm.
908 2117 1127 2167 casaub.
1151 2115 1290 2167 Oud.
1314 2117 1438 2166 Ern.
1455 2114 1617 2166 Wolf.
1637 2123 1693 2166 et
1715 2116 1936 2179 Baumg.
1958 2116 2090 2165 Mss.
2121 2120 2178 2166 et
2196 2113 2329 2164 Edd.
2352 2113 2420 2164 Ο.
2440 2120 2609 2163 nature
2632 2116 2719 2163 ba·

522 2176 665 2244 bent,
685 2180 823 2248 quod
845 2188 1059 2232 tuentur
1077 2184 1224 2233 Torr.
1262 2181 1414 2233 Grut.
1448 2182 1571 2247 Bip.
1607 2190 1665 2232 et
1704 2181 1870 2231 Boxh.
1904 2180 1958 2230 in
1993 2179 2163 2246 Epis't.
2200 2179 2266 2230 ad
2301 2180 2716 2244 Blaespil.corri-

1512 2362 1729 2415 NOTAE

586 2485 613 2521 Ρ
645 2479 866 2529 Dim-nos
895 2479 1272 2546 commenarias]
1318 2479 1391 2531 Hi
1432 2487 1586 2531 eraut

523 2557 741 2621 privata
761 2558 1130 2622 Ephe-merides
1151 2574 1167 2610 ε
1207 2559 1305 2609 boc
1325 2565 1429 2622 est,
1453 2558 1586 2609 iiber

521 2648 624 2698 quo
648 2648 730 2684 res
762 2634 973 2699 singulis
994 2635 1176 2686 diebus
1206 2641 1368 2700 gestae
1393 2632 1585 2685 des'cri-

522 2714 783 2766 bebantur
815 2730 847 2765 a
878 2715 1085 2778 liberto,
1108 2716 1191 2766 vel
1228 2732 1260 2767 a
1290 2730 1462 2778 servo,
1493 2717 1585 2783 qui

523 2792 642 2842 ideo
664 2801 680 2824 ⁶
704 2807 733 2842 a
750 2794 998 2845 memoria
1014 2792 1029 2815 ’
1054 2795 1165 2844 sive
1184 2795 1201 2823 ‘
1220 2808 1252 2844 a
1272 2802 1585 2847 commenta·

523 2869 644 2920 riis'
681 2871 973 2923 dicebatur.
1041 2872 1117 2924 At
1161 2871 1386 2937 Augusti
1422 2871 1587 2937 ipsius

523 2946 694 2996 diurni
730 2955 898 3010 actus,
930 2962 1056 3014 quos
1087 2947 1294 3011 singuiis
1330 2947 1442 3012 ipse
1477 2948 1586 2999 die-

522 3024 619 3073 bus
657 3023 988 3086 conficiebat,
1018 3038 1084 3075 ea
1123 3030 1322 3075 tantum
1352 3025 1587 3077 contine-

520 3099 671 3162 bant,
688 3114 803 3162 quae
821 3099 885 3149 ad
903 3099 1106 3164 imperii
1120 3100 1452 3152 rationarium
1470 3115 1587 3166 per-

524 3174 770 3224 tinerent.

577 3260 604 3294 ¹1
645 3250 828 3300 Vinicio
841 3249 1090 3318 [ste-hio]
1104 3251 1322 3303 variant
1336 3252 1420 3305 bic
1430 3269 1586 3321 quam

522 3328 748 3378 maxime
772 3328 1013 3379 codices=
1054 3330 1140 3380 alii
1172 3330 1234 3380 Ι..
1260 3331 1462 3396 Titinio,
1497 3333 1589 3384 alii

527 3404 746 3467 Turinio,
774 3405 961 3468 Viduo,
990 3405 1176 3457 Vicinio
1189 3423 1208 3466 ,-
1243 3422 1308 3458 ex
1330 3409 1426 3460 boc
1458 3410 1586 3460 Tor-

522 3483 721 3533 rentius
738 3482 951 3533 conficit
971 3483 1035 3534 L.
1052 3485 1134 3535 vel
1159 3485 1217 3536 T.
1243 3485 1430 3536 Vinicio
1443 3502 1462 3537 .-
1482 3488 1587 3538 cln-

524 3573 584 3610 τι
618 3559 813 3625 quippe
838 3559 1065 3626 Augusti
1098 3563 1418 3625 temporibus
1440 3564 1587 3614 Vini-

523 3636 719 3687 ciorum
741 3635 954 3698 familia,
968 3644 1029 3687 ut
1052 3651 1117 3686 ex
1131 3638 1335 3689 Velleio
1356 3639 1589 3706 colligas,

523 3719 579 3763 et
616 3727 682 3764 ex
707 3728 755 3764 c.
774 3717 856 3765 71.
893 3711 1045 3779 infra,
1071 3715 1159 3766 ubi
1198 3716 1406 3780 quidam
1439 3717 1588 3768 Vini-

523 3791 630 3842 cius
645 3789 862 3854 Augusti
881 3791 1096 3842 conviva
1119 3793 1328 3855 legitur,
1342 3808 1403 3844 ac
1424 3794 1587 3845 maxi-

525 3883 610 3918 me
643 3882 709 3918 ex
740 3883 946 3919 nummo
975 3870 1159 3934 veteri,
1180 3885 1335 3936 quem
1352 3872 1586 3937 *Torren-

526 3946 626 3994 tius
646 3945 697 3994 in
719 3959 837 3995 eum
858 3944 1014 3996 finem
1032 3946 1131 3997 huc
1155 3948 1392 4011 protulit.

588 4029 609 4057 ¹
640 4024 819 4089 Baias]
857 4024 1024 4074 Notus
1041 4038 1292 4090 aquarum
1305 4025 1588 4077 calidarum

526 4097 725 4147 balneis
749 4107 806 4148 et
821 4098 1021 4150 deliciis
1040 4102 1184 4152 locus
1205 4102 1257 4151 in
1281 4102 1588 4169 Campania,

527 4173 685 4222 etiam
706 4173 862 4223 hodie
883 4176 1030 4225 Boia.

532 4266 537 4271 ·
591 4255 612 4281 ⁸
644 4249 856 4312 Licet-os,
875 4256 922 4300 et
952 4257 1115 4303 notare
1140 4253 1353 4319 [natare]
1385 4255 1588 4322 Lipsius

529 4326 758 4382 Elector.
778 4329 871 4380 lib.
894 4343 958 4382 11.
981 4344 1098 4395 cap.
1121 4337 1202 4383 17.
1227 4335 1468 4386 emendat
1500 4351 1581 4386 no·

1658 2485 1782 2538 tare,
1809 2486 1871 2530 ut
1908 2479 1978 2530 sit
2016 2492 2213 2540 sensus,
2242 2477 2359 2528 illos
2391 2475 2458 2528 ab
2497 2476 2723 2544 ipsomet

1659 2558 1904 2623 Angusto
1927 2562 2078 2608 notas
2114 2556 2330 2607 edoctos
2364 2563 2470 2606 tam
2493 2555 2722 2607 scriben-

1658 2634 1754 2684 das
1793 2649 1945 2700 quam
1974 2632 2354 2698 intelligendas,
2376 2639 2437 2682 ut
2465 2647 2626 2697 supra
2656 2632 2723 2683 de

1658 2711 1802 2764 Julio
1837 2712 1890 2761 in
1914 2711 2021 2764 Jul.
2044 2725 2091 2760 c.
2124 2715 2207 2761 56.
2250 2718 2484 2761 notatum
2522 2716 2624 2775 est,
2656 2710 2724 2761 de

1658 2790 1775 2854 ipso
1794 2785 2033 2853 Augusto
2050 2787 2185 2838 infra
2201 2803 2249 2838 c.
2268 2791 2351 2838 88.
2415 2787 2725 2838 Torrentius

1661 2866 1877 2916 retinuit
1896 2870 2082 2923 notare,
2103 2871 2211 2914 tum
2246 2863 2560 2915 anctoritate
2583 2863 2723 2914 codi-

1660 2957 1780 2994 cum
1801 2943 2058 3006 unanimi3
2095 2949 2202 2994 tum
2222 2943 2337 3007 ipso
2353 2956 2450 2992 usu
2468 2941 2614 2992 verbi
2634 2955 2725 2991 no-

1661 3027 1793 3084 tare,
1815 3023 1965 3088 cujus
1987 3035 2164 3072 sensus
2186 3034 2445 3086 nunqnam
2468 3019 2587 3078 iste,
2611 3026 2725 3069 tum

1660 3097 1885 3162 deniqne
1897 3097 2224 3164 antiquorum
2239 3095 2618 3148 consuetudine
2635 3096 2725 3147 ad-

1661 3175 1880 3240 ductus3
1912 3177 1965 3227 hi
1995 3177 2193 3244 quippe
2228 3176 2460 3241 corpori·
2481 3183 2537 3226 et
2568 3174 2729 3225 animi

1659 3252 1859 3317 pariter
1879 3253 2135 3305 exercitia
2165 3253 2557 3319 promovebant,
2587 3253 2730 3303 unde

1660 3331 1990 3395 proverbium
2006 3330 2074 3382 de
2096 3330 2212 3381 rudi
2237 3344 2448 3395 prorsus
2470 3337 2524 3380 et
2547 3329 2729 3381 indoc-

1660 3417 1736 3471 to,
1761 3406 1884 3470 μήτε
1918 3409 2016 3460 νεῖν
2049 3406 2171 3471 μήτε
2206 3405 2479 3471 γράμματα,
2508 3408 2610 3458 hoe
2644 3412 2732 3458 ent

1658 3499 1803 3550 neque
1821 3499 1937 3535 aare
1949 3499 2098 3548 aeque
2119 3485 2286 3534 literas
2302 3500 2325 3543 ,-
2356 3498 2470 3549 qnae
2493 3483 2648 3534 ambo
2661 3491 2732 3534 ‘ut

1662 3560 1992 3611 addiscerent
2011 3559 2122 3624 filii,
2137 3561 2433 3625 praesertim
2454 3560 2735 3624 satagebat

1660 3635 1949 3701 Augustus.
2015 3637 2240 3706 Narratio
2273 3652 2377 3687 nna
2408 3650 2440 3687 e
2467 3638 2732 3702 μύωπι

1662 3715 2125 3767 exercitationibus
2140 3731 2158 3778 ς
2180 3715 2395 3780 singulis
2411 3714 2548 3764 enim
2563 3714 2732 3767 ferme

1662 3792 1847 3842 diebus
1883 3791 2247 3846 adolescentes
2283 3790 2508 3842 Romani
2535 3806 2731 3844 conve-

1662 3870 1883 3920 niebant
1931 3868 1989 3919 in
2029 3869 2283 3931 Campum
2325 3868 2596 3932 Martium,
2639 3869 2733 3919 ubi

1664 3946 1943 4009 currendo,
1970 3946 2237 4002 luctando,
2258 3952 2315 3997 et
2345 3946 2399 3995 in
2435 3945 2733 4011 propinquo

1662 4024 1841 4076 Tiberi
1885 4021 2132 4081 natando,
2173 4030 2281 4072 tum
2330 4021 2397 4072 ad
2439 4023 2731 4074 abluendas

1662 4105 1842 4156 sordes
1860 4117 2013 4153 cursu
2038 4112 2095 4154 et
2116 4102 2258 4154 lucta
2280 4106 2597 4164 contractas,
2619 4107 2732 4150 tum

1666 4181 1733 4230 ad
1769 4180 1902 4231 banc
1941 4193 2148 4246 quoque
2187 4186 2355 4230 artem
2397 4176 2730 4228 ediscendam

1670 4257 2072 4310 exercebantur.
