3019 4922
907 1076 1426 1160 TIBERIUS
1481 1084 1790 1162 NERO
1845 1087 2288 1170 CAESAR.=

506 1666 953 1760 PA'rmolA‘*
1003 1718 1163 1781 gens
1220 1700 1548 1771 (Πειιιιίἰιιι.2
1614 1705 1777 1791 (fuit
1807 1709 2007 1773 enim
2066 1717 2137 1774 et
2168 1711 2351 1776 alia'
2386 1711 2687 1795 plebeia,

502 1815 628 1861 nec
657 1799 955 1881 potentia
983 1801 1221 1881 minor,
1284 1801 1412 1870 nec
1445 1806 1797 1891 dignitate)
1827 1806 1968 1876 orta
2013 1819 2118 1877 est
2156 1833 2244 1879 ex
2296 1814 2634 1898 Regillis,³
2661 1814 2689 1859 ι’

506 1899 761 1982 oppido
814 1901 1233 1972 Sabinorum.
1321 1906 1487 1972 Inde
1533 1909 1826 1976 Romam
1857 1931 2086 1978 recens
2109 1915 2441 1981 conditam
2463 1926 2486 1954 ⁰
2532 1938 2688 1983 cum

500 2019 741 2084 magna
768 2003 1099 2071 clientium
1118 2004 1146 2044 ⁴¹
1194 2029 1395 2075 manu
1429 2013 1915 2096 commigravit,
1960 2022 2228 2082 auctore
2255 2017 2412 2083 Tito
2438 2018 2690 2099 Tatio:

1411 2176 1779 2202 0¹00an

552 2301 593 2373 ‚1
629 2299 706 2375 ῼε
731 2299 917 2351 Tiberio
938 2303 1138 2356 Medic.
1159 2311 1207 2357 3.
1264 2309 1478 2362 Tiberius
1498 2315 1696 2368 Medic.
1717 2321 1766 2367 l.
1785 2320 1834 2367 2.
1888 2316 1995 2366 rib.
2022 2315 2248 2365 Claudius
2278 2316 2444 2366 Coesar
2465 2316 2621 2367 Vind.
2643 2323 2691 2370 2.

503 2361 721 2413 Tabernas
760 2367 925 2417 Coesur
962 2369 1107 2422 Cort.
1142 2373 1309 2424 Periz.
1364 2378 1541 2429 Titulo
1579 2388 1759 2432 carent
1792 2381 1950 2432 vind.
1974 2387 2020 2431 1.
2059 2381 2158 2432 Ed.
2195 2383 2468 2444 (ἵππῳ-2
2508 2383 2691 2434 Claude

498 2426 716 2507 Momm..
778 2431 949 2512 Deest
978 2448 1078 2487 vox
1107 2453 1229 2501 gens
1247 2440 1405 2494 Vind.
1435 2448 1482 2496 1.
1550 2444 1687 2498 Dein
1719 2448 1772 2499 in
1805 2447 1940 2511 dign.
1973 2446 2167 2497 Medic.
2205 2451 2348 2497 1.--3
2383 2447 2547 2511 Regii.
2579 2449 2689 2500 sine

497 2502 763 2560 praeposit.
796 2512 858 2547 ex
891 2499 981 2550 hb.
1012 2516 1139 2554 unus
1158 2505 1301 2558 Torr.
1323 2514 1379 2560 et
1400 2509 1665 2575 abjecerat
1686 2515 1827 2579 Lips.
1895 2514 2022 2563 Mox
2044 2512 2286 2563 clientium
2308 2513 2500 2578 primus
2523 2513 2691 2565 edidit

1458 2657 1675 2710 NOTAE

561 2748 587 2775 ⁸
618 2743 860 2813 Patricia]
893 2752 979 2802 De
1004 2754 1238 2819 patriciis
1262 2758 1313 2808 in
1334 2758 1475 2810 Julio
1498 2774 1547 2811 c.

494 2820 577 2869 41.
598 2825 654 2869 et
672 2819 907 2887 Augusto
923 2843 971 2878 c.
989 2833 1042 2881 2.
1074 2832 1208 2886 Haec
1230 2842 1402 2887 autem
1418 2850 1546 2901 gens

494 2893 638 2945 dicta
673 2896 776 2950 fuit
808 2903 1165 2973 Pulchrorum,
1205 2911 1271 2960 ad
1302 2910 1546 2962 differen-

494 2969 619 3021 tiam
642 2974 877 3043 plebeiae,
901 2996 1017 3045 quae
1039 2986 1425 3040 Marcellorum.
1457 2990 1546 3039 De

494 3046 681 3109 quibus
705 3052 889 3105 Cicero
912 3057 1002 3108 lib.
1024 3072 1064 3111 1.
1088 3061 1151 3110 de
1179 3061 1405 3114 Oratore
1430 3066 1544 3129 plu-

494 3135 571 3209 ra..
612 3124 801 3178 Utrum
826 3133 998 3183 autem
1019 3136 1099 3185 11ae
1121 3136 1352 3204 familiae,
1375 3146 1435 3190 ut
1455 3155 1545 3191 no·

492 3199 663 3265 minis,
687 3202 763 3253 sic
787 3214 841 3255 et
864 3209 1095 3272 ejusdem
1130 3228 1294 3265 necne
1334 3216 1546 3281 originis

491 3272 707 3338 fuerint,
730 3280 864 3334 haud
886 3289 1109 3352 reperio.
1175 3293 1335 3343 Certe
1362 3308 1428 3346 ex
1462 3296 1545 3346 Ci-

490 3365 680 3407 cerone
703 3358 789 3410 lib.
811 3375 892 3413 rx.
917 3364 1081 3429 Epist.
1106 3368 1290 3421 Famil.
1315 3376 1370 3422 et
1392 3386 1457 3424 11.
1478 3373 1546 3424 de

491 3429 718 3496 Legibus
749 3447 970 3499 constat,
994 3443 1105 3496 aliis
1128 3461 1334 3514 quoque
1357 3448 1544 3500 Roma·

486 3520 667 3561 norum
711 3517 929 3569 nominis
970 3528 1029 3571 et
1063 3523 1275 3588 originis
1313 3526 1545 3591 ejusdem

485 3582 694 3639 familiis
715 3590 768 3640 id
791 3595 1089 3664 contigisse,
1126 3607 1186 3651 ut
1202 3604 1365 3653 altera
1383 3607 1545 3669 patri-

488 3659 571 3710 cia
610 3660 765 3750 foret,
806 3677 862 3720 et
900 3674 1063 3724 altera
1112 3677 1345 3740 plebeia:
1402 3681 1543 3746 quod

485 3747 697 3790 evenire
736 3757 950 3799 necesse
987 3759 1123 3814 erat,
1158 3768 1273 3804 cum
1302 3769 1405 3805 non
1429 3763 1543 3815 tota

485 3824 613 3874 gens
636 3816 826 3884 aliqua,
844 3824 934 3873 sed
959 3827 1193 3890 quaedam
1212 3832 1321 3895 ejus
1344 3831 1541 3885 familia

486 3899 517 3934 a
541 3891 776 3950 patriciis
799 3898 861 3946 ad
883 3900 1091 3963 plebem
1111 3906 1382 3973 transibat,
1402 3918 1460 3959 ut
1474 3909 1540 3959 ab

483 3976 588 4014 uuo
609 3981 638 4017 e
675 3974 902 4034 patriciis
939 3978 1189 4047 Claudiis,
1224 3986 1539 4051 astipulante

481 4038 710 4160 ¹(famare,
731 4046 928 4104 factum
952 4055 1172 4110 vidimus
1195 4075 1350 4126 supra
1370 4063 1424 4113 in
1444 4065 1540 4115 Ju-

503 4128 553 4163 ιο
576 4130 623 4169 c.
645 4124 729 4172 20.

551 4191 574 4225 ⁶
606 4194 838 4264 Regillis]
870 4204 1123 4271 Dionysio
1146 4212 1541 4268 Halicarnasseo

487 4271 543 4317 et
564 4269 825 4337 Stephano
863 4277 880 4306 ‘
905 4282 1181 4348 Regillusz’
1212 4291 1361 4344 Livio
1395 4294 1411 4322 ‘
1432 4293 1538 4347 Re·

1627 2758 1803 2823 gillum
1821 2756 1835 2780 '
1855 2757 2060 2808 dicitur.
2093 2758 2274 2808 Distat
2289 2758 2356 2809 ab
2370 2759 2534 2816 Urbe,
2554 2767 2688 2813 teste

1626 2835 1808 2886 eodem
1833 2834 2248 2900 Halicarnasseo,
2285 2836 2558 2899 sexaginta
2582 2846 2686 2889 sta-

1627 2912 1724 2963 diis
1755 2924 1919 2975 prope
1953 2910 2198 2961 Tiberim.
2262 2910 2568 2962 Sabinorum
2601 2928 2687 2963 au-

1628 2993 1732 3039 tem
1756 3001 1939 3037 nomen
1973 2988 2133 3037 etiam
2166 2987 2318 3038 hodie
2339 2988 2376 3037 12·
2395 2986 2588 3053 Sabini,
2610 3004 2689 3040 re·

1625 3064 1810 3129 gioque
1834 3063 1948 3127 ipsa
1970 3062 2183 3113 Sabinia.

1689 3147 1712 3174 ⁰
1748 3141 1933 3190 Recens
1952 3141 2209 3206 conditam]
2245 3140 2398 3191 Prior
2419 3142 2532 3191 baec
2554 3141 2682 3193 Sue-

1627 3216 1754 3267 tonii
1774 3217 2037 3267 sententia
2056 3217 2122 3267 de
2144 3218 2475 3269 Claudiorum
2497 3221 2690 3285 migra·

1630 3293 1768 3343 tione
1791 3293 1972 3343 nullibi
1997 3294 2098 3357 legi
2122 3299 2349 3346 testatur
2376 3295 2688 3359 Beroaldus,

1627 3371 1973 3436 posteriorem
1986 3369 2258 3420 confirmat
2278 3371 2562 3438 Dionysius
2578 3373 2688 3423 Ha·

1628 3449 1990 3510 licarnasseus,
2012 3452 2067 3498 et
2089 3448 2175 3498 alii
2195 3449 2384 3512 passim
2419 3449 2650 3502 historici
2671 3468 2685 3500 z

1625 3528 1856 3593 inprimis
1890 3527 2200 3596 Plutarchus
2213 3527 2266 3576 in
2283 3527 2581 3592 Publicola,
2598 3529 2688 3580 nbi

1626 3604 1877 3655 seditione
1910 3604 2233 3666 popularium
2275 3602 2341 3653 ad
2364 3603 2417 3653 id
2441 3611 2684 3656 coactum

1624 3682 1807 3746 refert,
1819 3696 1880 3731 ac
1896 3680 2198 3732 Sabinarum
2214 3679 2521 3732 familiarum
2536 3684 2686 3749 quin-

1623 3774 1725 3827 que
1747 3759 1906 3809 millia
1927 3771 2103 3809 secum
2126 3755 2418 3808 deduxisse.

1685 3836 1711 3872 ‘¹
1746 3833 2024 3897 clientium]
2075 3834 2161 3883 De
2199 3834 2480 3884 clientibus
2526 3850 2683 3901 supra

1621 3912 1674 3962 in
1696 3911 1841 3964 Julio
1863 3925 1909 3962 c.
1932 3914 1982 3958 2.
2016 3909 2098 3958 Ex
2118 3909 2215 3959 hoc
2239 3909 2352 3958 loco
2376 3916 2565 3961 notare
2586 3919 2684 3974 est,

1621 3988 1888 4037 clientelas
1924 3998 2026 4035 non
2064 3985 2283 4035 Romani
2316 3983 2572 4037 duntaxat
2605 3988 2678 4036 in·

1621 4063 1791 4114 stituti
1811 4061 1992 4111 fuisse.

1687 4149 1709 4176 ε
1730 4140 1839 4189 Tito
1859 4136 2022 4200 Tatio]
2041 4135 2341 4187 Sabinorum
2366 4152 2510 4203 rege,
2526 4153 2674 4205 quem

1621 4216 1824 4268 Romuli
1840 4220 2131 4266 consortem
2151 4212 2300 4276 dicit,
2323 4220 2542 4277 propter
2559 4229 2673 4265 con-

1617 4295 1867 4347 sociatum
1884 4299 1939 4344 et
1958 4291 2011 4343 in
2029 4289 2244 4342 eandem
2259 4289 2522 4344 civitatem
2546 4291 2672 4358 (Ro-
