3019 4922
2384 387 2516 475 245

326 537 410 604 tis
437 540 563 605 sub
594 540 890 608 Palatini
919 541 1260 628 Apollinis
1281 551 1459 618 basi.
1550 550 1815 620 Annum
1844 578 1887 624 a
1919 562 2006 627 D.
2029 563 2075 628 J
2080 565 2216 630 ulio
2249 568 2510 636 ordina-

325 648 529 721 tum,¹¹¹
561 645 687 710 sed.
710 654 950 729 postea
977 649 1377 732 negligentia
1406 659 1867 726 conturbatum
1901 670 2103 749 atque
2134 669 2510 752 confusum,
2561 723 2572 724 ff

326 764 547 812 rursus
578 749 666 812 ad
696 750 1049 832 pristinam
1079 756 1396 821 rationem
1422 758 1717 843 redegit:
1750 763 1821 828 in
1838 766 2028 849 cujus
2056 771 2461 840 ordinatione
2483 785 2510 814 ²

328 846 688 915 Sextilem¹¹
731 874 1023 920 mensem
1069 876 1107 919 e
1157 877 1278 922 suo
1329 864 1759 943 cognomine³
1806 874 2243 955 nuncupavit,
2291 881 2507 960 magis

325 969 519 1031 quam
551 954 1032 1038 Septembrem,
1063 979 1196 1043 quo
1227 970 1367 1027 erat
1395 972 1629 1047 natus;
1671 970 1831 1052 quia
1862 971 1989 1037 hoe
2009 980 2034 1009 ⁰
2078 975 2210 1041 sibi
2258 986 2327 1043 et
2371 982 2509 1064 pri-

323 1071 470 1116 mus
503 1060 914 1138 consulatuS,
944 1069 1016 1127 et
1042 1063 1331 1145 insignes
1362 1066 1660 1136 victoriae
1692 1074 2110 1156 obtigissent.
2184 1079 2507 1149 Sacerdo-

323 1159 457 1224 tum
487 1157 918 1249 et‘nnmerum
949 1173 1020 1229 et
1048 1165 1456 1251 dignitatem,
1482 1171 1603 1236 sed
1636 1181 1705 1239 et
1728 1179 2078 1244 commoda
2100 1183 2312 1259 auxit,
2332 1205 2504 1267 prae·-

325 1258 517 1340 cipue
550 1260 934 1331 Vestalium
975 1269 1319 1351 virginum.
1410 1272 1711 1359 Cumque
1755 1278 1827 1342 in
1876 1280 2239 1348 demortuae
2283 1285 2501 1354 locum

324 1362 519 1427 aliam
550 1368 699 1451 capi
716 1376 743 1416 P
775 1378 1134 1453 oporteret,
1154 1375 1606 1461 ambirentque
1630 1382 1840 1459 multi,
1859 1403 1941 1448 ne
1959 1384 2139 1450 filias
2166 1387 2238 1450 in
2256 1395 2500 1456 sortem

1210 406 1611 459 oc'rAleS.

1221 1589 1585 1613 OONNNOC‘O

322 1682 525 1724 servant
550 1678 687 1728 Oud.
702 1682 864 1733 Wolf.
895 1685 1028 1735 Tum
1050 1688 1321 1754 addiditque
1343 1691 1575 1743 Harlem.
1599 1694 1875 1747 Edd.ven.
1899 1702 1947 1747 2.
1970 1703 2018 1751 3.
2042 1700 2303 1765 abdititque
2324 1703 2499 1756 Periz-

321 1751 348 1783 a
369 1752 434 1787 m.
460 1755 536 1803 pr.
558 1744 652 1791 sed
678 1746 729 1793 in
751 1762 914 1809 marg.
936 1750 1190 1817 condiditq.
1256 1756 1425 1814 Etiam
1441 1757 1496 1807 τὸ
1513 1775 1542 1807 u
1564 1767 1683 1822 post
1704 1776 1877 1811 annum
1901 1765 2071 1814 omisit
2094 1765 2311 1828 Cuj.—2
2350 1771 2496 1820 Ordi-

314 1804 545 1855 nationem
569 1808 696 1872 Cop.
723 1812 952 1865 Harlem.
973 1817 1144 1867 Periz.
1170 1820 1379 1872 Memm.
1413 1831 1470 1874 et
1505 1824 1701 1888 plures,
1732 1833 1787 1875 et
1829 1826 1965 1879 Edd.
2000 1829 2067 1879 Ο.
2103 1838 2295 1893 praeter
2315 1833 2496 1885 Graev.

318 1865 473 1918 Gron.
499 1871 718 1924 Casaub.
743 1886 799 1927 et
817 1882 1243 1933 recentiores—3
1262 1887 1309 1934 E
1328 1902 1411 1937 suo
1432 1889 1617 1938 nomine
1637 1889 1752 1939 Pal.
1778 1895 1820 1941 l.
1844 1907 1959 1941 cum
1984 1894 2146 1945 tribus
2160 1897 2305 1945 Torr.
2339 1898 2495 1948 Post-

315 1944 373 1980 ea
395 1938 515 1996 quod
536 1938 622 1987 Ιιοσ
643 1941 839 1993 Medic.
862 1952 928 1995 tr.
950 1947 1106 1999 vind.
1130 1953 1178 1999 2.
1199 1952 1281 2000 sed
1304 1951 1452 2003 deest
1472 1954 1640 2005 Periz.
1664 1969 1726 2005 ac
1741 1957 1986 2019 cupiatiam
2003 1959 2196 2011 habent
2213 1961 2368 2020 idem,
2390 1964 2493 2015 duo

1299 2098 1513 2153 NOTAE

309 2175 325 2202 ‘
341 2177 443 2227 Hic
467 2179 626 2232 libros
649 2183 799 2237 dabit
821 2193 874 2239 et
895 2188 1104 2256 forulos,
1120 2195 1361 2246 mediam·
1441 2187 1541 2250 lroc
1563 2214 1715 2250 unum
1744 2202 1881 2253 diem
1904 2205 2184 2257 secundum
2213 2201 2496 2259 ordinatioss

311 2267 406 2316 que
432 2255 761 2310 minen-vanae
826 2264 990 2314 Secus
1021 2265 1118 2317 fori
1155 2277 1210 2319 et
1246 2272 1361 2323 loca
1441 2290 1557 2324 nem
1592 2276 1831 2341 Caesaris,
1862 2281 2039 2345 quinto
2074 2298 2277 2352 quoque
2310 2284 2493 2348 incipi·
2583 2347 2586 2352 y

311 2329 358 2377 in
391 2336 726 2394 spectaculis,
749 2345 802 2388 et
838 2340 1019 2392 sedilia
1052 2344 1105 2392 in
1145 2347 1359 2398 navibus

309 2404 618 2468 significant.
685 2413 756 2461 Et
797 2417 1048 2469 vaticinos
1078 2420 1233 2473 libros
1268 2438 1359 2489 ap-

307 2485 470 2545 posite
495 2495 671 2538 vatum
693 2491 814 2542 Deo
836 2496 1101 2555 credebat,
1124 2498 1357 2565 Apollini

303 2560 518 2623 scilicet,
542 2565 690 2630 quus
713 2576 886 2619 statua
907 2576 990 2622 50.
1016 2575 1201 2637 pedum
1239 2578 1357 2628 alti-

304 2636 481 2686 tudine
501 2638 624 2703 fuit‚
658 2642 724 2692 de
759 2661 861 2709 qna
894 2653 952 2698 ut
976 2663 1007 2697 a
1029 2665 1082 2699 se
1105 2651 1214 2699 visa
1247 2652 1356 2701 Pli-

303 2711 411 2761 nius
435 2715 526 2773 ait,
562 2717 772 2770 dubium
796 2737 862 2771 an
896 2739 999 2774 aere
1034 2727 1256 2778 nobilior
1289 2728 1357 2779 an'

303 2789 708 2850 pulchritudine.
770 2798 954 2863 Plures
976 2800 1142 2855 fuere.

360 2874 398 2899 ¹¹¹
429 2869 624 2920 Annum
677 2887 709 2922 α
748 2875 818 2924 D.
870 2879 1006 2929 Julio
1060 2881 1353 2950 ordinatum]

301 2934 429 2992 Quae
476 2959 605 2995 cura
649 2951 858 3001 maximi
902 2955 1159 3017 pontificis
1197 2968 1351 3011 erat:

222 3018 229 3030 ’
297 3017 348 3067 in
385 3019 495 3071 Jul.
536 3037 581 3071 c.
604 3027 687 3074 40.
724 3034 997 3095 notatum3
1031 3033 1150 3084 ideo
1179 3045 1355 3090 autem

297 3098 641 3150 conturbatus
653 3103 763 3166 jam
782 3114 912 3175 erat,
936 3111 1054 3173 quia
1067 3112 1194 3164 Julii
1215 3130 1356 3166 rnen-

296 3175 398 3223 tem
423 3174 475 3223 in
502 3176 981 3237 intercalationibus
998 3202 1100 3239 non
1133 3194 1357 3244 assecuti

294 3253 571 3313 pontifices
614 3267 795 3323 quarto
829 3279 1030 3331 quoque
1061 3284 1196 3320 anno
1229 3272 1356 3323 inci-

294 3327 473 3390 piente
489 3331 943 3403 intercalaverant,
961 3358 1076 3394 cum
1092 3346 1187 3396 nisi
1204 3363 1350 3414 quar-

293 3410 349 3454 to
373 3422 579 3473 quoqne
613 3427 745 3465 anno
773 3415 1047 3469 desinente
1080 3437 1180 3471 non
1210 3432 1352 3475 esset

291 3479 741 3540 intercalandum:
778 3508 877 3557 qua
902 3498 1102 3547 ratione
1137 3499 1186 3548 in
1219 3501 1348 3564 pris-

291 3557 451 3608 tinam
475 3562 839 3618 confusionem
864 3571 1095 3622 reditura
1119 3590 1198 3625 res
1218 3585 1351 3628 erat.

290 3632 458 3683 Annis
492 3639 628 3688 enim
652 3644 733 3691 36.
768 3659 980 3709 quorum
1012 3647 1225 3701 decursu
1248 3666 1347 3701 non

288 3709 466 3772 plures
490 3727 639 3776 quam
664 3731 846 3768 novem
881 3723 989 3772 dies
1014 3725 1238 3775 addendi
1267 3726 1346 3776 fu-

288 3794 462 3849 erant,
502 3803 679 3840 errore
716 3809 875 3858 supra
909 3810 1191 3853 memorato
1223 3803 1346 3854 duc-

286 3861 326 3909 ti
362 3863 664 3931 pontifices,
707 3869 979 3924 duodecim
1023 3877 1346 3941 addiderant,

284 3952 444 4002 quern
505 3948 562 3991 ut
599 3945 898 3998 emendaret
940 3949 1226 4019 Augustus,
1268 3958 1347 4008 12.

285 4024 450 4066 annos
474 4018 669 4086 absque
687 4022 998 4089 intercalari,
1018 4030 1116 4081 hoc
1140 4039 1223 4082 est
1244 4032 1346 4082 bis-

284 4093 467 4142 sextili
510 4094 615 4161 die,
663 4101 889 4165 transigi
915 4103 1096 4171 jussit,
1139 4114 1198 4158 ut
1240 4115 1346 4159 tres

279 4164 355 4214 illl
387 4168 525 4236 dies,
549 4175 637 4239 qui
671 4191 767 4240 per
799 4188 959 4231 anuos
986 4188 1069 4235 36.
1106 4185 1343 4237 sacerdo-2

282 4242 407 4292 talis
428 4243 774 4302 festinationis
796 4255 922 4307 vitio
958 4269 1244 4323 creverant,
1267 4263 1342 4312 in-

286 4324 542 4376 tercalato
559 4329 701 4380 nullo
735 4331 1126 4390 devorarentur.
1179 4343 1195 4370 ‘
1213 4340 1345 4394 Post

1438 2360 1561 2403 ente
1586 2369 1740 2417 anno,
1762 2356 2059 2408 intercalari
2081 2361 2268 2423 jussit:
2304 2367 2362 2410 et
2384 2375 2492 2409 om·

1437 2443 1555 2481 nem
1589 2432 1724 2482 hunc
1746 2432 1997 2500 ordinem,
2020 2449 2169 2486 aereae
2195 2436 2407 2500 tabulae,
2426 2438 2493 2486 ad

1438 2512 1685 2557 aeternam
1722 2510 2026 2575 custodiam,
2071 2510 2317 2561 incisione
2350 2520 2495 2563 man-

1436 2582 1612 2634 davit.'
1677 2585 1752 2634 Ut
1771 2585 1845 2634 ait
1867 2586 2163 2637 Macrobius
2195 2582 2287 2636 lib.
2311 2599 2350 2637 1.
2371 2600 2488 2650 cap.

1435 2663 1518 2709 14.

1499 2742 1525 2768 ¹¹
1556 2735 1809 2800 Sextilem]
1843 2737 1979 2790 Quia
2000 2729 2177 2790 sextus
2212 2754 2242 2788 a
2275 2738 2489 2796 Martio,

1435 2811 1573 2863 unde
1615 2813 1902 2877 incipiebat
1945 2829 2106 2865 annus
2146 2815 2389 2876 Romuli;
2430 2829 2491 2865 re

1435 2890 1572 2938 enim
1615 2890 1835 2948 sublata,
1878 2899 2142 2942 manserat
2185 2891 2488 2958 appellatio.

1435 2965 1609 3017 Hodie
1633 2964 1895 3030 Augustus
1918 2969 1983 3018 ab
2014 2968 2267 3033 Augusto.
2335 2967 2410 3016 Ut
2433 2966 2490 3015 et‘

1434 3042 1627 3107 Julius,
1661 3042 1726 3092 de
1762 3045 1937 3109 quoin
1971 3042 2081 3096 Jul.
2116 3048 2260 3097 ολδ.
2295 3049 2352 3092 et
2373 3042 2491 3092 Ma·

1435 3119 1580 3169 crob.
1602 3126 1659 3170 et
1680 3120 2003 3172 Censorinus.

1440 3196 1445 3201 '
1500 3203 1525 3228 ⁰
1548 3197 1675 3252 Quia
1696 3195 1803 3260 hoc]
1826 3197 2012 3247 Mense
2033 3197 2259 3259 scilice13
2285 3195 2408 3261 quin
2432 3200 2490 3248 et

1437 3273 1619 3323 eodem
1643 3272 1744 3322 die.
1778 3275 2027 3324 Horatius
2062 3274 2180 3325 Ode
2197 3277 2278 3323 14.
2298 3274 2388 3323 lib.
2413 3271 2489 3323 ιν.

1428 3349 1446 3377 ⁴
1463 3351 1597 3399 Nam
1623 3349 1722 3398 tibi
1741 3365 1840 3414 quo
1859 3351 1942 3398 die
1955 3350 2146 3401 Portus
2169 3349 2491 3399 Alexandria

1431 3424 1652 3489 supplex
1676 3425 1748 3474 Et
1770 3440 1983 3476 vacuam
2007 3425 2263 3490 patefecit
2281 3422 2489 3489 aulam,'

1431 3504 1530 3553 &c-

1494 3583 1521 3616 P
1560 3575 1706 3640 Capi]
1750 3576 1955 3627 Gellius
2000 3577 2195 3628 ibidem
2220 3593 2237 3628 z
2277 3575 2484 3626 ‘Pleri-

1429 3668 1532 3718 que
1556 3659 1729 3703 autem
1764 3654 1879 3719 capi
1902 3654 2153 3718 virginem
2193 3654 2353 3702 solam
2394 3654 2484 3733 de:

1429 3730 1555 3781 bere
1586 3732 1690 3781 dici
1728 3739 1932 3796 putant,
1966 3733 2060 3781 sed
2095 3731 2327 3781 flamines
2360 3745 2488 3794 quo-

1428 3823 1527 3873 que
1549 3808 1864 3865 diales,item
1887 3808 2158 3872 pontifices
2171 3815 2226 3856 et
2246 3808 2486 3871 augures,¹

1427 3886 1547 3951 capi
1601 3883 1938 3935 dicebantur.'
2024 3886 2096 3934 Et
2141 3884 2295 3948 paulo
2348 3892 2502 3950 ante,⁴

1429 3963 1583 4027 ‘capi
1629 3968 1805 4012 autem
1853 3961 1994 4024 virgo
2054 3967 2339 4026 propterea
2379 3960 2485 4011 dici

1428 4037 1650 4101 videtur,
1674 4038 1794 4103 quia
1813 4036 2068 4100 pontificis
2087 4052 2242 4087 mauu
2268 4039 2486 4102 prehen-

1428 4118 1500 4172 sa,
1523 4115 1589 4164 ab
1618 4128 1681 4163 eo
1705 4120 1939 4178 parente,
1972 4113 2025 4163 in
2053 4115 2198 4179 cujus
2222 4119 2485 4176 potestate

1427 4196 1530 4250 est,
1572 4191 1735 4241 veluti
1778 4189 1916 4240 bello
1957 4197 2132 4255 capta,
2174 4185 2486 4239 abducitur!

1424 4264 1699 4318 Pontificis
1734 4268 1873 4317 inter
1909 4267 2011 4316 alia
2047 4267 2206 4318 verba
2250 4263 2484 4314 solennia

1425 4342 1539 4394 haec
1555 4334 1677 4394 sunt
1693 4359 1706 4394 ε
1724 4344 1842 4409 ‘Te,
1859 4338 2265 4407 Amata,capto.'
2284 4338 2474 4389 Amata
