3019 4922
485 406 619 474 208
1359 416 1424 465 c.
1470 411 1823 480 sussromr

483 566 758 635 comitis
789 563 966 651 ejuS,
994 565 1230 630 dolens
1261 563 1708 648 proscriptum
1730 561 1889 626 olim
1917 549 2005 624 ab
2028 580 2111 626 eo
2142 554 2442 643 patremd
2487 555 2672 622 Pau-

490 671 654 748 ·lum,
684 674 749 734 et
778 670 973 753 quasi
1000 668 1350 734 occasione
1381 665 1650 730 ultiouis
1694 664 1942 740 oblata,
1990 662 2352 727 interficere
2394 664 2672 725 conatus

490 780 617 839 est.
704 773 873 837 Post
903 770 1209 854 Pompeii
1259 769 1507 852 fugam,
1548 755 1944 849 collegarum
1975 766 2297 830 alterum·
2344 761 2441 826 M.
2474 760 2675 843 Lepi·

492 874 672 957 dum,
702 893 1019 957 quemex
1046 871 1285 936 Africa
1312 871 1377 934 in
1408 868 1736 934 auxilium
1772 874 2148 946 evocarat)
2188 864 2675 950 superbientem

491 975 723 1058 viginti
753 974 1089 1057 legionum
1119 973 1389 1051 fiducia,
1419 990 1853 1057 summasque
1884 971 2014 1035 sibi
2045 975 2271 1055 partes
2291 1013 2296 1019 -
2315 974 2672 1032 terrore-ac

495 1078 693 1143 minis
722 1075 1190 1153 vindicantem,
1235 1075 1556 1165 spoliayit
1583 1074 1924 1139 exercitu:
1969 1074 2488 1157 supplicemque,
2520 1087 2679 1133 con-

488 1197 691 1245 cessa
733 1180 898 1256 vita,
952 1178 1253 1244 Circeios
1273 1184 1300 1214 ²
1321 1174 1343 1212 f
1366 1177 1451 1240 fin
1501 1185 1890 1260 perpetuum
1936 1175 2275 1257 relegavit.
2362 1169 2524 1255 [17.]
2569 1170 2677 1236 Μ.

448 1294 456 1306 ‘
497 1279 780 1346 Antonii
825 1281 1215 1346 societatem
1243 1278 1804 1364 semperdubiam
1835 1284 1900 1341 et
1927 1278 2262 1353 incertam,
2286 1271 2677 1338 reconcilia-

493 1384 933 1467 tionibusque
955 1392 975 1431 ³
1022 1383 1227 1448 variis
1247 1379 1273 1429 'ss
1302 1383 1478 1446 male
1498 1377 1888 1457 focillatam,
1917 1379 2190 1462 abrupit
2210 1376 2525 1457 tandem,
2590 1374 2681 1439 Et

499 1505 637 1569 quo
688 1486 921 1567 magiS,
954 1486 1391 1569 degenerasse
1437 1502 1594 1549 enm
1630 1502 1700 1548 >a
1728 1483 1914 1548 civili
1971 1478 2210 1558 more,¹¹
2253 1480 2677 1563 approbaret,

497 1593 988 1666 testamentum,
1020 1587 1201 1674 quod
1231 1589 1293 1651 is
1323 1573 1590 1663 Romae,
1623 1585 1853 1650 etiam·
1874 1584 1964 1648 de
1989 1582 2396 1666 Cleopatra4
2442 1581 2678 1645 liberis

1753 1766 1781 1785 θ

495 1881 632 1932 Item
665 1882 847 1934 abesse
883 1898 1059 1934 vocem
1091 1890 1138 1934 et
1172 1890 1293 1934 ante
1320 1880 1454 1948 quusi
1489 1883 1670 1934 mallet
1691 1884 1814 1932 Ern.
1816 1885 1907 1929 —1
1952 1880 2156 1931 Vocarat
2176 1878 2329 1929 Harl.
2351 1876 2520 1927 Periz.
2545 1877 2682 1928 Edd.

496 1949 629 1997 Ven.
667 1955 734 1997 tr.
772 1949 916 1997 Med.
955 1950 1088 2000 Bon.
1124 1954 1393 1999 evocaverat
1427 1948 1565 1997 Edd.
1602 1949 1747 1998 Rom.
1778 1950 2052 1996 convocarat
2086 1945 2244 1995 vind.
2273 1949 2321 1994 1.
2351 1948 2684 1992 convocaverat

494 2010 658 2060 vind.
679 2016 853 2063 2.—2
864 2014 1080 2063 Corteios
1101 2013 1257 2065 Fouc.
1325 2014 1517 2063 Circeos
1555 2008 2685 2062 Edd.A1d.Graev.Gron.Burm.E1-n.et

495 2073 572 2126 ita
594 2076 768 2126 Periz.
793 2077 1027 2126 Har-lem.
1049 2077 1204 2127 vind.
1224 2083 1271 2126 l.
1341 2078 1561 2127 Cer-ocios
1582 2077 1779 2127 Medic.
1799 2082 1849 2127 3.
1918 2075 2125 2125 Cerceiis
2146 2075 2266 2124 Bas.
2337 2072 2400 2121 In
2417 2072 2529 2122 aliis
2548 2071 2686 2123 Edd.

501 2140 681 2189 Circeis
698 2142 778 2190 vel
799 2142 1019 2191 Cerceiie.
1022 2146 1117 2191 —3
1146 2143 1409 2193 Etreconc.
1432 2143 1662 2192 Fouc.et
1682 2141 1934 2204 deestque
1953 2141 2122 2189 Periz.
2141 2139 2283 2188 Cort-
2302 2136 2687 2187 Harlem.Edd.

494 2199 649 2255 Rom.
671 2205 805 2254 Ven.
832 2213 898 2255 tr.
924 2206 1068 2256 Med.
1087 2207 1215 2255 Bon.
1236 2207 1386 2257 Junt.
1409 2208 1521 2269 Lug
1523 2205 1574 2255 d.
1593 2205 1713 2256 Ald.
1738 2212 1793 2255 et
1816 2208 1880 2254 al.
1903 2219 2065 2269 usque
2088 2203 2151 2253 ad
2170 2204 2297 2255 Bas.
2361 2202 2686 2261 Deinfocila-

499 2273 599 2317 tam
613 2268 826 2320 Memm.
844 2270 1036 2319 Medic.
1054 2275 1100 2320 1.
1118 2275 1167 2320 2.
1184 2285 1300 2321 curn
1320 2272 1434 2319 aliis
1449 2272 1724 2320 nonnullis.
1742 2272 1955 2331 fellitam
1972 2284 2099 2319 unus
2113 2269 2262 2318 Torr.
2281 2267 2508 2343 fulcitam
2522 2280 2688 2329 marg.

501 2332 629 2383 Ant.
654 2333 853 2398 Gryph.
917 2331 981 2383 Ῑιι
1005 2335 1183 2399 Cujac.
1192 2335 1350 2395 focill.
1367 2336 1490 2386 velut
1565 2352 1642 2385 um
1662 2336 1763 2385 abr.
1786 2350 1852 2383 ex
1874 2338 2063 2397 glossa.
2128 2332 2294 2382 Abest
2316 2332 2470 2381 etiam
2492 2337 2539 2380 et
2561 2339 2686 2379 ante

497 2398 813 2459 quoaVind.
838 2403 862 2447 1
871 2403 983 2448 .—4
1020 2400 1152 2449 Haec
1175 2398 1469 2449 emendatio
1532 2416 1610 2451 ac.
1637 2400 1798 2449 Gron.
1821 2400 2100 2464 probarunt
2121 2398 2300 2448 Graev.
2323 2397 2501 2446 Burm.
2528 2393 2685 2444 Wolf.

500 2463 721 2528 Baumg.
743 2467 802 2516 de
823 2465 1260 2528 Cleopatraeliberis
1280 2465 1415 2516 Edd.
1430 2467 1580 2516 Vett.
1603 2466 1763 2516 velut
1783 2466 1936 2516 estin
1957 2465 2140 2529 steph.
2162 2471 2219 2514 et
2239 2460 2357 2514 cod.
2374 2463 2546 2512 Periz.
2565 2460 2690 2511 Pin.

1479 2611 1693 2664 NOTAE

493 2718 500 2725 ·
561 2703 586 2737 ‘²
620 2705 838 2769 Patrem]
873 2707 1032 2757 Istius
1060 2708 1250 2758 AEmilii
1282 2708 1433 2761 Pauli
1466 2725 1553 2761 co·
1616 2709 1738 2759 ‘Alii
1773 2709 1953 2770 aliter3
1985 2723 2085 2758 non
2108 2706 2318 2758 enimin
2339 2704 2565 2761 exilium,
2598 2705 2690 2754 sed

498 2780 638 2830 mitis
657 2781 770 2845 ejus
787 2783 979 2856 Paulus
1001 2791 1168 2848 pater,
1187 2787 1372 2849 Lepidi
1394 2785 1557 2836 frater
1637 2787 1851 2835 Romam
1872 2785 2080 2834 missum
2114 2784 2313 2846 dicunt,
2343 2788 2403 2832 ut
2423 2781 2494 2831 ibi
2524 2781 2695 2844 priva·

501 2864 634 2906 erat.
695 2859 926 2909 Velleius
964 2860 1059 2910 lib.
1095 2875 1158 2913 ιι.
1193 2862 1210 2890 ⁸
1235 2863 1439 2928 Nequid
1466 2864 1557 2913 ulli

501 2939 736 2982 sanctum
760 2934 1158 2999 relinqueretur,
1192 2939 1275 2987 vel
1310 2938 1362 2987 in
1385 2939 1559 2988 dotem

498 3006 996 3073 invitamentumqne
1040 3012 1270 3074 sceleris,
1306 3004 1561 3063 Antonius

498 3082 716 3132 Lucium
758 3083 1015 3134 Caesarem
1052 3088 1356 3137 avunculum
1394 3103 1559 3154 suum,

500 3157 731 3220 Lepidus
756 3157 976 3217 Paulum
998 3159 1214 3210 fratrem
1247 3163 1579 3227 proscripse·‘

494 3232 656 3283 tant?
701 3232 831 3283 Cum
846 3242 1019 3284 autem
1038 3235 1303 3286 Munatius
1320 3238 1566 3303 Plancus,

495 3309 594 3372 qui
617 3322 734 3358 cum
760 3308 963 3373 Lepido
983 3312 1102 3362 Cos.
1125 3321 1258 3376 erat,
1289 3314 1560 3379 impetras-

1639 2869 1741 2924 tus,
1772 2870 1824 2911 et
1854 2859 2154 2927 pontificatu
2175 2859 2392 2908 maximo
2414 2862 2691 2908 contentus

1639 2937 1870 3000 degeret.

1704 3023 1730 3058 ε
1763 3011 2274 3063 &conciliationibus
2290 3006 2460 3071 variis]
2525 3008 2696 3059 Quin-

1640 3089 1784 3154 quies
1805 3089 1940 3139 enim
1962 3089 2054 3138 vel*
2068 3089 2237 3138 sexies
2260 3086 2513 3150 depositis
2534 3094 2695 3134 etre-

1640 3164 2063 3215 crudeseentibus
2101 3161 2465 3224 simultatibus,
2512 3172 2697 3211 recon-

1641 3239 1801 3290 ciliati
1817 3239 2043 3304 fixerant,
2060 3240 2248 3291 Nervoe
2268 3238 2475 3288 Cocceii
2494 3245 2551 3287 et
2567 3238 2697 3287 Mae-
2730 3292 2734 3296 ⁴

1625 3318 1842 3368 cenatio
1884 3315 2169 3380 praesertim
2201 3314 2517 3364 interventu.
2566 3313 2695 3363 ‚Ho-

499 3394 584 3435 set
619 3398 832 3450 quoque*
846 3392 906 3435 ut
927 3384 1092 3438 frater
1113 3388 1225 3452 ipse
1251 3404 1371 3442 suus
1403 3392 1563 3442 Plan·

494 3476 593 3511 ⁶cus
615 3461 820 3516 Plotius
841 3459 1274 3528 proscriberetur,
1303 3466 1425 3517 inde
1459 3466 1565 3518 fac-

494 3543 728 3599 tum,1ut
760 3537 897 3587 inter
917 3539 1070 3602 jocos
1094 3540 1343 3591 militares
1367 3550 1422 3593 et
1442 3557 1563 3592 exe·

492 3613 799 3663 cretionem
810 3614 1018 3678 civium,
1036 3615 1124 3679 qui
1145 3617 1328 3680 Lepidi
1353 3618 1561 3668 Planci-

500 3702 606 3753 que
624 3689 1045 3752 triumphantium
1069 3705 1251 3741 currus
1275 3693 1591 3757 sequeban-

494 3773 607 3820 tur,
648 3770 979 3828 usurparent
996 3766 1131 3815 hunc
1154 3781 1396 3817 versum:
1430 3772 1446 3799 ⁸
1476 3772 1562 3819 De

505 3840 780 3891 Germanis
819 3855 923 3891 nou
958 3830 1041 3891 de
1062 3842 1231 3892 Gallis
1262 3843 1363 3892 duo
1388 3844 1566 3895 trium·

496 3916 670 3980 phant
709 3917 985 3968 consules!
1049 3919 1121 3968 Et
1159 3926 1336 3969 narrat
1372 3918 1565 3970 ibidem

494 3993 753 4043 velleius.
786 3994 869 4043 De
891 3994 1264 4058 proscriptione
1281 3996 1409 4060 quid
1426 4006 1566 4047 esset

502 4083 565 4118 c·
581 4073 661 4118 u.
677 4069 730 4117 in
746 4069 907 4120 Julio.

572 4144 928 4205 Collegaram
965 4146 1188 4210 alteram]
1233 4110 1297 4199 In
1334 4110 1565 4198 triumvi-

512 4225 652 4269 ratu.

571 4293 596 4327 ἕ
623 4293 858 4358 Circeios]
895 4295 1336 4349 Hodiecircelli
1322 4315 1376 4350 ιιι
1398 4300 1566 4352 Latio.

1626 3399 1743 3443 rat.
1768 3393 1882 3443 Sat.
1904 3397 1952 3441 6.
1976 3391 2065 3441 lib.
2084 3404 2126 3440 1.
2143 3391 2160 3418 ‘
2178 3390 2299 3440 Huc
2315 3395 2564 3439 venturus
2581 3396 2698 3438 erat

1629 3471 1910 3520 ‘Mae'cenas
1949 3468 2201 3531 optimus:
2234 3473 2390 3528 atque
2426 3465 2698 3528 Cocceius,

1642 3546 1785 3595 missi
1819 3545 2019 3608 magnis
2059 3543 2127 3594 de
2166 3541 2319 3593 rebus
2357 3548 2575 3605 uterque
2599 3543 2697 3590 Le-

1627 3622 1770 3684 goti,
1803 3634 2007 3670 aversos
2031 3619 2185 3669 soliti
2224 3631 2544 3681 componere
2572 3617 2696 3666 ami-

1641 3695 1767 3746 eos!

1709 3771 1833 3827 rA.
1841 3770 1923 3820 U.
1947 3769 2008 3819 C.
2034 3772 2150 3820 ⁵128.

1629 3880 1637 3887 ·
1705 3844 1731 3879 ¹¹
1766 3846 1914 3895 Civili
1942 3844 2091 3908 more]
2124 3843 2243 3893 Hoc
2276 3848 2356 3894 est
2387 3859 2419 3893 a
2455 3841 2603 3907 probi
2641 3848 2697 3892 et

1644 3921 1754 3971 veri
1786 3921 1913 3970 civis
1936 3919 2125 3970 officio.
2187 3918 2401 3968 Liberos
2426 3920 2562 3968 enim
2582 3933 2699 3967 suos

1645 4010 1712 4046 ex
1733 3996 2034 4060 Cleopatra
2047 4008 2166 4044 non
2187 3992 2418 4043 liaeredes
2447 3993 2635 4042 modo
2623 4007 2700 4042 ιιι-

1624 4072 1914 4133 -stituebat,
1947 4077 2130 4121 contra
2152 4071 2239 4133 jus
2261 4070 2565 4125 Romanum,
2600 4084 2698 4134 quo

1645 4148 1836 4199 nemini
1873 4154 2214 4212 praeterquam
2253 4147 2376 4196 civi
2391 4145 2586 4196 licebat
2615 4161 2697 4195 ca-

1646 4238 1772 4288 pere
1811 4225 2084 4289 quicquam
2126 4238 2190 4271 ex
2229 4229 2557 4284 testamento,
2606 4221 2695 4271 sed

1627 4301 1802 4353 ›etiam
1828 4307 1982 4365 reges
1996 4312 2171 4363 regum
2193 4297 2618 4365 appellabat,&.c
2622 4331 2637 4346 .
