3019 4922
509 405 640 473 894
1361 425 1423 471 c.
1470 422 1559 472 su
1574 420 1832 471 Bromi

509 567 738 650 Atque
783 567 1010 631 itinere
1031 574 1060 617 ⁹
1124 565 1467 644 inchoato,
1493 557 1498 561 ’
1528 566 1851 632 Asturam
1872 576 1924 606 ¹⁰
1946 576 1971 615 Ρ
2031 568 2380 651 perrexit:
2426 574 2501 633 et
2544 567 2700 633 inde

509 677 755 752 praeter
784 669 1364 734 consuetudinemq
1393 670 1475 732 de
1504 677 1708 734 nocte
1741 670 1828 734 ad
1848 672 2269 734 occasionem
2303 691 2480 735 aurae
2509 690 2705 734 evec-

510 779 668 848 ωε»,1ι
717 790 993 835 eausam
1051 770 1462 836 valetudinis
1531 774 1865 837 contraxit
1944 792 2032 837 ex
2057 779 2082 809 ²
2145 773 2478 856 profluvio
2543 773 2704 837 alvi.

513 871 676 956 [98.]
720 873 911 937 Tunc
956 872 1346 957 Campaniae
1371 881 1392 909 ⁸
1422 894 1539 938 ora
1585 875 2047 959 proximisque
2089 875 2325 939 insulis
2353 876 2705 951 circuitiS,³

514 975 922 1058 Caprearum
977 994 1249 1059 quoque
1301 978 1592 1040 secessui
1641 977 2067 1059 quatriduum
2105 976 2449 1060 impendit,
2476 978 2709 1040 remis-

515 1078 791 1141 sissimo
825 1077 912 1141 ad
940 1079 1146 1142 otium
1194 1085 1260 1144 et
1309 1079 1392 1143 ad
1440 1098 1699 1142 omnem
1738 1078 2131 1144 comitatem
2162 1081 2408 1144 animo.
2501 1079 2709 1143 Forte

515 1177 952 1243 Puteolanum
1003 1180 1272 1244 sinum*
1316 1180 1825 1263 praetervehenti
1855 1187 2191 1246 vectores⁸
2238 1190 2595 1264 nautaeque
2626 1181 2709 1245 de

514 1282 672 1346 navi
699 1279 1216 1362 Alexandrina,t
1257 1303 1411 1366 quae
1442 1289 1696 1348 tantum
1742 1284 1928 1367 quod
1957 1284 2339 1368 appulerat,
2370 1283 2712 1349 candidati

1417 1463 1598 1484 ‘O‘m
1601 1463 1779 1484 ““““

514 1580 647 1628 Tum
663 1584 769 1642 post
781 1579 881 1627 hoec
897 1578 1081 1628 iterum
1100 1579 1244 1629 Cort.
1262 1579 1395 1628 Edd.
1412 1581 1560 1630 Rom.
1579 1581 1718 1630 Rom.
1733 1581 1929 1643 posthac
1944 1578 2104 1629 Vind.
2122 1584 2268 1629 2.-9
2291 1579 2349 1629 In
2368 1580 2477 1628 itin.
2501 1581 2713 1633 Memm.

514 1644 821 1709 Liberflunus
841 1646 987 1692 'Porr-
1007 1644 1207 1707 praebet
1224 1645 1432 1705 initiato,
1450 1648 1586 1695 unde
1600 1648 1712 1708 ipse
1731 1646 1877 1694 Torr.
1891 1645 2030 1708 conj.
2053 1645 2192 1704 inito,
2209 1652 2263 1693 et
2281 1659 2398 1693 mox
2419 1660 2507 1709 pro
2526 1662 2713 1696 come·

512 1709 692 1761 tudine.
713 1707 818 1758 Alii
837 1708 1002 1757 Codd.
1015 1709 1226 1758 incohato
1240 1712 1320 1758 vel
1338 1711 1541 1771 incocto,
1557 1720 1614 1759 ut
1631 1712 1682 1758 in
1699 1710 1805 1761 Jnl.
1819 1713 2089 1759 c.46.—10
2104 1708 2339 1760 Artium
2358 1724 2420 1758 ac
2441 1725 2559 1759 mox
2571 1727 2710 1774 prop-

516 1778 591 1821 ter
617 1778 822 1821 consuet.
848 1774 1056 1836 Cuj.—-l
1094 1773 1256 1824 Aurea
1274 1790 1390 1824 aare
1406 1781 1589 1825 evectas
1608 1780 1681 1824 est
1704 1776 1917 1825 Memm.
1971 1774 2075 1824 Sed
2096 1781 2287 1836 praeter
2311 1774 2476 1824 Codd.
2497 1777 2637 1826 Pan.
2659 1785 2713 1826 et

517 1838 646 1899 Oop.
669 1851 766 1885 non
790 1838 982 1887 habent
1009 1844 1079 1888 est
1117 1840 1309 1888 Medic.
1335 1847 1464 1901 tres,
1483 1839 1641 1889 Vind.
1661 1844 1712 1889 2.
1747 1839 1888 1889 Dun.
1928 1841 2083 1888 Fouc.
2109 1839 2257 1888 Voss.
2281 1855 2395 1888 cum
2421 1840 2558 1890 Edd.
2585 1841 2710 1904 Arg.

516 1903 663 1953 Jnnt.
689 1901 808 1951 And.
831 1903 953 1951 Bas.
977 1904 1224 1953 continua
1246 1906 1475 1954 oratione
1506 1906 1620 1954 haec
1638 1919 1756 1954 cnm
1787 1919 1928 1970 seqq.
1953 1905 2239 1968 ,iungentes
2279 1919 2438 1969 nsque
2478 1904 2545 1953 ad
2584 1908 2713 1956 Tune

520 1967 683 2029 Camp.
707 1967 789 2016 ubi
815 1982 931 2015 nov.
956 1968 1137 2031 incipit
1162 1970 1290 2031 Cap.
1316 1985 1439 2033 quos
1475 1968 1602 2018 Mss-
1626 1978 1681 2018 et
1721 1969 1853 2019 Edd.
1886 1976 2090 2018 secutus
2122 1977 2199 2017 est
2222 1969 2362 2019 Oud.
2389 1970 2714 2033 astipulanti-

521 2030 616 2079 bus
635 2034 806 2079 Bnrm.
832 2033 1089 2095 Bru-Rip.
1109 2033 1261 2082 Wolf.
1283 2035 1500 2096 Baumg.
1537 2035 1637 2083 Ed.
1660 2035 1839 2096 Steph.
1863 2034 2064 2082 initium
2087 2032 2213 2083 fecit
2240 2049 2269 2081 a
2294 2050 2401 2084 voc.
2428 2034 2587 2096 Atque
2604 2036 2711 2084 itin.

518 2102 573 2143 et
598 2097 749 2158 vulgo
770 2104 890 2144 ante
903 2112 1090 2145 causam
1111 2106 1236 2147 nota
1250 2100 1367 2148 novi
1386 2101 1518 2161 Cap.
1544 2099 1868 2160 ponium—2
1897 2100 1977 2147 Ex
1994 2099 2142 2148 deest
2171 2098 2361 2148 Medic.
2382 2103 2431 2146 2.
2457 2099 2574 2147 Pin.
2598 2101 2711 2162 Cuj.

518 2159 772 2208 Fouc.—8
812 2162 1086 2209 circumitis
1109 2169 1329 2226 uterque
1355 2164 1507 2212 Vind.
1533 2165 1680 2214 Cort.
1736 2164 1871 2212 Dein
1902 2164 2095 2212 remisso
2118 2162 2271 2212 vind.
2292 2167 2337 2211 1.
2386 2163 2448 2211 In
2475 2163 2607 2226 Cop.
2640 2179 2711 2213 re-

517 2223 627 2271 mis.
667 2225 729 2271 ad
765 2239 889 2273 omn.
927 2226 1135 2289 rejectis
1175 2227 1500 2291 reliquia—4
1536 2228 1687 2278 Suum
1719 2235 1935 2293 uterque
1971 2228 2129 2277 vind.
2163 2229 2321 2277 Fouc.
2361 2227 2555 2289 signum
2598 2229 2713 2293 an.

517 2287 644 2335 Mox
672 2303 765 2350 pro
788 2293 973 2338 tantum
994 2292 1115 2353 quod
1140 2290 1190 2339 in
1215 2292 1328 2341 aiiis
1350 2297 1481 2354 tunc,
1506 2293 1580 2342 uti
1608 2300 1664 2342 et
1686 2292 1847 2342 Fouc.
1868 2293 2026 2342 Vind.
2054 2298 2100 2342 1.
2124 2293 2267 2342 Cort.
2292 2293 2422 2342 Edd.
2442 2293 2594 2341 Rom.
2612 2299 2715 2341 tm

519 2351 705 2416 quidem
725 2353 883 2404 vind.
916 2358 966 2403 2.
1004 2354 1121 2418 Cuj.
1156 2361 1268 2405 tunc
1304 2357 1489 2420 quidem
1525 2357 1695 2408 Periz.
1721 2358 1955 2407 Har-lem.
1979 2366 2033 2407 et
2055 2358 2189 2407 Edd.
2211 2357 2358 2407 Vett.
2385 2364 2600 2412 ceterae‚
2625 2369 2713 2406 ex-

521 2424 678 2480 cepta
711 2418 895 2482 Steph.
939 2428 1060 2470 ante
1095 2420 1317 2472 casaub.
1358 2422 1642 2486 Receptam
1679 2423 1805 2473 lect.
1840 2423 2029 2472 habeut
2063 2423 2276 2473 Merum.
2313 2421 2505 2472 Medic.
2529 2430 2585 2472 et
2607 2415 2714 2487 jani

518 2483 767 2534 alleverat
790 2484 951 2534 Polit.
976 2500 1005 2536 e
1034 2487 1136 2536 suis
1158 2487 1325 2537 codd.
1352 2487 1418 2537 ad
1444 2503 1606 2553 marg.
1623 2490 1720 2538 Ed.
1748 2489 1964 2540 Mediol.
2013 2491 2159 2539 Torr.
2184 2489 2356 2537 mallet
2377 2490 2609 2551 quadum,
2628 2496 2717 2537 aut

1512 2669 1727 2720 NOTAE

584 2791 610 2824 Ρ
644 2783 898 2848 Asturam]
950 2784 1121 2833 Etiam
1181 2783 1335 2833 hodie
1375 2785 1579 2848 Astura,

522 2858 643 2907 olim
685 2861 934 2922 oppidum
985 2860 1140 2922 Latii,
1169 2860 1257 2910 ubi
1296 2861 1480 2911 Cicero
1507 2862 1579 2911 ab

522 2934 830 2985 Antonianis
886 2938 1196 2989 interfectus
1252 2948 1331 2990 ent
1356 2958 1370 3000 ;
1423 2941 1580 2991 hodie

525 3012 768 3074 exignum
792 3021 1038 3070 castrum,
1061 3015 1228 3064 adbuc
1250 3016 1416 3066 Stura.

584 3096 610 3129 ⁴¹
646 3089 841 3137 Praeter
860 3090 1267 3154 consuetudinem]
1306 3091 1425 3139 Non
1445 3090 1581 3154 quod

523 3164 669 3211 nocti
696 3164 775 3210 vel
809 3163 1067 3212 maritimo
1099 3164 1272 3212 itineri
1298 3180 1352 3214 se
1375 3165 1586 3214 commi·

524 3238 654 3286 serit
676 3254 691 3299 ς
715 3246 991 3301 utrumque
1015 3238 1151 3288 enim
1173 3241 1398 3298 amabat,
1423 3249 1481 3291 ut
1503 3257 1589 3291 sn·

525 3327 619 3378 pra
643 3328 692 3364 c.
716 3317 798 3364 82.
837 3314 1057 3376 retulit3
1092 3315 1183 3366 ned
1220 3317 1358 3383 quod
1386 3319 1587 3369 minut·

523 3391 781 3442 duntaxat
802 3398 859 3441 et
869 3392 1009 3441 lenta
1031 3392 1217 3442 itinera
1230 3394 1490 3445 conficere
1503 3410 1586 3445 so·

521 3469 665 3532 litus,
688 3476 747 3517 ut
764 3467 954 3517 ibidem
970 3468 1122 3531 dixit,
1140 3470 1306 3533 majus
1341 3485 1584 3535 suscepe-

521 3546 608 3596 rit.
677 3546 872 3595 Astura
906 3546 1042 3595 enim
1077 3548 1295 3611 longiori
1339 3548 1407 3598 ab
1452 3549 1582 3598 urbe

523 3622 684 3672 distat
721 3621 1014 3685 intervallo,
1046 3637 1195 3687 quam
1230 3626 1367 3689 qnod
1413 3626 1580 3674 soliti·

522 3696 795 3747 itineribus
831 3696 1164 3746 emetiretur:
1215 3698 1355 3747 unde
1406 3706 1580 3747 tamen

524 3773 691 3824 adbuc
730 3772 878 3836 evehi
910 3787 1011 3822 non
1052 3771 1329 3837 dubitavit,
1367 3787 1584 3823 concur·

525 3856 692 3910 rente,
723 3855 783 3898 nt
817 3855 979 3913 patet,
1019 3854 1074 3898 et
1107 3849 1248 3899 venti
1290 3849 1584 3913 placidioris

523 3925 795 3974 occasione
827 3931 882 3973 et
904 3925 1089 3986 noctis,
1112 3924 1248 3987 quod
1283 3932 1463 3988 postea
1478 3926 1583 3975 Ve-

525 4007 665 4049 teres
682 4014 825 4049 more
841 4014 935 4049 suo
952 4000 1004 4048 in
1022 3998 1212 4049 futura
1234 4002 1417 4051 mortis
1434 4017 1584 4052 omen

525 4074 645 4138 (sed
681 4084 948 4140 postquam
984 4078 1072 4127 illa
1092 4078 1424 4142 contigisset)
1447 4086 1587 4130 trax·

527 4159 700 4200 erunt.

591 4236 612 4262 r
635 4228 931 4293 Campania]
950 4233 1098 4281 Terra
1117 4233 1170 4282 dt·
1190 4234 1376 4283 Lam
1398 4236 1452 4284 in
1475 4250 1592 4300 reg-

1659 2785 1841 2836 eadem
1866 2785 2093 2849 regione.
2159 2785 2393 2848 caprea»,
2420 2784 2591 2846 Capri.

1722 2870 1741 2895 ⁸
1784 2862 2026 2925 Vectores]
2066 2861 2323 2909 Dicuntur
2362 2868 2467 2910 tam
2504 2862 2593 2924 qui
2631 2875 2714 2909 ve·

1661 2937 1810 2995 hunt,
1835 2951 1983 3001 quam
2007 2937 2095 3001 qui
2122 2937 2391 2986 vehuntur.

1660 3045 1665 3048 -
1724 3014 1741 3045 ²
1773 3014 1910 3063 Navi
1957 3012 2312 3076 Alexandrina]
2362 3014 2516 3063 Hanc
2558 3015 2719 3065 Bero-

1663 3090 1811 3138 aldus
1858 3091 2123 3139 existimat
2161 3104 2313 3138 unam
2354 3103 2387 3137 e
2433 3090 2719 3139 tabellariis

1660 3163 1841 3220 fuisse,
1869 3173 1983 3229 quoe
2027 3173 2282 3215 secutura!
2313 3164 2489 3214 classis
2528 3166 2720 3216 adven·

1662 3248 1770 3290 tum
1795 3240 2177 3291 denuntiarent.
2227 3241 2289 3290 In
2313 3242 2535 3290 eundem
2557 3240 2720 3292 ferme

1661 3331 1866 3367 sentum
1918 3317 2247 3384 Torrentius,
2300 3318 2401 3381 qui·
2441 3318 2721 3382 legendnm

1660 3394 1926 3444 existimat
1968 3395 2197 3457 qnoedm,
2233 3400 2323 3442 ant
2372 3406 2583 3455 prorsus
2632 3394 2723 3443 de-

1659 3471 1887 3532 lendum,
1909 3478 1965 3519 ut
1984 3469 2243 3520 scribatur
2257 3483 2361 3532 quae
2377 3475 2563 3519 mmm
2580 3472 2722 3533 quod,

1657 3547 1757 3595 hoc
1775 3554 1878 3606 est,
1897 3548 2031 3595 modo
2054 3547 2132 3594 vel
2151 3547 2290 3608 paulo
2309 3551 2423 3595 ante
2436 3548 2692 3597 maeret
2707 3564 2724 3595 .-

1661 3622 1796 3687 qnod
1820 3635 1977 3685 supra
1994 3637 2040 3671 c.
2063 3624 2146 3671 63.
2170 3636 2236 3670 ex
2261 3622 2580 3685 Pulmann03
2604 3637 2721 3673 cum

1660 3701 1859 3764 vulgati
1895 3701 2070 3763 legant
2098 3700 2203 3760 hic,
2241 3714 2344 3762 «μισ
2390 3706 2504 3749 tunc
2535 3702 2722 3765 quidem

1662 3778 1931 3825 advenerat.
1998 3777 2190 3825 Contra
2229 3777 2565 3827 casaubonus
2588 3780 2726 3828 exis·

1665 3852 1814 3901 timat
1835 3866 1949 3901 eam
1971 3867 2088 3902 esse
2112 3853 2344 3916 classem,
2365 3868 2482 3917 quoe
2508 3861 2564 3904 et
2584 3870 2723 3905 corn-

1667 3936 1868 3978 meatus
1924 3928 2307 3978 Alexandrinus
2352 3929 2562 3977 dicitnr·
2600 3931 2720 3980 huic

1667 4003 1887 4054 Auctori
1933 4004 1984 4052 in
2034 4004 2245 4052 Nerone
2286 4018 2335 4053 c.
2374 4008 2458 4053 20.
2527 4007 2605 4054 Ex
2651 4008 2720 4055 le-

1668 4080 1817 4144 gibus
1851 4080 1988 4128 enim
2027 4081 2253 4143 AEgypto
2296 4081 2567 4144 impositis,
2607 4097 2718 4132 enm

1669 4159 1807 4206 illam
1876 4156 2144 4219 Augustus
2198 4156 2520 4220 provincinm
2574 4159 2717 4219 fecit,

1671 4226 1799 4297 sup.=
1825 4247 1872 4282 c.
1931 4237 2009 4292 18.
2066 4238 2242 4282 certus
2310 4230 2557 4282 frumenti
2618 4250 2714 4284 mo-

531 4318 598 4355 no
622 4303 995 4368 Neapolitano.
1060 4308 1272 4360 Puteoli
1293 4311 1595 4391 Pogzuolt‘in
1676 4310 1771 4360 dus
1804 4308 2123 4381 debebatpb
2159 4309 2250 4360 iila
2283 4309 2626 4374 suppeditari,
2662 4319 2715 4362 et
