3019 4922
503 431 632 507 196

508 603 655 669 suis
678 589 788 663 M.
820 594 1111 663 Antonio
1141 581 1455 671 Consule,
1485 611 1684 675 quem
1713 590 1822 655 vel
1847 583 2268 674 praecipuum
2303 585 2678 674 adjutorem

507 705 912 789 speraverat,
961 719 1044 765 ac
1073 716 1157 762 ne
1198 693 1541 780 publicum
1572 692 1838 778 quidem
1885 700 1955 757 et
2002 692 2478 758 translaticium
2519 695 2633 777 jus
2653 700 2680 743 ⁷

504 806 641 870 ulla
668 805 738 870 in
769 823 836 867 re
862 801 996 866 sibi
1025 799 1168 863 sine
1196 797 1506 881 pactione
1554 796 1965 879 gravissimae
2018 793 2343 860 mercedis
2390 794 2683 880 imperti-

508 913 681 985 ente,
712 905 796 970 ad
827 905 1176 989 optimates
1206 919 1278 964 se
1308 898 1632 964 contulit:
1664 895 1905 984 quibus
1936 916 2090 964 eum
2121 898 2411 964 invisum
2442 898 2684 963 sentie-

505 1010 645 1086 bat,
686 1002 1025 1072 maxime⁸
1069 1001 1256 1088 quod
1311 1000 1662 1066 Decimum
1715 1000 2028 1066 Brutum‘
2069 1001 2421 1078 obsessum
2470 1000 2682 1067 Muti-

505 1111 636 1187 nae,
665 1108 1011 1193 provincia
1037 1127 1080 1172 a
1110 1104 1378 1172 Caesare
1409 1103 1593 1182 data,
1636 1112 1705 1170 et
1739 1124 1856 1188 per
1884 1104 2207 1170 Senatum
2237 1104 2683 1181 confirmata,¹¹

507 1212 832 1297 expellere
876 1209 1080 1276 armis
1123 1210 1461 1274 niteretur.
1555 1208 1624 1272 H
1629 1209 2004 1274 ortantibus
2053 1207 2283 1292 itaque
2327 1206 2681 1283 nonnulliS,

510 1320 982 1398 percussoresl'
1023 1313 1086 1377 ei
1116 1309 1558 1389 subornavit,⁹
1602 1328 1682 1374 ac
1710 1308 1940 1377 fraude
1961 1309 2392 1394 deprehensa,
2421 1309 2684 1394 pericu-

1358 448 1420 497 Ga
1467 444 1822 497 suE'roN11

1417 1487 1776 1511 000000000000

478 1623 481 1626 ’
510 1629 637 1678 duas
660 1627 773 1678 illas
792 1641 943 1677 voces
963 1629 1270 1678 needmnsen.
1290 1626 1599 1678 amovendas
1620 1626 1935 1677 censuim—⁷
1970 1624 2122 1675 Hanc
2146 1623 2388 1675 Glare’ani
2421 1630 2477 1673 et
2508 1624 2685 1679 Ursin.

507 1692 625 1743 eod.
645 1693 919 1743 lectionem
940 1706 1181 1756 recepere
1204 1692 1383 1756 Steph.
1408 1691 1531 1742 Ant.
1554 1692 1755 1758 Grypli.
1773 1697 1826 1741 et
1847 1705 1989 1756 seqq.
2063 1690 2209 1739 ‘Ante
2231 1687 2289 1737 τὸ
2308 1689 2396 1751 ,ἤτω
2416 1690 2683 1755 exulabat,

512 1758 747 1807 omissum
769 1772 968 1823 quoque
986 1759 1038 1807 in
1072 1757 1187 1807 Pal.
1201 1756 1320 1807 trib.
1344 1757 1520 1806 Periz.
1550 1757 1681 1821 Cop.
1704 1763 1759 1807 et
1783 1757 1955 1806 multis
1975 1754 2106 1806 aliis.
2128 1755 2410 1806 translatum
2428 1756 2527 1804 aaa
2547 1756 2683 1806 Ven.

510 1827 532 1872 l
546 1857 560 1873 .
577 1822 1000 1882 transmivumjue
1021 1822 1252 1872 Harlem.
1273 1823 1438 1872 trulum
1462 1820 1705 1873 Medicei.
1752 1821 2003 1872 Mendose
2025 1821 2181 1871 Fouc.
2201 1823 2335 1869 trans
2353 1820 2551 1869 latinum
2568 1822 2688 1871 mal·

508 1893 577 1937 tu.
644 1887 808 1936 Paulo
831 1894 950 1937 aute
970 1901 1030 1937 ae
1045 1887 1231 1949 quidem
1254 1886 1380 1950 publ.
1415 1886 1575 1937 Vind.
1601 1893 1643 1937 1.
1676 1902 1763 1938 nec
1873 1888 1909 1938 1.
1929 1886 2046 1947 Cuj.
2111 1884 2173 1934 In
2202 1884 2428 1934 Nervico
2449 1884 2565 1936 cod.
2586 1899 2687 1949 quo

508 1966 629 2001 usus
661 1959 744 2001 est
766 1951 912 2002 Glar.
934 1967 991 2001 ae
1014 1957 1162 2001 trans.
1185 1953 1264 2015 &aa
1295 1950 1616 2016 impartiente,
1650 1966 1752 2016 quo
1818 1950 2054 2015 praebent
2093 1950 2247 2000 etiam
2269 1948 2424 1999 Vind.
2448 1956 2685 2013 uterque,

511 2017 643 2078 Cop.
683 2015 855 2065 Periz.
892 2016 1124 2066 Harlem.
1148 2023 1204 2065 et
1230 2015 1366 2065 Edd.
1388 2017 1608 2082 aliquot,
1621 2016 1797 2068 Cottio
1819 2015 2074 2080 probante
2099 2015 2162 2064 ad
2181 2014 2319 2064 Plin.
2337 2015 2373 2064 l.
2392 2027 2476 2064 ιιι.
2499 2029 2585 2079 ep.
2601 2019 2684 2064 28.

509 2083 608 2128 —8
642 2080 943 2143 Maximeque
965 2080 1136 2130 Periz.
1153 2080 1244 2129 sed
1269 2081 1320 2129 in
1337 2095 1501 2144 marg.
1523 2083 1662 2145 quod.
1726 2080 1862 2130 Tum
1883 2081 2043 2130 Fouc.
2065 2080 2173 2129 inde
2196 2093 2288 2143 pro
2319 2079 2414 2128 inv.
2448 2079 2539 2128 sed
2572 2093 2685 2129 cor-

510 2148 827 2194 rectum—9
857 2145 956 2194 Vul
996 2160 1027 2195 o
1060 2144 1348 2195 manavit.
1414 2145 1528 2195 Hae
1551 2147 1631 2206 fr.
1672 2145 1982 2197 Emendavit
2017 2143 2158 2195 Oud.
2189 2158 2218 2193 e
2253 2143 2370 2193 Pin.
2408 2142 2604 2192 Medic.
2636 2148 2686 2194 2.

512 2215 781 2270 praeeunte
801 2160 994 2259 Scheflff
1010 2217 1066 2259 et
1089 2209 1325 2274 probavit
1341 2208 1501 2261 wolf»
1518 2226 1545 2259 e
1568 2211 1792 2274 Guelpb.
1811 2215 1862 2260 2.
1879 2209 2180 2273 duobusque
2204 2208 2313 2258 aliis
2334 2207 2485 2259 codd.
2551 2209 2686 2258 Mox

511 2278 598 2321 md
624 2272 760 2335 Reip.
796 2275 1182 2324 Fene-Memm.
1207 2273 1401 2324 Medic.
1421 2278 1472 2324 2.
1496 2275 1644 2327 Cort.
1680 2275 1917 2325 Harlem.
1952 2275 2075 2339 Cuj.
2114 2272 2286 2323 Perit.
2327 2271 2463 2321 Edd.
2503 2273 2685 2336 Camp-

509 2336 657 2389 Med.
671 2337 818 2389 Cald.
837 2340 970 2394 Ven.
1013 2343 1061 2389 et
1083 2338 1225 2403 Reip.
1245 2339 1402 2390 vind.
1421 2343 1466 2390 1.
1487 2339 1627 2391 Oud.
1652 2339 1926 2403 legendum
1949 2339 2083 2401 conj.
2116 2338 2239 2388 haud
2269 2337 2407 2401 Reip.
2427 2337 2689 2401 ejecturi·

1493 2516 1707 2567 NOTAE

391 2684 415 2697 l
509 2629 676 2680 tonius
713 2628 1136 2694 impedimentum
1170 2629 1363 2696 duplex
1396 2630 1554 2697 assig-
1635 2636 1961 2696 patronatus,
2001 2638 2057 2681 et
2080 2628 2179 2682 lib..
2192 2631 2332 2694 πῶς
2361 2635 2412 2680 8.
2441 2628 2511 2680 ad
2529 2629 2687 2681 Sena·

507 2721 633 2758 nare
647 2723 664 2769 ;
688 2707 927 2773 primum,
939 2708 1075 2772 quod
1094 2714 1249 2773 gente
1267 2707 1551 2768 Patricius;

510 2783 749 2846 alterum,
770 2783 905 2848 quod
929 2782 1121 2835 bonore
1151 2782 1376 2834 nondum
1397 2784 1553 2834 Sena·

503 2866 589 2910 tor
611 2867 752 2910 esset
772 2875 788 2921 ς
824 2858 1065 2910 dubitant
1088 2875 1210 2911 vero
1233 2858 1553 2924 antiquitatis

506 2934 664 2999 periti
698 2943 939 2985 utrumne
975 2948 1007 2983 a
1042 2935 1199 2999 Syllae
1239 2935 1555 2998 temporibus

503 3009 819 3073 prohibitum
853 3008 1031 3074 fuerit,
1048 3024 1115 3060 ne
1136 3011 1250 3076 quis
1277 3011 1376 3061 nisi
1396 3011 1555 3060 Sena·

510 3093 594 3134 tor
617 3085 820 3149 (eorum
843 3085 1044 3136 scilicet
1067 3086 1155 3151 qui
1178 3101 1208 3136 e
1229 3086 1382 3151 plebe
1415 3086 1560 3150 lege-

503 3161 722 3226 bantur)
783 3162 947 3226 plebis
992 3161 1308 3213 tribunatum
1355 3162 1557 3213 obtine-

503 3243 607 3298 ret,
627 3252 742 3287 eum
765 3245 917 3288 antea
934 3238 1111 3288 statim
1146 3238 1211 3289 ab
1252 3238 1338 3288 illo
1370 3239 1557 3304 magis·

505 3319 645 3363 tratu
664 3319 832 3376 gesto,
855 3313 966 3364 sine
985 3314 1088 3364 ullo
1105 3328 1375 3365 censorum
1399 3314 1557 3365 bene·

503 3387 644 3451 ficio,
663 3390 939 3441 Senatores
968 3391 1300 3443 haberentur.
1344 3391 1558 3443 Inducit

504 3465 558 3513 in
593 3463 799 3515 dubium
838 3467 918 3517 bic
937 3468 1099 3531 locus,
1115 3475 1169 3518 et
1192 3467 1321 3517 alius
1352 3465 1485 3517 infra
1506 3482 1552 3518 c.

503 3544 586 3591 40.
604 3554 705 3605 quo
726 3547 941 3608 utroque
965 3542 1153 3605 fretus,
1181 3543 1273 3594 lib.
1298 3544 1465 3594 Elect.
1487 3557 1552 3595 ιι.

505 3628 553 3664 c.
579 3620 658 3665 13.
681 3617 883 3680 Lipsius
907 3617 1102 3683 duplex
1129 3620 1553 3685 impedimentum

507 3690 726 3743 affirmat
749 3709 766 3754 3
821 3692 996 3745 fassus·
1019 3702 1194 3745 tamen
1237 3695 1409 3746 mirari
1442 3711 1498 3746 se
1524 3711 1557 3747 a

507 3771 774 3835 Cicerone,
794 3771 1010 3837 aliisque
1027 3772 1275 3834 omnibus,
1296 3787 1404 3823 rem
1426 3772 1557 3823 adeo

503 3847 904 3912 memorandam,
926 3848 1025 3899 nisi
1053 3847 1190 3900 forte
1214 3850 1335 3913 quia
1356 3856 1479 3899 tunc
1499 3851 1556 3902 in

505 3924 666 3972 oculis
682 3925 905 3974 omnium
919 3925 1229 3991 auribusque
1245 3931 1556 3989 versaretur,

506 3997 612 4046 alto
627 3998 845 4060 sopitam
868 3997 1025 4050 fuisse
1038 4001 1262 4053 silentio.
1309 4001 1557 4064 Legenda

505 4078 560 4139 et
576 4072 832 4124 Torrentii
855 4085 980 4125 nota
999 4078 1101 4128 bic.
1133 4079 1149 4106 ‘
1167 4078 1554 4129 Translatitium

499 4146 586 4208 Jus
607 4146 621 4167 ’
641 4146 982 4221 interpretare
1006 4152 1155 4214 illud,
1187 4152 1324 4218 quod
1346 4160 1554 4217 poterat

505 4223 739 4283 praestari
757 4221 929 4287 facile,
946 4233 1001 4275 et
1023 4228 1168 4292 quasi
1198 4229 1552 4292 negligenter:

506 4310 606 4360 quo
638 4311 786 4359 sensu
822 4300 1037 4352 sumitur
1076 4303 1112 4352 l.
1139 4316 1187 4355 ι.
1221 4301 1277 4356 ff.
1308 4304 1375 4354 de
1398 4304 1554 4357 Jure-

1634 2715 1860 2759 tuscons.
1918 2708 2320 2771 Trebellianum,
2360 2721 2458 2758 nec
2490 2720 2594 2757 nou
2635 2713 2688 2756 et

1630 2785 1669 2837 l.
1691 2798 1729 2836 1.
1746 2787 1835 2850 §6.
1857 2784 1923 2835 ad
1946 2785 2034 2835 Sc.
2055 2784 2446 2848 Turpillianum.

1697 2862 1714 2895 ⁸
1740 2861 1815 2911 D.
1832 2858 2067 2923 Brutum]
2103 2858 2207 2909 Hic
2227 2866 2341 2909 erat
2360 2874 2490 2908 unus
2519 2873 2548 2908 e
2574 2858 2686 2909 Cae-

1631 2936 1755 2986 saris
1809 2934 2251 2997 interfectoribus,
2296 2935 2575 3000 consulque
2618 2932 2683 2984 ab

1631 3011 1745 3075 ipso
1787 3011 2105 3076 designatus,
2134 3010 2223 3077 qui
2264 3016 2321 3060 et
2353 3009 2484 3074 ipse,
2518 3016 2578 3059 ut
2613 3009 2688 3060 ait

1631 3087 1862 3138 Velleius
1900 3086 1989 3136 lib.
2024 3100 2088 3137 ιι.
2123 3100 2169 3136 c.
2207 3090 2290 3136 64.
2324 3085 2571 3150 paulatim
2604 3100 2687 3135 re-

1633 3162 1899 3229 linquente
1947 3169 2065 3226 post
2107 3163 2302 3212 victum
2346 3168 2405 3211 et
2457 3161 2688 3226 redinte-

1633 3245 1837 3303 gratum
1861 3237 2145 3289 Antonium
2188 3236 2423 3287 exercitu
2465 3235 2687 3301 fugiens,

1628 3315 1833 3371 insidiis
1865 3321 2068 3380 captus,
2097 3316 2113 3343 ‘
2133 3313 2199 3363 ab
2232 3314 2294 3362 iis
2314 3328 2439 3379 quos
2472 3314 2689 3364 miserat

1639 3392 1915 3455 Antonius,
1925 3391 2189 3456 jugulatus
2217 3398 2319 3452 est,
2353 3390 2687 3455 justissimas-

1635 3486 1737 3537 que
1779 3472 1974 3536 optime
2007 3469 2073 3520 de·
2114 3483 2170 3519 se
2201 3471 2387 3521 merito
2410 3472 2471 3520 C.
2493 3469 2690 3520 Caesari

1635 3562 1808 3611 poenas
1831 3547 2001 3597 dedit:
2039 3546 2185 3609 cujus
2208 3560 2326 3596 cum
2361 3546 2688 3613 primusom-

1631 3622 1773 3673 nium
1816 3622 2093 3673 amicorum
2133 3620 2337 3686 fuisset,
2380 3619 2689 3672 interfector

1634 3697 1754 3754 fuit.
1774 3706 1828 3750 et
1843 3697 2087 3758 fortunae,
2105 3712 2170 3747 ex
2186 3712 2286 3762 qua
2308 3696 2532 3748 fructum
2552 3698 2687 3748 tule-

1633 3782 1736 3837 rat,
1758 3774 2000 3825 invidiam
2021 3774 2073 3823 in
2097 3781 2359 3824 auctorem
2394 3774 2687 3838 relegabat,

1635 3851 1982 3915 censebatque
2004 3863 2226 3915 oequum,
2257 3864 2371 3915 quae
2405 3860 2686 3915 acceperat

1635 3941 1668 3976 a
1690 3927 1898 3977 Coesare
1921 3927 2167 3989 retinere,
2196 3926 2453 3977 Caesarem
2475 3927 2564 3992 qui
2593 3927 2684 3977 illa
2730 3932 2735 3938 “

1631 4001 1851 4053 dederat
1874 4000 2122 4067 periisse.’

1701 4087 1724 4113 ¹¹
1754 4080 1855 4129 Per
1896 4077 2125 4128 &nutum
2166 4074 2465 4140 confirmata]
2512 4076 2682 4128 Quam

1633 4153 1850 4218 ipsemet
1873 4151 2127 4203 Antonius
2160 4150 2430 4214 plebiscito
2459 4149 2680 4201 dandam

1634 4236 1921 4281 curaverat.
2585 4271 2592 4277 .

1696 4313 1718 4339 V
1751 4304 2078 4368 Percussum]
2113 4302 2342 4355 Velleius
2374 4302 2568 4356 sactum
2589 4318 2678 4355 ne·
