3019 4922
1280 428 1575 478 sumus.
2430 403 2518 478 95

322 571 468 637 'dem
518 571 692 640 vitio
743 570 1190 637 Pontificum⁸
1250 592 1370 657 per
1410 573 1851 640 intercalandi
1905 572 2284 640 licentiam‘
2342 557 2514 640 adeo

317 676 653 768 turbatoS,
685 682 758 741 ut
785 696 1004 761 neque
1026 677 1349 741 messium
1382 677 1564 742 seriae
1584 685 1611 712 ‘¹
1644 677 1918 754 aestati,⁷
1948 697 2165 761 neque
2195 677 2516 760 vindemi-

320 798 501 844 arum
539 788 864 845 autumno
899 786 1369 863 competerent.
1458 778 1867 863 Annumque
1899 780 1981 844 ad
2015 801 2284 845 cursum
2316 782 2517 845 solis*t

316 882 881 964 accommodavit,
913 890 987 949 ut
1016 887 1509 947 trecentorum*
1541 884 1900 965 sexaginta
1929 884 2223 967 quinque
2257 885 2515 949 dierum
2577 944 2581 950 .

315 991 508 1065 esset,
549 993 615 1051 et
643 979 1069 1053 intercalario
1094 996 1120 1022 ¹
1150 1007 1368 1050 mense
1396 988 1682 1065 sublato,
1710 1006 1879 1050 unus
1908 987 2053 1051 dies
2081 995 2318 1070 quarto
2349 1008 2517 1072 quo-

316 1109 445 1172 que
493 1098 723 1155 annoy
769 1090 1290 1155 intercalaretur.
1378 1087 1537 1167 Quo
1583 1095 1800 1154 autem
1832 1091 2046 1172 magis
2076 1091 2144 1153 in
2175 1098 2516 1175 posterum

314 1207 398 1261 ex
427 1187 775 1259 Kalendis
806 1194 850 1260 J
858 1194 1148 1259 anuariis
1192 1194 1383 1259 novis
1402 1194 1425 1232 ⁸
1477 1200 1850 1279 temporum
1898 1194 2069 1258 ratio
2100 1204 2515 1276 congrueret,

310 1297 481 1362 inter
516 1297 976 1363 Novembrem
1023 1317 1105 1362 ac
1155 1298 1595 1362 Decembrem
1642 1317 1940 1386 mensem
1989 1296 2321 1381 interjecit
2349 1297 2518 1362 duos

316 1399 488 1466 alios
515 1421 537 1461 ε
564 1408 589 1435 ²
631 1401 885 1485 fuitque
915 1402 975 1465 is
1007 1421 1238 1496 annus,
1287 1420 1419 1486 quo
1451 1401 1595 1467 baec
1629 1402 2214 1478 constituebantur,
2243 1401 2517 1485 quinde-

1236 1565 1600 1587 000000000000

318 1670 363 1717 1.
384 1667 565 1717 Perit.
589 1665 820 1717 Harlem.
845 1666 978 1716 Edd.
1004 1667 1149 1717 Cald.
1176 1668 1485 1717 Mediol.-7
1521 1668 1712 1717 AEstate
1734 1668 1946 1718 Memm.
1971 1668 2116 1718 Med.
2139 1672 2189 1718 2.
2211 1669 2360 1717 Voss.
2385 1667 2520 1716 Har-

316 1733 429 1782 lem.
470 1733 651 1783 Periz.
686 1748 718 1781 a
752 1749 818 1782 m.
847 1747 929 1798 pr.
964 1731 1098 1782 Edd.
1134 1734 1283 1783 Rom.
1319 1733 1520 1798 Gryph.
1558 1733 1677 1782 Bas.
1704 1734 1855 1783 Plan.
1885 1742 1939 1785 et
1962 1736 2096 1796 aliae,
2118 1734 2518 1797 astipulantibus

317 1798 492 1847 Burm.
523 1799 647 1849 Ern.
675 1799 796 1863 Bip.
862 1798 1104 1848 Nostram
1130 1800 1253 1848 lect.
1279 1797 1561 1861 praeferunt
1583 1799 1802 1849 Casaub.
1825 1799 1951 1849 Var.
1985 1801 2170 1849 Pitisc.
2195 1799 2334 1849 Oud.
2359 1798 2518 1849 Wolf.

318 1878 427 1913 cum
451 1864 607 1913 Med.
635 1870 678 1914 1.
703 1867 751 1914 3.
775 1863 933 1913 vind.
957 1867 1001 1913 1.
1025 1868 1072 1914 2.
1096 1861 1240 1915 Cort.
1258 1865 1428 1914 Pulm.
1450 1872 1503 1914 et
1528 1864 1660 1914 Edd.
1685 1865 2055 1915 nonnullis.-8
2089 1864 2172 1915 Ita
2193 1864 2521 1926 corrigebant

318 1927 536 1980 Salmas.
559 1929 735 1979 Ursin.
756 1929 976 1979 Casaub.
1002 1929 1142 1979 Oud.
1178 1930 1336 1980 Wolf.
1359 1938 1415 1979 et
1437 1931 1511 1978 sic
1527 1945 1688 1994 marg.
1705 1930 1904 1995 Grypb.
1929 1934 2072 1980 1539.
2095 1931 2220 1981 Ern.
2236 1930 2366 1992 conj.
2382 1944 2518 1978 nova.

320 1995 481 2045 Paulo
502 2005 667 2060 supra
690 1995 825 2045 Ven.
846 1999 895 2047 2.
917 1999 966 2044 3.
985 1996 1104 2045 Bas.
1139 2009 1165 2045 e
1182 1996 1301 2046 Kal.
1369 1994 1591 2045 Inferius
1618 1998 2041 2060 praepositionem
2062 1996 2115 2046 in
2140 1996 2312 2045 omisit
2342 1995 2520 2045 Pitisc.

1315 2159 1541 2214 NOTAE

381 2270 400 2294 ⁸
442 2260 578 2312 Vitio
605 2259 919 2325 Pontificum]
945 2261 1148 2324 Utpote
1172 2276 1386 2326 quorum

321 2338 579 2389 duntaxat
601 2337 850 2387 custodiae
874 2335 996 2387 fasti
1019 2337 1385 2402 credebantur,

321 2423 379 2465 ut
410 2423 465 2467 et
501 2415 613 2479 ipse
638 2414 822 2465 Cicero
847 2413 920 2464 ait
943 2413 1034 2464 lib.
1058 2414 1123 2465 de
1149 2414 1299 2465 Orat.
1324 2428 1388 2467 n.

323 2491 569 2542 Pontifex
606 2492 740 2541 enim
775 2492 1025 2540 maximus
1053 2506 1134 2540 res
1159 2492 1384 2555 singulo-

324 2585 431 2619 rum
456 2584 708 2619 annorum
733 2583 910 2618 omnes
934 2568 1144 2631 scriptis
1177 2570 1383 2618 manda·

323 2647 440 2710 bat,
455 2648 511 2696 in
528 2646 703 2696 album
723 2643 1003 2704 referebat,
1021 2645 1262 2709 domique
1283 2659 1387 2708 quo

322 2723 671 2788 cognoscendi
731 2730 966 2786 potestas
1010 2724 1201 2786 populo
1245 2722 1386 2772 foret

324 2799 656 2866 exponebat:
692 2813 812 2862 cap.
833 2802 917 2861 13.

384 2879 401 2910 ⁸
423 2876 748 2927 Inter-calami
767 2873 1029 2937 licentium]
1061 2875 1385 2925 Inter-calare

322 2955 461 3004 idem
482 2965 561 3003 est
584 2968 646 3004 ac
668 2955 979 3002 interserere
1009 2968 1100 3002 seu
1125 2952 1382 3003 intercon-

323 3045 541 3092 vocare3
564 3044 683 3080 cum
700 3029 836 3079 enim
856 3029 1070 3078 Romani
1087 3030 1150 3078 ad
1169 3030 1388 3079 Caesaris

324 3123 489 3174 usque
529 3116 766 3172 tempora
798 3107 1034 3157 breviore
1069 3109 1145 3155 usi
1168 3104 1387 3157 fuissent

325 3200 481 3242 anno,
515 3199 727 3234 necesse
763 3183 1025 3233 habebant
1054 3183 1166 3233 dies
1201 3186 1388 3235 multos

325 3263 543 3322 addere,
565 3270 731 3312 et-eos
753 3258 1010 3310 mensibus
1036 3261 1140 3309 suis
1172 3261 1389 3311 interse-

324 3355 463 3404 rere,
487 3354 550 3388 ne
574 3339 1006 3404 perturbarentur
1022 3337 1139 3386 anni
1166 3344 1388 3403 tempes-

328 3423 502 3478 tates;
542 3415 679 3481 quod
704 3415 824 3479 quia
846 3415 1028 3464 calatis
1050 3413 1273 3463 comitiis
1298 3429 1406 3477 po·.

327 3495 454 3559 pulo
485 3500 771 3549 convocato
805 3491 1160 3552 nuntiabatur,
1193 3498 1208 3519 ‘
1232 3491 1389 3539 inter-

328 3570 538 3634 calare‚’
561 3569 757 3619 dictum
781 3576 863 3617 est
893 3568 1036 3632 quasi
1063 3567 1390 3616 interconvo·

330 3664 474 3700 care.
560 3650 838 3700 Enimvero
883 3662 999 3697 cum
1050 3647 1388 3697 intercalandi

329 3718 516 3776 modus
530 3725 652 3776 solis
667 3723 1004 3774 Pontificibus
1024 3723 1393 3787 innotesceret,

330 3802 453 3852 ideo
481 3801 671 3851 factum
709 3808 793 3850 est
825 3807 884 3849 ut
907 3801 977 3862 bi,
1011 3801 1392 3864 superstitionis

330 3878 646 3945 quandoque
682 3878 867 3947 gratia!²
887 3879 965 3927 vel
1005 3879 1192 3941 potius,
1227 3873 1394 3941 publiss

332 3957 480 4006 canis
493 3955 854 4020 gratificantes,
869 3955 981 4018 plns
996 3955 1227 4003 minusve
1239 3969 1389 4020 quam

334 4048 436 4099 par
461 4042 592 4085 esset
627 4034 1010 4104 intercalarent,
1040 4041 1197 4103 prout
1226 4033 1389 4094 publi-

334 4114 579 4162 canorum
593 4111 875 4163 rationibns
887 4109 1219 4174 expediebat,
1234 4109 1393 4159 minui

339 4187 549 4250 annum,
572 4182 652 4238 vel
683 4184 904 4254 proferri
925 4203 940 4236 :
976 4186 1104 4254 inde·
1130 4193 1254 4236 nata
1276 4199 1392 4249 per-

335 4262 588 4326 turbatio,
608 4280 758 4329 quam
782 4262 1074 4313 emendavit
1096 4261 1286 4312 Caesar.

409 4346 436 4374 ¹¹
460 4338 859 4403 Messiumserioe]
874 4341 989 4392 Nec
1001 4339 1183 4389 mirum
1200 4352 1215 4399 ;
1237 4342 1394 4403 prout

1468 2261 1605 2311 euim
1630 2262 1827 2324 plureS‚
1846 2260 1926 2309 vel
1949 2259 2215 2324 pauciores
2234 2258 2343 2308 dies
2363 2257 2523 2307 inter·

1466 2339 1784 2401 calebantur,
1794 2338 1891 2387 hoe
1904 2345 2004 2399 est,
2017 2335 2359 2391 addebantur,
2372 2335 2524 2385 citius

1466 2417 1552 2466 vel
1588 2417 1784 2467 tardius
1823 2414 2158 2466 recurrebant
2181 2411 2345 2468 feriae,
2367 2412 2442 2461 ita
2464 2419 2522 2461 ut

1466 2511 1583 2560 quae
1621 2494 1739 2544 dum
1777 2493 1955 2543 messis
1993 2491 2161 2548 fieret,
2196 2488 2521 2539 celebraudae

1467 2571 1764 2626 veniebant,
1803 2585 1880 2620 eae
1919 2570 1998 2617 vel
2040 2565 2265 2615 nondum
2311 2565 2522 2615 maturis

1466 2648 1551 2696 vel
1578 2650 1690 2711 jam
1732 2644 1970 2711 repositis
2009 2643 2280 2692 frumentis
2324 2643 2526 2693 contin·

1467 2732 1668 2789 gerent,
1700 2724 1807 2773 sole
1852 2723 2056 2774 seilicet
2099 2720 2398 2784 neutiquam
2441 2734 2524 2769 re-

1467 2800 1691 2850 tardato.

1529 2885 1553 2910 ’
1589 2881 1790 2928 Cursum
1814 2875 1951 2939 solis]
1994 2874 2040 2925 A
2065 2874 2236 2924 Numa
2260 2872 2396 2923 enim
2419 2888 2524 2924 non

1464 2952 1530 3003 ad
1569 2955 1720 3015 Solis,
1761 2953 1853 3003 sed
1887 2952 1951 3002 ad
1983 2954 2142 3002 Lunae
2177 2964 2382 3001 cursum
2413 2949 2526 2999 dies

1463 3031 1672 3082 fuerant
1695 3031 2085 3082 accommodati.

1529 3118 1563 3143 W
1599 3107 1956 3171 Trecentorum]
1991 3109 2074 3157 De
2112 3106 2210 3154 hac
2251 3103 2372 3155 anni
2411 3118 2525 3153 cor-

1468 3190 1699 3237 rectione
1733 3187 1851 3236 vide
1886 3185 2100 3247 Josephi
2132 3181 2395 3247 Scaligerir
2417 3179 2527 3229 dia-

1470 3262 1658 3314 tribam
1682 3254 1942 3314 in'itio'lib.
1966 3275 2043 3310 lv.
2078 3261 2142 3308 de
2164 3257 2527 3308 emendatione

1471 3347 1780 3406 temporum,
1802 3346 1857 3389 et
1879 3337 2206 3388 Macrobium
2230 3335 2320 3385 lib.
2346 3349 2384 3383 ι.
2405 3336 2526 3398 c'ap.

1471 3421 1554 3469 13.

1533 3501 1559 3528 ¹
1583 3491 1919 3554 Intercalurio]
1937 3491 2071 3542 Vide
2090 3490 2416 3540 Macrobium
2434 3488 2527 3539 lib.

1469 3586 1508 3620 t.
1533 3587 1650 3634 cap.
1676 3576 1753 3619 14.

1534 3656 1557 3691 5
1598 3649 1731 3698 Unus
1750 3645 1853 3695 dies
1873 3649 2040 3708 quarto
2062 3659 2237 3706 quoque
2258 3641 2404 3703 anno]
2422 3642 2527 3694 Qui

1470 3725 1750 3774 bissextilis
1790 3722 2071 3771 etiamnum
2111 3719 2260 3768 hodie
2302 3720 2525 3768 dicitur:

1471 3800 1565 3850 sed
1586 3814 1720 3849 nova
1742 3798 1907 3847 adhuc
1931 3795 2029 3845 fuit
2052 3810 2180 3858 opus
2206 3790 2527 3845 reformatio-

1469 3891 1556 3938 ne,
1578 3876 1642 3926 de
1669 3890 1768 3939 qua
1802 3873 2011 3923 consule
2044 3871 2229 3920 librum
2262 3872 2328 3921 de
2368 3871 2527 3923 refor-

1469 3953 1694 4003 matione
1719 3948 2022 4000 Kalendarii
2048 3948 2286 3998 Romani.

1534 4037 1555 4061 ²
1590 4026 1835 4087 Intevtiecit
1869 4027 1985 4074 duos
2013 4023 2155 4088 alios]
2191 4026 2359 4075 Quam
2385 4023 2528 4074 addi·

1472 4106 1662 4156 tionem
1681 4103 1794 4152 fieri
1813 4101 2149 4163 existimavit,
2173 4098 2362 4150 ut'coeli
2386 4100 2529 4149 habi·-

1476 4190 1557 4231 tus
1597 4181 1638 4230 is
1675 4179 1831 4235 foret,
1853 4193 2004 4245 quem
2039 4177 2317 4230 Decembri
2352 4190 2526 4227 mense

1474 4271 1587 4308 esse
1608 4254 1870 4310 convenit.
