<?xml version="1.0" encoding="UTF-8"?>
<!DOCTYPE html PUBLIC "-//W3C//DTD XHTML 1.0 Transitional//EN"
    "http://www.w3.org/TR/xhtml1/DTD/xhtml1-transitional.dtd">
<html xmlns="http://www.w3.org/1999/xhtml" xml:lang="en" lang="en">
 <head>
  <title>
</title>
<meta http-equiv="Content-Type" content="text/html;charset=utf-8" />
  <meta name='ocr-system' content='tesseract 3.04.00' />
  <meta name='ocr-capabilities' content='ocr_page ocr_carea ocr_par ocr_line ocrx_word'/>
</head>
<body>
  <div class='ocr_page' id='page_1' title='image "./operaomniaexedi04suetgoog_0030.png"; bbox 0 0 3019 4922; ppageno 0'>
   <div class='ocr_carea' id='block_1_1' title="bbox 488 383 2118 461">
    <p class='ocr_par' dir='ltr' id='par_1_1' title="bbox 488 383 2118 461">
     <span class='ocr_line' id='line_1_1' title="bbox 488 383 2118 461; baseline 0.001 -13"><span class='ocrx_word' id='word_1_1' title='bbox 488 383 576 448; x_wconf 78' lang='lat'><strong>20</strong></span> <span class='ocrx_word' id='word_1_2' title='bbox 1048 395 1147 445; x_wconf 76' lang='lat' dir='ltr'><strong>nn</strong></span> <span class='ocrx_word' id='word_1_3' title='bbox 1193 394 1283 447; x_wconf 84' lang='lat' dir='ltr'><strong>su</strong></span> <span class='ocrx_word' id='word_1_4' title='bbox 1298 396 1569 448; x_wconf 73' lang='lat' dir='ltr'><strong>u&#39;romo</strong></span> <span class='ocrx_word' id='word_1_5' title='bbox 1616 396 2118 461; x_wconf 64' lang='lat' dir='ltr'><strong>TRANanno</strong></span> 
     </span>
    </p>
   </div>
   <div class='ocr_carea' id='block_1_2' title="bbox 1155 608 2012 676">
    <p class='ocr_par' dir='ltr' id='par_1_2' title="bbox 1155 608 2012 676">
     <span class='ocr_line' id='line_1_2' title="bbox 1155 608 2012 676; baseline 0.002 -2"><span class='ocrx_word' id='word_1_6' title='bbox 1155 608 1350 674; x_wconf 89' lang='lat' dir='ltr'><strong>Idem</strong></span> <span class='ocrx_word' id='word_1_7' title='bbox 1379 608 1599 674; x_wconf 90' lang='lat' dir='ltr'><strong>eidem</strong></span> <span class='ocrx_word' id='word_1_8' title='bbox 1630 608 1778 675; x_wconf 86' lang='lat' dir='ltr'><strong>Lib.</strong></span> <span class='ocrx_word' id='word_1_9' title='bbox 1813 626 1877 673; x_wconf 91' lang='lat' dir='ltr'><strong>v.</strong></span> <span class='ocrx_word' id='word_1_10' title='bbox 1906 611 2012 676; x_wconf 92' lang='grc'><strong>11.</strong></span> 
     </span>
    </p>
   </div>
   <div class='ocr_carea' id='block_1_3' title="bbox 481 735 2692 2055">
    <p class='ocr_par' dir='ltr' id='par_1_3' title="bbox 481 735 2692 2055">
     <span class='ocr_line' id='line_1_3' title="bbox 574 735 2692 827; baseline 0 -27"><span class='ocrx_word' id='word_1_11' title='bbox 574 735 820 801; x_wconf 90' lang='lat' dir='ltr'><strong>Libera</strong></span> <span class='ocrx_word' id='word_1_12' title='bbox 867 735 1131 805; x_wconf 88' lang='lat' dir='ltr'><strong>tandem</strong></span> <span class='ocrx_word' id='word_1_13' title='bbox 1179 736 1885 822; x_wconf 83' lang='lat' dir='ltr'><strong>hendecasyllaborum</strong></span> <span class='ocrx_word' id='word_1_14' title='bbox 1941 758 2238 803; x_wconf 89' lang='lat' dir='ltr'><strong>meorum</strong></span> <span class='ocrx_word' id='word_1_15' title='bbox 2281 736 2518 817; x_wconf 86' lang='lat' dir='ltr'><strong>fidem,</strong></span> <span class='ocrx_word' id='word_1_16' title='bbox 2564 735 2692 827; x_wconf 79' lang='lat' dir='ltr'><strong>qui.</strong></span> 
     </span>
     <span class='ocr_line' id='line_1_4' title="bbox 488 839 2686 930; baseline -0.001 -26"><span class='ocrx_word' id='word_1_17' title='bbox 488 839 748 930; x_wconf 86' lang='lat' dir='ltr'><strong>scripta</strong></span> <span class='ocrx_word' id='word_1_18' title='bbox 778 845 898 917; x_wconf 84' lang='lat' dir='ltr'><strong>tna</strong></span> <span class='ocrx_word' id='word_1_19' title='bbox 920 840 1389 903; x_wconf 89' lang='lat' dir='ltr'><strong>communibus</strong></span> <span class='ocrx_word' id='word_1_20' title='bbox 1413 839 1652 905; x_wconf 88' lang='lat' dir='ltr'><strong>amicis</strong></span> <span class='ocrx_word' id='word_1_21' title='bbox 1677 840 2210 924; x_wconf 86' lang='lat' dir='ltr'><strong>spoponderunt:</strong></span> <span class='ocrx_word' id='word_1_22' title='bbox 2253 839 2686 923; x_wconf 81' lang='lat' dir='ltr'><strong>appellantur</strong></span> 
     </span>
     <span class='ocr_line' id='line_1_5' title="bbox 490 939 2687 1026; baseline -0 -21"><span class='ocrx_word' id='word_1_23' title='bbox 490 940 791 1025; x_wconf 82' lang='lat' dir='ltr'>quotidie</span> <span class='ocrx_word' id='word_1_24' title='bbox 835 944 900 1004; x_wconf 91' lang='lat' dir='ltr'><strong>et</strong></span> <span class='ocrx_word' id='word_1_25' title='bbox 941 939 1348 1022; x_wconf 84' lang='lat' dir='ltr'><strong>flagitantur,</strong></span> <span class='ocrx_word' id='word_1_26' title='bbox 1379 961 1461 1006; x_wconf 86' lang='lat' dir='ltr'><strong>ac</strong></span> <span class='ocrx_word' id='word_1_27' title='bbox 1498 941 1645 1026; x_wconf 86' lang='lat' dir='ltr'><strong>jam</strong></span> <span class='ocrx_word' id='word_1_28' title='bbox 1688 941 2066 1025; x_wconf 90' lang='lat' dir='ltr'><strong>periculum</strong></span> <span class='ocrx_word' id='word_1_29' title='bbox 2096 948 2222 1019; x_wconf 91' lang='lat' dir='ltr'><strong>est,</strong></span> <span class='ocrx_word' id='word_1_30' title='bbox 2247 961 2329 1006; x_wconf 88' lang='lat' dir='ltr'><strong>ne</strong></span> <span class='ocrx_word' id='word_1_31' title='bbox 2361 945 2687 1024; x_wconf 79' lang='lat' dir='ltr'>cogantur</span> 
     </span>
     <span class='ocr_line' id='line_1_6' title="bbox 487 1040 2688 1127; baseline -0 -19"><span class='ocrx_word' id='word_1_32' title='bbox 487 1044 576 1108; x_wconf 89' lang='lat' dir='ltr'><strong>ad</strong></span> <span class='ocrx_word' id='word_1_33' title='bbox 606 1041 1057 1108; x_wconf 71' lang='lat' dir='ltr'><strong>exhibendum</strong></span> <span class='ocrx_word' id='word_1_34' title='bbox 1086 1040 1434 1108; x_wconf 87' lang='lat' dir='ltr'><strong>formulam</strong></span> <span class='ocrx_word' id='word_1_35' title='bbox 1464 1040 1820 1126; x_wconf 49' lang='lat' dir='ltr'><strong>acciperes</strong></span> <span class='ocrx_word' id='word_1_36' title='bbox 1863 1043 2027 1108; x_wconf 91' lang='lat' dir='ltr'><strong>Sum</strong></span> <span class='ocrx_word' id='word_1_37' title='bbox 2054 1050 2120 1109; x_wconf 92' lang='lat' dir='ltr'><strong>et</strong></span> <span class='ocrx_word' id='word_1_38' title='bbox 2147 1045 2297 1127; x_wconf 90' lang='lat' dir='ltr'><strong>ipse</strong></span> <span class='ocrx_word' id='word_1_39' title='bbox 2322 1041 2688 1114; x_wconf 73' lang='lat' dir='ltr'><strong>inedendo</strong></span> 
     </span>
     <span class='ocr_line' id='line_1_7' title="bbox 486 1146 2684 1231; baseline 0 -21"><span class='ocrx_word' id='word_1_40' title='bbox 486 1147 869 1212; x_wconf 80' lang='lat' dir='ltr'><strong>haesitator:</strong></span> <span class='ocrx_word' id='word_1_41' title='bbox 947 1152 1021 1210; x_wconf 89' lang='lat' dir='ltr'><strong>tu</strong></span> <span class='ocrx_word' id='word_1_42' title='bbox 1067 1165 1251 1210; x_wconf 90' lang='lat' dir='ltr'><strong>mora</strong></span> <span class='ocrx_word' id='word_1_43' title='bbox 1306 1154 1532 1211; x_wconf 92' lang='lat' dir='ltr'><strong>tamen</strong></span> <span class='ocrx_word' id='word_1_44' title='bbox 1588 1166 1802 1211; x_wconf 89' lang='lat' dir='ltr'><strong>meam</strong></span> <span class='ocrx_word' id='word_1_45' title='bbox 1865 1166 2127 1231; x_wconf 91' lang='lat' dir='ltr'><strong>quoque</strong></span> <span class='ocrx_word' id='word_1_46' title='bbox 2183 1146 2684 1212; x_wconf 81' lang='lat' dir='ltr'><strong>cunctationem</strong></span> 
     </span>
     <span class='ocr_line' id='line_1_8' title="bbox 485 1248 2688 1334; baseline -0.001 -20"><span class='ocrx_word' id='word_1_47' title='bbox 485 1249 1005 1333; x_wconf 79' lang='lat' dir='ltr'><strong>tarditatemque</strong></span> <span class='ocrx_word' id='word_1_48' title='bbox 1034 1249 1287 1313; x_wconf 87' lang='lat' dir='ltr'><strong>vicisti.</strong></span> <span class='ocrx_word' id='word_1_49' title='bbox 1340 1301 1349 1307; x_wconf 91' lang='lat'><strong>.</strong></span> <span class='ocrx_word' id='word_1_50' title='bbox 1373 1248 1670 1314; x_wconf 88' lang='lat' dir='ltr'><strong>Proinde</strong></span> <span class='ocrx_word' id='word_1_51' title='bbox 1700 1255 1821 1315; x_wconf 89' lang='lat' dir='ltr'><strong>aut</strong></span> <span class='ocrx_word' id='word_1_52' title='bbox 1849 1269 2083 1333; x_wconf 85' lang='lat' dir='ltr'><strong>rumpe</strong></span> <span class='ocrx_word' id='word_1_53' title='bbox 2117 1248 2264 1334; x_wconf 86' lang='lat' dir='ltr'><strong>jam</strong></span> <span class='ocrx_word' id='word_1_54' title='bbox 2292 1268 2537 1326; x_wconf 82' lang='lat' dir='ltr'><strong>moraS,</strong></span> <span class='ocrx_word' id='word_1_55' title='bbox 2569 1252 2688 1313; x_wconf 86' lang='lat' dir='ltr'><strong>aut</strong></span> 
     </span>
     <span class='ocr_line' id='line_1_9' title="bbox 485 1351 2686 1437; baseline -0.002 -19"><span class='ocrx_word' id='word_1_56' title='bbox 485 1371 673 1432; x_wconf 85' lang='lat' dir='ltr'><strong>cave,</strong></span> <span class='ocrx_word' id='word_1_57' title='bbox 720 1372 806 1416; x_wconf 87' lang='lat' dir='ltr'><strong>ne</strong></span> <span class='ocrx_word' id='word_1_58' title='bbox 864 1351 1131 1417; x_wconf 92' lang='lat' dir='ltr'><strong>eosdem</strong></span> <span class='ocrx_word' id='word_1_59' title='bbox 1179 1352 1335 1417; x_wconf 91' lang='lat' dir='ltr'><strong>illos</strong></span> <span class='ocrx_word' id='word_1_60' title='bbox 1380 1352 1677 1433; x_wconf 88' lang='lat' dir='ltr'><strong>libellos,</strong></span> <span class='ocrx_word' id='word_1_61' title='bbox 1729 1373 1901 1437; x_wconf 88' lang='lat' dir='ltr'><strong>quos</strong></span> <span class='ocrx_word' id='word_1_62' title='bbox 1951 1352 2077 1417; x_wconf 90' lang='lat' dir='ltr'><strong>tibi</strong></span> <span class='ocrx_word' id='word_1_63' title='bbox 2135 1351 2686 1434; x_wconf 83' lang='lat' dir='ltr'><strong>hendecasyllabi</strong></span> 
     </span>
     <span class='ocr_line' id='line_1_10' title="bbox 484 1453 2685 1541; baseline -0 -21"><span class='ocrx_word' id='word_1_64' title='bbox 484 1456 698 1521; x_wconf 85' lang='lat' dir='ltr'><strong>nostri</strong></span> <span class='ocrx_word' id='word_1_65' title='bbox 746 1453 1091 1529; x_wconf 87' lang='lat' dir='ltr'><strong>blanditiis</strong></span> <span class='ocrx_word' id='word_1_66' title='bbox 1142 1455 1385 1520; x_wconf 87' lang='lat' dir='ltr'><strong>elicere</strong></span> <span class='ocrx_word' id='word_1_67' title='bbox 1437 1475 1568 1521; x_wconf 89' lang='lat' dir='ltr'><strong>non</strong></span> <span class='ocrx_word' id='word_1_68' title='bbox 1609 1465 1923 1541; x_wconf 88' lang='lat' dir='ltr'><strong>possunt,</strong></span> <span class='ocrx_word' id='word_1_69' title='bbox 1969 1455 2278 1521; x_wconf 85' lang='lat' dir='ltr'><strong>convicio</strong></span> <span class='ocrx_word' id='word_1_70' title='bbox 2324 1463 2685 1525; x_wconf 70' lang='lat' dir='ltr'><strong>scaezontes</strong></span> 
     </span>
     <span class='ocr_line' id='line_1_11' title="bbox 485 1557 2686 1643; baseline -0 -19"><span class='ocrx_word' id='word_1_71' title='bbox 485 1563 944 1643; x_wconf 85' lang='lat' dir='ltr'><strong>extorqueant.</strong></span> <span class='ocrx_word' id='word_1_72' title='bbox 1033 1557 1417 1624; x_wconf 83' lang='lat' dir='ltr'><strong>Perfectum</strong></span> <span class='ocrx_word' id='word_1_73' title='bbox 1447 1579 1624 1642; x_wconf 90' lang='lat' dir='ltr'><strong>opus</strong></span> <span class='ocrx_word' id='word_1_74' title='bbox 1666 1561 2177 1643; x_wconf 87' lang='lat' dir='ltr'><strong>absolutumque</strong></span> <span class='ocrx_word' id='word_1_75' title='bbox 2223 1564 2349 1636; x_wconf 89' lang='lat' dir='ltr'><strong>est,</strong></span> <span class='ocrx_word' id='word_1_76' title='bbox 2374 1577 2503 1622; x_wconf 91' lang='lat' dir='ltr'><strong>nec</strong></span> <span class='ocrx_word' id='word_1_77' title='bbox 2535 1557 2686 1641; x_wconf 86' lang='lat' dir='ltr'><strong>jam</strong></span> 
     </span>
     <span class='ocr_line' id='line_1_12' title="bbox 487 1660 2688 1746; baseline -0.002 -18"><span class='ocrx_word' id='word_1_78' title='bbox 487 1660 897 1746; x_wconf 86' lang='lat' dir='ltr'><strong>splendescit</strong></span> <span class='ocrx_word' id='word_1_79' title='bbox 935 1660 1122 1737; x_wconf 92' lang='lat' dir='ltr'><strong>lima,</strong></span> <span class='ocrx_word' id='word_1_80' title='bbox 1153 1661 1274 1725; x_wconf 89' lang='lat' dir='ltr'><strong>sed</strong></span> <span class='ocrx_word' id='word_1_81' title='bbox 1322 1662 1644 1727; x_wconf 88' lang='lat' dir='ltr'><strong>atteritur.</strong></span> <span class='ocrx_word' id='word_1_82' title='bbox 1734 1661 1997 1741; x_wconf 88' lang='lat' dir='ltr'><strong>Patere,</strong></span> <span class='ocrx_word' id='word_1_83' title='bbox 2024 1681 2133 1726; x_wconf 89' lang='lat' dir='ltr'><strong>me</strong></span> <span class='ocrx_word' id='word_1_84' title='bbox 2163 1661 2385 1727; x_wconf 84' lang='lat' dir='ltr'><strong>videre</strong></span> <span class='ocrx_word' id='word_1_85' title='bbox 2418 1660 2688 1738; x_wconf 85' lang='lat' dir='ltr'><strong>titulum</strong></span> 
     </span>
     <span class='ocr_line' id='line_1_13' title="bbox 482 1759 2688 1847; baseline -0.002 -18"><span class='ocrx_word' id='word_1_86' title='bbox 482 1770 694 1843; x_wconf 91' lang='lat' dir='ltr'><strong>tuum,</strong></span> <span class='ocrx_word' id='word_1_87' title='bbox 721 1770 954 1847; x_wconf 89' lang='lat' dir='ltr'><strong>patere</strong></span> <span class='ocrx_word' id='word_1_88' title='bbox 984 1761 1240 1843; x_wconf 91' lang='lat' dir='ltr'><strong>audire,</strong></span> <span class='ocrx_word' id='word_1_89' title='bbox 1269 1763 1585 1842; x_wconf 88' lang='lat' dir='ltr'><strong>describi,</strong></span> <span class='ocrx_word' id='word_1_90' title='bbox 1617 1765 1769 1847; x_wconf 80' lang='lat' dir='ltr'><strong>legi,</strong></span> <span class='ocrx_word' id='word_1_91' title='bbox 1800 1765 2049 1829; x_wconf 80' lang='lat' dir='ltr'><strong>vaenire</strong></span> <span class='ocrx_word' id='word_1_92' title='bbox 2092 1763 2433 1828; x_wconf 86' lang='lat' dir='ltr'><strong>volumina</strong></span> <span class='ocrx_word' id='word_1_93' title='bbox 2476 1759 2688 1826; x_wconf 84' lang='lat' dir='ltr'><strong>Tran-</strong></span> 
     </span>
     <span class='ocr_line' id='line_1_14' title="bbox 485 1863 2686 1953; baseline -0.002 -21"><span class='ocrx_word' id='word_1_94' title='bbox 485 1868 681 1953; x_wconf 88' lang='lat' dir='ltr'><strong>quilli</strong></span> <span class='ocrx_word' id='word_1_95' title='bbox 708 1867 859 1930; x_wconf 89' lang='lat' dir='ltr'><strong>mei.</strong></span> <span class='ocrx_word' id='word_1_96' title='bbox 947 1866 1251 1948; x_wconf 89' lang='lat' dir='ltr'><strong>AEquum</strong></span> <span class='ocrx_word' id='word_1_97' title='bbox 1284 1872 1411 1945; x_wconf 89' lang='lat' dir='ltr'><strong>est,</strong></span> <span class='ocrx_word' id='word_1_98' title='bbox 1437 1886 1561 1931; x_wconf 88' lang='lat' dir='ltr'><strong>nos</strong></span> <span class='ocrx_word' id='word_1_99' title='bbox 1600 1866 1671 1931; x_wconf 89' lang='lat' dir='ltr'><strong>in</strong></span> <span class='ocrx_word' id='word_1_100' title='bbox 1707 1886 1934 1931; x_wconf 89' lang='lat' dir='ltr'><strong>amore</strong></span> <span class='ocrx_word' id='word_1_101' title='bbox 1965 1878 2104 1931; x_wconf 87' lang='lat' dir='ltr'><strong>tam</strong></span> <span class='ocrx_word' id='word_1_102' title='bbox 2135 1873 2369 1930; x_wconf 90' lang='lat' dir='ltr'><strong>mutuo</strong></span> <span class='ocrx_word' id='word_1_103' title='bbox 2401 1863 2686 1928; x_wconf 90' lang='lat' dir='ltr'><strong>eandem</strong></span> 
     </span>
     <span class='ocr_line' id='line_1_15' title="bbox 481 1968 2687 2055; baseline -0.002 -20"><span class='ocrx_word' id='word_1_104' title='bbox 481 1969 831 2055; x_wconf 87' lang='lat' dir='ltr'><strong>percipere</strong></span> <span class='ocrx_word' id='word_1_105' title='bbox 892 1988 984 2032; x_wconf 86' lang='lat' dir='ltr'><strong>ex</strong></span> <span class='ocrx_word' id='word_1_106' title='bbox 1033 1974 1102 2034; x_wconf 90' lang='lat' dir='ltr'><strong>te</strong></span> <span class='ocrx_word' id='word_1_107' title='bbox 1148 1968 1582 2052; x_wconf 88' lang='lat' dir='ltr'><strong>voluptatem,</strong></span> <span class='ocrx_word' id='word_1_108' title='bbox 1635 1988 1770 2053; x_wconf 87' lang='lat' dir='ltr'><strong>qua</strong></span> <span class='ocrx_word' id='word_1_109' title='bbox 1815 1975 1885 2034; x_wconf 89' lang='lat' dir='ltr'><strong>tu</strong></span> <span class='ocrx_word' id='word_1_110' title='bbox 1932 1968 2291 2054; x_wconf 82' lang='lat' dir='ltr'><strong>perfrueris</strong></span> <span class='ocrx_word' id='word_1_111' title='bbox 2336 1968 2430 2032; x_wconf 63' lang='lat' dir='ltr'><strong>ex</strong></span> <span class='ocrx_word' id='word_1_112' title='bbox 2468 1968 2687 2033; x_wconf 82' lang='lat' dir='ltr'><strong>nobiS.</strong></span> 
     </span>
    </p>
   </div>
   <div class='ocr_carea' id='block_1_4' title="bbox 482 2071 787 2139">
    <p class='ocr_par' dir='ltr' id='par_1_4' title="bbox 482 2071 787 2139">
     <span class='ocr_line' id='line_1_16' title="bbox 482 2071 787 2139; baseline 0.003 -1"><span class='ocrx_word' id='word_1_113' title='bbox 482 2071 687 2138; x_wconf 89' lang='lat' dir='ltr'><strong>Vale.</strong></span> <span class='ocrx_word' id='word_1_114' title='bbox 782 2136 787 2139; x_wconf 88' lang='lat'><strong>.</strong></span> 
     </span>
    </p>
   </div>
   <div class='ocr_carea' id='block_1_5' title="bbox 481 2255 2690 2976">
    <p class='ocr_par' dir='ltr' id='par_1_5' title="bbox 481 2255 2690 2976">
     <span class='ocr_line' id='line_1_17' title="bbox 481 2255 2690 2345; baseline 0 -22"><span class='ocrx_word' id='word_1_115' title='bbox 481 2255 828 2324; x_wconf 89' lang='lat' dir='ltr'><strong>Ausonius</strong></span> <span class='ocrx_word' id='word_1_116' title='bbox 873 2260 955 2325; x_wconf 90' lang='lat' dir='ltr'><strong>de</strong></span> <span class='ocrx_word' id='word_1_117' title='bbox 1001 2275 1145 2325; x_wconf 81' lang='lat' dir='ltr'><strong>xn.</strong></span> <span class='ocrx_word' id='word_1_118' title='bbox 1179 2259 1567 2327; x_wconf 77' lang='lat' dir='ltr'><strong>Caesaribus</strong></span> <span class='ocrx_word' id='word_1_119' title='bbox 1608 2280 1731 2345; x_wconf 89' lang='lat' dir='ltr'><strong>per</strong></span> <span class='ocrx_word' id='word_1_120' title='bbox 1780 2261 2180 2327; x_wconf 90' lang='lat' dir='ltr'><strong>Suetonium</strong></span> <span class='ocrx_word' id='word_1_121' title='bbox 2219 2258 2690 2344; x_wconf 83' lang='lat' dir='ltr'><strong>Tranquillum</strong></span> 
     </span>
     <span class='ocr_line' id='line_1_18' title="bbox 1433 2363 1732 2446; baseline -0.007 -19"><span class='ocrx_word' id='word_1_122' title='bbox 1433 2363 1732 2446; x_wconf 78' lang='lat' dir='ltr'><strong>scriptis·</strong></span> 
     </span>
     <span class='ocr_line' id='line_1_19' title="bbox 653 2480 2386 2567; baseline 0.001 -22"><span class='ocrx_word' id='word_1_123' title='bbox 653 2480 1010 2546; x_wconf 79' lang='lat' dir='ltr'><strong>Caesareos</strong></span> <span class='ocrx_word' id='word_1_124' title='bbox 1039 2481 1395 2560; x_wconf 87' lang='lat' dir='ltr'><strong>Proceres,</strong></span> <span class='ocrx_word' id='word_1_125' title='bbox 1426 2483 1498 2547; x_wconf 91' lang='lat' dir='ltr'><strong>in</strong></span> <span class='ocrx_word' id='word_1_126' title='bbox 1530 2503 1808 2567; x_wconf 89' lang='lat' dir='ltr'><strong>quorum</strong></span> <span class='ocrx_word' id='word_1_127' title='bbox 1838 2503 2036 2566; x_wconf 88' lang='lat' dir='ltr'><strong>regna</strong></span> <span class='ocrx_word' id='word_1_128' title='bbox 2068 2482 2386 2548; x_wconf 87' lang='lat' dir='ltr'><strong>secundis</strong></span> 
     </span>
     <span class='ocr_line' id='line_1_20' title="bbox 644 2580 2260 2668; baseline 0.002 -22"><span class='ocrx_word' id='word_1_129' title='bbox 644 2580 1056 2647; x_wconf 84' lang='lat' dir='ltr'><strong>Consulibus</strong></span> <span class='ocrx_word' id='word_1_130' title='bbox 1083 2583 1334 2648; x_wconf 89' lang='lat' dir='ltr'><strong>dudum</strong></span> <span class='ocrx_word' id='word_1_131' title='bbox 1357 2585 1671 2650; x_wconf 89' lang='lat' dir='ltr'><strong>Romana</strong></span> <span class='ocrx_word' id='word_1_132' title='bbox 1699 2587 2004 2668; x_wconf 89' lang='lat' dir='ltr'><strong>potentia</strong></span> <span class='ocrx_word' id='word_1_133' title='bbox 2033 2587 2260 2664; x_wconf 87' lang='lat' dir='ltr'><strong>cessit,</strong></span> 
     </span>
     <span class='ocr_line' id='line_1_21' title="bbox 611 2684 2632 2773; baseline 0 -24"><span class='ocrx_word' id='word_1_134' title='bbox 611 2700 615 2708; x_wconf 56' lang='lat'>¹</span> <span class='ocrx_word' id='word_1_135' title='bbox 650 2684 913 2769; x_wconf 89' lang='lat' dir='ltr'><strong>Accipe</strong></span> <span class='ocrx_word' id='word_1_136' title='bbox 943 2687 1050 2749; x_wconf 93' lang='lat' dir='ltr'><strong>bis</strong></span> <span class='ocrx_word' id='word_1_137' title='bbox 1081 2705 1283 2751; x_wconf 87' lang='lat' dir='ltr'><strong>senos</strong></span> <span class='ocrx_word' id='word_1_138' title='bbox 1313 2707 1330 2752; x_wconf 75' lang='lat' dir='ltr'><strong>t</strong></span> <span class='ocrx_word' id='word_1_139' title='bbox 1375 2708 1493 2753; x_wconf 88' lang='lat' dir='ltr'><strong>sua</strong></span> <span class='ocrx_word' id='word_1_140' title='bbox 1532 2705 1861 2773; x_wconf 86' lang='lat' dir='ltr'><strong>quemque</strong></span> <span class='ocrx_word' id='word_1_141' title='bbox 1891 2688 2317 2753; x_wconf 87' lang='lat' dir='ltr'><strong>monosticha</strong></span> <span class='ocrx_word' id='word_1_142' title='bbox 2346 2688 2632 2771; x_wconf 85' lang='lat' dir='ltr'><strong>signant,</strong></span> 
     </span>
     <span class='ocr_line' id='line_1_22' title="bbox 652 2785 2270 2872; baseline 0.002 -22"><span class='ocrx_word' id='word_1_143' title='bbox 652 2785 965 2866; x_wconf 87' lang='lat' dir='ltr'><strong>Quorum</strong></span> <span class='ocrx_word' id='word_1_144' title='bbox 997 2808 1118 2872; x_wconf 88' lang='lat' dir='ltr'><strong>per</strong></span> <span class='ocrx_word' id='word_1_145' title='bbox 1148 2790 1414 2872; x_wconf 90' lang='lat' dir='ltr'><strong>plenam</strong></span> <span class='ocrx_word' id='word_1_146' title='bbox 1445 2793 1702 2856; x_wconf 81' lang='lat' dir='ltr'><strong>seriem</strong></span> <span class='ocrx_word' id='word_1_147' title='bbox 1721 2791 2085 2856; x_wconf 87' lang='lat' dir='ltr'><strong>Suetonius</strong></span> <span class='ocrx_word' id='word_1_148' title='bbox 2114 2791 2270 2856; x_wconf 91' lang='lat' dir='ltr'><strong>olim</strong></span> 
     </span>
     <span class='ocr_line' id='line_1_23' title="bbox 652 2887 2521 2976; baseline 0.002 -23"><span class='ocrx_word' id='word_1_149' title='bbox 652 2887 973 2969; x_wconf 90' lang='lat' dir='ltr'><strong>Nomina,</strong></span> <span class='ocrx_word' id='word_1_150' title='bbox 1002 2909 1114 2955; x_wconf 91' lang='lat' dir='ltr'><strong>res</strong></span> <span class='ocrx_word' id='word_1_151' title='bbox 1144 2899 1394 2973; x_wconf 82' lang='lat' dir='ltr'><strong>gestaS,</strong></span> <span class='ocrx_word' id='word_1_152' title='bbox 1423 2894 1791 2976; x_wconf 86' lang='lat' dir='ltr'><strong>vitamque,</strong></span> <span class='ocrx_word' id='word_1_153' title='bbox 1823 2894 2210 2976; x_wconf 88' lang='lat' dir='ltr'><strong>obitumque</strong></span> <span class='ocrx_word' id='word_1_154' title='bbox 2238 2893 2521 2975; x_wconf 85' lang='lat' dir='ltr'><strong>peregit.</strong></span> 
     </span>
    </p>
   </div>
   <div class='ocr_carea' id='block_1_6' title="bbox 607 3073 2543 3161">
    <p class='ocr_par' dir='ltr' id='par_1_6' title="bbox 607 3073 2543 3161">
     <span class='ocr_line' id='line_1_24' title="bbox 607 3073 2543 3161; baseline 0.001 -23"><span class='ocrx_word' id='word_1_155' title='bbox 607 3073 886 3140; x_wconf 87' lang='lat' dir='ltr'><strong>Flavius</strong></span> <span class='ocrx_word' id='word_1_156' title='bbox 915 3074 1266 3158; x_wconf 87' lang='lat' dir='ltr'><strong>Vopiscus</strong></span> <span class='ocrx_word' id='word_1_157' title='bbox 1299 3077 1731 3161; x_wconf 79' lang='lat' dir='ltr'><strong>SyracusiuS,</strong></span> <span class='ocrx_word' id='word_1_158' title='bbox 1762 3078 1831 3141; x_wconf 90' lang='lat' dir='ltr'><strong>in</strong></span> <span class='ocrx_word' id='word_1_159' title='bbox 1861 3077 2109 3154; x_wconf 86' lang='lat' dir='ltr'><strong>Firmo,</strong></span> <span class='ocrx_word' id='word_1_160' title='bbox 2138 3079 2259 3142; x_wconf 72' lang='grc' dir='ltr'><strong><em>διο.</em></strong></span> <span class='ocrx_word' id='word_1_161' title='bbox 2293 3096 2447 3161; x_wconf 90' lang='lat' dir='ltr'><strong>cap.</strong></span> <span class='ocrx_word' id='word_1_162' title='bbox 2478 3077 2543 3140; x_wconf 91' lang='lat'><strong>1.</strong></span> 
     </span>
    </p>
   </div>
   <div class='ocr_carea' id='block_1_7' title="bbox 474 3207 2704 3602">
    <p class='ocr_par' dir='ltr' id='par_1_7' title="bbox 474 3207 2704 3602">
     <span class='ocr_line' id='line_1_25' title="bbox 564 3207 2680 3296; baseline -0 -24"><span class='ocrx_word' id='word_1_163' title='bbox 564 3207 996 3292; x_wconf 88' lang='lat' dir='ltr'><strong>Minusculos</strong></span> <span class='ocrx_word' id='word_1_164' title='bbox 1023 3216 1335 3296; x_wconf 84' lang='lat' dir='ltr'><strong>tyrannos</strong></span> <span class='ocrx_word' id='word_1_165' title='bbox 1375 3212 1525 3276; x_wconf 90' lang='lat' dir='ltr'><strong>scio</strong></span> <span class='ocrx_word' id='word_1_166' title='bbox 1570 3212 1936 3296; x_wconf 91' lang='lat' dir='ltr'><strong>plerosque</strong></span> <span class='ocrx_word' id='word_1_167' title='bbox 1965 3212 2284 3289; x_wconf 88' lang='lat' dir='ltr'><strong>tacuisse,</strong></span> <span class='ocrx_word' id='word_1_168' title='bbox 2315 3209 2680 3275; x_wconf 82' lang='lat' dir='ltr'><strong>autbrevi-</strong></span> 
     </span>
     <span class='ocr_line' id='line_1_26' title="bbox 478 3311 2704 3396; baseline -0.001 -22"><span class='ocrx_word' id='word_1_169' title='bbox 478 3315 578 3374; x_wconf 91' lang='lat' dir='ltr'><strong>ter</strong></span> <span class='ocrx_word' id='word_1_170' title='bbox 604 3312 1045 3394; x_wconf 78' lang='lat' dir='ltr'><strong>praeteriisse.</strong></span> <span class='ocrx_word' id='word_1_171' title='bbox 1099 3311 1280 3377; x_wconf 91' lang='lat' dir='ltr'><strong>Nam</strong></span> <span class='ocrx_word' id='word_1_172' title='bbox 1309 3320 1379 3378; x_wconf 89' lang='lat' dir='ltr'><strong>et</strong></span> <span class='ocrx_word' id='word_1_173' title='bbox 1405 3314 1771 3378; x_wconf 88' lang='lat' dir='ltr'><strong>Suetonius</strong></span> <span class='ocrx_word' id='word_1_174' title='bbox 1802 3313 2256 3396; x_wconf 79' lang='lat' dir='ltr'><strong>TranquilluS,</strong></span> <span class='ocrx_word' id='word_1_175' title='bbox 2275 3311 2704 3377; x_wconf 64' lang='lat' dir='ltr'><strong>emendatis-f</strong></span> 
     </span>
     <span class='ocr_line' id='line_1_27' title="bbox 477 3413 2675 3499; baseline 0 -23"><span class='ocrx_word' id='word_1_176' title='bbox 477 3413 693 3478; x_wconf 91' lang='lat' dir='ltr'><strong>simus</strong></span> <span class='ocrx_word' id='word_1_177' title='bbox 740 3420 807 3479; x_wconf 91' lang='lat' dir='ltr'><strong>et</strong></span> <span class='ocrx_word' id='word_1_178' title='bbox 859 3415 1380 3481; x_wconf 87' lang='lat' dir='ltr'><strong>candidissimus</strong></span> <span class='ocrx_word' id='word_1_179' title='bbox 1433 3417 1742 3499; x_wconf 89' lang='lat' dir='ltr'><strong>scriptor,</strong></span> <span class='ocrx_word' id='word_1_180' title='bbox 1789 3413 2150 3481; x_wconf 89' lang='lat' dir='ltr'><strong>Antonium</strong></span> <span class='ocrx_word' id='word_1_181' title='bbox 2197 3422 2264 3481; x_wconf 91' lang='lat' dir='ltr'><strong>et</strong></span> <span class='ocrx_word' id='word_1_182' title='bbox 2313 3413 2675 3480; x_wconf 90' lang='lat' dir='ltr'><strong>Vindicem</strong></span> 
     </span>
     <span class='ocr_line' id='line_1_28' title="bbox 474 3516 2383 3602; baseline -0.001 -22"><span class='ocrx_word' id='word_1_183' title='bbox 474 3516 714 3596; x_wconf 87' lang='lat' dir='ltr'><strong>tacuit,</strong></span> <span class='ocrx_word' id='word_1_184' title='bbox 744 3523 1097 3584; x_wconf 90' lang='lat' dir='ltr'><strong>contentus</strong></span> <span class='ocrx_word' id='word_1_185' title='bbox 1124 3538 1229 3598; x_wconf 85' lang='lat' dir='ltr'><strong>ec,</strong></span> <span class='ocrx_word' id='word_1_186' title='bbox 1258 3517 1440 3602; x_wconf 89' lang='lat' dir='ltr'><strong>quod</strong></span> <span class='ocrx_word' id='word_1_187' title='bbox 1472 3537 1594 3582; x_wconf 91' lang='lat' dir='ltr'><strong>eos</strong></span> <span class='ocrx_word' id='word_1_188' title='bbox 1623 3518 1871 3584; x_wconf 91' lang='lat' dir='ltr'><strong>cursim</strong></span> <span class='ocrx_word' id='word_1_189' title='bbox 1893 3518 2383 3601; x_wconf 83' lang='lat' dir='ltr'><strong>perstrinxerat.</strong></span> 
     </span>
    </p>
   </div>
   <div class='ocr_carea' id='block_1_8' title="bbox 1424 3669 1624 3736">
    <p class='ocr_par' dir='ltr' id='par_1_8' title="bbox 1424 3669 1624 3736">
     <span class='ocr_line' id='line_1_29' title="bbox 1424 3669 1624 3736; baseline 0.01 -2"><span class='ocrx_word' id='word_1_190' title='bbox 1424 3669 1624 3736; x_wconf 77' lang='lat' dir='ltr'><strong>Mox·</strong></span> 
     </span>
    </p>
   </div>
   <div class='ocr_carea' id='block_1_9' title="bbox 471 3784 2668 3954">
    <p class='ocr_par' dir='ltr' id='par_1_9' title="bbox 471 3784 2668 3954">
     <span class='ocr_line' id='line_1_30' title="bbox 557 3784 2668 3867; baseline 0 -19"><span class='ocrx_word' id='word_1_191' title='bbox 557 3784 645 3849; x_wconf 90' lang='lat' dir='ltr'><strong>Et</strong></span> <span class='ocrx_word' id='word_1_192' title='bbox 688 3785 772 3851; x_wconf 87' lang='lat' dir='ltr'><strong>de</strong></span> <span class='ocrx_word' id='word_1_193' title='bbox 817 3789 1140 3855; x_wconf 87' lang='lat' dir='ltr'><strong>Suetonio</strong></span> <span class='ocrx_word' id='word_1_194' title='bbox 1184 3808 1314 3852; x_wconf 90' lang='lat' dir='ltr'><strong>non</strong></span> <span class='ocrx_word' id='word_1_195' title='bbox 1355 3789 1694 3867; x_wconf 90' lang='lat' dir='ltr'><strong>miramur,</strong></span> <span class='ocrx_word' id='word_1_196' title='bbox 1739 3788 1851 3853; x_wconf 90' lang='lat' dir='ltr'><strong>cui</strong></span> <span class='ocrx_word' id='word_1_197' title='bbox 1880 3788 2229 3853; x_wconf 88' lang='lat' dir='ltr'><strong>·familiare</strong></span> <span class='ocrx_word' id='word_1_198' title='bbox 2272 3788 2400 3853; x_wconf 89' lang='lat' dir='ltr'><strong>fuit</strong></span> <span class='ocrx_word' id='word_1_199' title='bbox 2443 3805 2668 3854; x_wconf 87' lang='lat' dir='ltr'><strong>amare</strong></span> 
     </span>
     <span class='ocr_line' id='line_1_31' title="bbox 471 3888 886 3954; baseline 0.01 -4"><span class='ocrx_word' id='word_1_200' title='bbox 471 3888 886 3954; x_wconf 85' lang='lat' dir='ltr'><strong>brevitatem.</strong></span> 
     </span>
    </p>
   </div>
   <div class='ocr_carea' id='block_1_10' title="bbox 468 4016 2666 4321">
    <p class='ocr_par' dir='ltr' id='par_1_10' title="bbox 468 4016 2666 4321">
     <span class='ocr_line' id='line_1_32' title="bbox 1133 4016 2001 4102; baseline 0 -20"><span class='ocrx_word' id='word_1_201' title='bbox 1133 4016 1323 4083; x_wconf 88' lang='lat' dir='ltr'><strong>Idem</strong></span> <span class='ocrx_word' id='word_1_202' title='bbox 1353 4019 1425 4083; x_wconf 88' lang='lat' dir='ltr'><strong>in</strong></span> <span class='ocrx_word' id='word_1_203' title='bbox 1455 4018 1684 4084; x_wconf 86' lang='lat' dir='ltr'><strong>Probo</strong></span> <span class='ocrx_word' id='word_1_204' title='bbox 1713 4037 1866 4102; x_wconf 89' lang='lat' dir='ltr'><strong>cap.</strong></span> <span class='ocrx_word' id='word_1_205' title='bbox 1899 4019 2001 4083; x_wconf 92' lang='lat' dir='ltr'><strong>ll.</strong></span> 
     </span>
     <span class='ocr_line' id='line_1_33' title="bbox 556 4132 2666 4230; baseline 0.001 -35"><span class='ocrx_word' id='word_1_206' title='bbox 556 4132 648 4196; x_wconf 90' lang='lat' dir='ltr'><strong>Et</strong></span> <span class='ocrx_word' id='word_1_207' title='bbox 675 4133 840 4197; x_wconf 91' lang='lat' dir='ltr'><strong>mihi</strong></span> <span class='ocrx_word' id='word_1_208' title='bbox 871 4134 1145 4230; x_wconf 71' lang='lat' dir='ltr'><strong>quidem</strong></span> <span class='ocrx_word' id='word_1_209' title='bbox 1175 4136 1246 4198; x_wconf 87' lang='lat' dir='ltr'><strong>id</strong></span> <span class='ocrx_word' id='word_1_210' title='bbox 1287 4138 1489 4202; x_wconf 88' lang='lat' dir='ltr'><strong>animi</strong></span> <span class='ocrx_word' id='word_1_211' title='bbox 1524 4138 1674 4215; x_wconf 84' lang='lat' dir='ltr'><strong>fuit,</strong></span> <span class='ocrx_word' id='word_1_212' title='bbox 1702 4156 1831 4201; x_wconf 89' lang='lat' dir='ltr'><strong>non</strong></span> <span class='ocrx_word' id='word_1_213' title='bbox 1875 4142 1949 4201; x_wconf 91' lang='lat' dir='ltr'><strong>ut</strong></span> <span class='ocrx_word' id='word_1_214' title='bbox 1993 4137 2380 4215; x_wconf 77' lang='lat' dir='ltr'><strong>SallustioS,</strong></span> <span class='ocrx_word' id='word_1_215' title='bbox 2412 4137 2666 4211; x_wconf 78' lang='lat' dir='ltr'><strong>Livius,</strong></span> 
     </span>
     <span class='ocr_line' id='line_1_34' title="bbox 468 4234 2664 4321; baseline 0.002 -25"><span class='ocrx_word' id='word_1_216' title='bbox 468 4234 768 4311; x_wconf 89' lang='lat' dir='ltr'><strong>Tacitos,</strong></span> <span class='ocrx_word' id='word_1_217' title='bbox 795 4235 1081 4318; x_wconf 87' lang='lat' dir='ltr'><strong>Trogos,</strong></span> <span class='ocrx_word' id='word_1_218' title='bbox 1115 4245 1324 4321; x_wconf 87' lang='lat' dir='ltr'><strong>atque</strong></span> <span class='ocrx_word' id='word_1_219' title='bbox 1371 4259 1602 4305; x_wconf 91' lang='lat' dir='ltr'><strong>omnes</strong></span> <span class='ocrx_word' id='word_1_220' title='bbox 1646 4237 2128 4307; x_wconf 88' lang='lat' dir='ltr'><strong>disertissimos</strong></span> <span class='ocrx_word' id='word_1_221' title='bbox 2163 4240 2459 4306; x_wconf 87' lang='lat' dir='ltr'><strong>imitarer</strong></span> <span class='ocrx_word' id='word_1_222' title='bbox 2489 4239 2664 4305; x_wconf 83' lang='lat' dir='ltr'><strong>viros</strong></span> 
     </span>
    </p>
   </div>
  </div>
 </body>
</html>
