3019 4922
536 435 668 502 370
1388 448 1454 496 c.
1497 445 1589 496 su
1604 445 1861 495 aroun

536 598 854 681 deinceps
902 595 1137 661 eadem
1183 594 1461 672 ratione,
1512 600 1866 678 sequentes
1913 590 2147 656 literas
2177 590 2402 675 ponit;
2443 609 2569 675 pro
2614 590 2737 653 μ’

536 705 757 767 autem
782 700 1038 783 duplex
1067 719 1127 761 α.
1215 694 1374 779 [89.]
1421 695 1575 783 Ne⁷
1610 695 2000 762 Graecarum
2031 694 2302 776 quidem
2349 691 2738 777 disciplina·

535 822 684 867 rum
713 801 962 867 leviore
992 800 1216 867 studio
1248 800 1632 864 tenebatur:
1676 798 1744 863 in
1799 797 2042 882 quibus
2073 801 2140 861 et
2166 796 2335 880 ipsis
2372 796 2740 879 praestabat

533 902 827 985 largiter,
858 901 1173 984 magistro
1221 900 1485 966 dicendi
1540 919 1703 965 usus
1750 898 2178 984 Apollodoro
2198 894 2221 934 f
2272 898 2739 979 Pergameno}

537 1025 737 1089 quem
781 1005 926 1089 jam
974 1003 1286 1087 grandem
1339 1009 1502 1070 natu
1555 1002 1988 1088 Apolloniam
2047 1021 2310 1087 quoque
2359 1020 2588 1065 secum
2654 1002 2739 1065 ab

535 1105 720 1172 Urbe
762 1106 1031 1191 juvenis
1078 1105 1294 1171 adbuc
1346 1105 1686 1172 eduxerat.
1779 1104 2044 1169 Deinde
2094 1104 2468 1169 eruditione
2528 1103 2737 1168 etiam

534 1209 724 1274 varia
745 1206 770 1245 ¹¹
843 1208 1145 1292 repletus
1198 1213 1300 1273 est
1357 1205 1506 1292 per¹
1559 1207 1718 1272 Arei
1743 1203 1770 1242 ¹³
1843 1202 2247 1290 philosophi,
2315 1205 2738 1290 filiorumque

1458 1405 1817 1427 OOOOOOOOOOO

536 1555 650 1619 Cuj.
695 1555 823 1605 Mox
856 1569 942 1618 per
975 1559 1135 1604 notam
1157 1553 1315 1604 Vind-
1338 1560 1384 1603 l.
1423 1555 1571 1604 Certa
1607 1551 1775 1604 Periz.
1812 1552 2045 1603 Harlem.
2078 1552 2213 1603 Edd.
2250 1553 2398 1602 Rom.
2425 1557 2480 1601 et
2518 1549 2632 1600 fere
2669 1550 2736 1601 Ο.

533 1620 678 1669 Vett.
720 1627 914 1682 praeter
948 1618 1191 1670 Beroald.
1230 1620 1414 1683 steph.
1445 1620 1595 1668 Torr.
1631 1617 1852 1668 casaub.
1891 1626 1948 1668 et
1988 1632 2133 1683 seqq.
2180 1617 2357 1668 Ceteri
2392 1615 2560 1665 Codd.
2587 1621 2739 1665 notas.

534 1689 634 1733 -6
670 1683 755 1733 Ita
777 1698 953 1734 omnes
977 1684 1042 1734 ad
1077 1700 1230 1734 unum
1257 1685 1384 1734 Mas.
1407 1691 1461 1733 et
1480 1683 1614 1733 Edd.
1637 1691 1757 1732 ante
1781 1683 2004 1734 Casaub.
2022 1685 2110 1749 qui
2133 1683 2353 1732 mutavit
2373 1682 2424 1730 in
2457 1695 2546 1745 pro
2566 1696 2611 1731 z.
2675 1679 2737 1729 ln

534 1749 679 1799 Cort.
715 1756 887 1799 tamen
910 1758 964 1799 et
986 1751 1166 1814 Camp.
1187 1764 1274 1813 per
1294 1765 1346 1799 x.
1369 1747 1451 1799 Cf.
1474 1749 1523 1797 h.
1544 1749 1580 1798 l.
1606 1748 1801 1797 Corum.
1871 1748 2087 1798 Habent
2117 1748 2187 1797 al.
2227 1750 2402 1810 duplex
2421 1749 2599 1795 aue—⁷
2636 1745 2739 1795 Neo

536 1815 632 1865 Gr.
670 1815 821 1865 vind.
842 1820 890 1866 2.
920 1815 1049 1865 Tum
1070 1814 1237 1865 leviori
1259 1814 1404 1865 Cort.
1428 1813 1567 1864 Edd.
1590 1814 1739 1863 Rom.
1763 1813 1908 1863 etiam
1927 1813 2048 1877 ipsis
2071 1813 2125 1863 in
2148 1812 2349 1862 iisdem.
2389 1811 2545 1862 Fouc.
2568 1810 2742 1860 omisit

1532 1995 1745 2048 NOTAE

600 2118 623 2144 θ
654 2112 806 2162 Prox
829 2112 903 2176 [z]
939 2112 1276 2163 casaubonus
1294 2112 1505 2178 legebat
1544 2112 1598 2161 in
1674 2111 1821 2167 tioni,
1845 2110 2158 2175 eloquentiae
2182 2107 2455 2171 plurimum
2478 2103 2738 2155 attendit-⁹

533 2187 771 2236 omnibus
815 2187 959 2236 libris
990 2203 1076 2250 pro
1113 2204 1170 2248 x,
1209 2195 1265 2239 et
1302 2188 1599 2238 emendavit
1736 2187 1750 2221 ί
1792 2187 1889 2236 Est
1929 2201 2018 2251 per
2060 2183 2299 2250 [Sphaeri]
2367 2183 2563 2232 Omnes
2609 2183 2738 2232 Mss.

534 2278 622 2325 pro
643 2279 688 2312 z.
755 2263 915 2314 Patet
937 2265 1072 2313 enim
1095 2265 1331 2314 ultimam
1361 2265 1445 2314 hic
1478 2264 1597 2314 lite·
1670 2264 1935 2313 Tor-rentii
1958 2262 2149 2313 habent
2173 2260 2413 2326 Sperat-ei,
2429 2268 2522 2310 aut
2539 2260 2735 2323 Sperur·

532 2354 644 2390 ram
667 2340 923 2405 intelligi:
948 2355 1050 2405 quo
1074 2347 1216 2391 certe
1234 2356 1335 2391 non
1358 2341 1602 2402 admisso,
1671 2341 1734 2391 ci.
1769 2341 1906 2393 Quia
1921 2346 2091 2389 tamen
2109 2339 2213 2388 Dio
2231 2338 2536 2388 lib.xr.v111.
2560 2336 2740 2400 Sphae·

533 2415 807 2468 dicendum
829 2424 972 2468 esset
992 2433 1019 2468 z
1051 2423 1174 2469 tunc
1200 2418 1447 2483 temporis
1470 2433 1597 2469 non·

534 2491 656 2541 dum
708 2493 760 2542 in
812 2509 908 2544 usu
947 2492 1124 2557 fuisse,
1164 2494 1229 2546 de
1268 2511 1369 2562 quo
1407 2495 1598 2547 videsis

536 2569 796 2620 Isidorum
819 2571 910 2622 lib.
933 2586 972 2622 1.
993 2587 1041 2621 c.
1064 2576 1145 2623 24.

598 2644 617 2679 ¹
644 2646 950 2712 Apollodoro]
980 2647 1129 2699 Idem
1161 2648 1315 2699 habet
1354 2648 1600 2702 Quintili·

534 2736 659 2771 anns
680 2723 832 2773 initio
854 2724 946 2773 lib.
971 2737 1060 2774 nr.
1098 2725 1184 2775 cui
1217 2726 1366 2774 addit
1386 2724 1597 2780 Strabo,

532 2798 677 2847 illum
724 2797 954 2862 Augusti
994 2800 1162 2863 gratia
1195 2802 1410 2850 multum
1439 2800 1599 2851 incla-

532 2877 714 2940 ruisse,
738 2885 792 2926 et
815 2884 975 2929 sectae
1002 2877 1366 2942 Apollodoreis
1391 2879 1596 2930 initium

530 2951 713 3011 fuisse,
737 2969 890 3018 quam
917 2961 1089 3005 tamen
1104 2956 1216 3019 jam
1240 2957 1360 3007 inde
1397 2956 1464 3005 ab
1489 2956 1596 3007 Au·

529 3030 668 3091 gusti
695 3029 1013 3093 temporibus
1038 3032 1247 3094 plurimi
1271 3046 1372 3082 non
1402 3032 1595 3083 factam

535 3111 763 3153 testatur
785 3104 877 3154 lib.
902 3119 1030 3155 xnr.

593 3187 621 3223 ⁸
645 3181 961 3246 Pergameno]
986 3183 1319 3246 Pergamum,
1337 3183 1446 3233 sive
1464 3185 1595 3233 Per·

531 3272 729 3321 gamus,
749 3258 960 3309 minoris
984 3258 1123 3309 Asiae
1153 3259 1335 3309 civitas
1358 3269 1470 3310 est:
1504 3259 1593 3309 ho-

530 3332 613 3383 die
655 3335 907 3397 Pergamo,
944 3335 1034 3384 sed
1075 3335 1290 3384 multum
1317 3350 1347 3385 a
1374 3335 1594 3401 pristino

527 3411 804 3474 splendore
828 3410 1047 3460 diversa.

594 3484 619 3520 ἢ
648 3488 932 3537 Eruditione
947 3488 1094 3537 etiam
1110 3486 1267 3550 varia]
1299 3488 1468 3552 Hujus
1491 3489 1594 3539 loci

528 3567 791 3615 sententia
848 3575 947 3623 est,
990 3565 1228 3629 Augusto
1282 3566 1593 3631 eloquentiae

528 3641 732 3694 Graecae
768 3649 1141 3706 praeceptorem
1185 3639 1346 3690 finisse
1383 3640 1594 3706 Apollo-

527 3717 736 3768 dorum:
791 3718 1118 3783 philologiam
1161 3731 1284 3766 vero
1317 3732 1470 3782 quam
1508 3733 1593 3767 vo·

526 3802 666 3858 cant,
688 3796 784 3845 hoc
809 3803 889 3844 est
926 3794 1212 3855 historiam,
1251 3809 1421 3843 rerum
1457 3795 1590 3844 anti-

525 3887 741 3935 quarum
767 3871 1139 3935 cognitionem,
1163 3870 1591 3936 humanioresque

526 3947 727 4008 literas,
753 3948 994 3997 edoctum
1020 3963 1049 3996 a
1071 3947 1288 4010 Sphaero
1313 3946 1438 4007 illo;
1472 3962 1589 4010 quae

530 4023 703 4070 omnia
739 4023 942 4072 nomine
984 4024 1137 4073 variae
1173 4023 1478 4073 eruditionis
1501 4038 1592 4073 ex·

530 4098 720 4159 pressit
759 4105 938 4149 auctor
974 4099 1058 4148 hie
1099 4108 1311 4159 noster;
1362 4097 1499 4165 quod
1537 4099 1591 4148 in

528 4170 630 4219 illis
673 4173 860 4222 versati
885 4174 1093 4237 proprie
1117 4175 1357 4224 dicantur
1379 4174 1590 4239 eruditi,

1674 2418 1719 2469 ri
1741 2418 2004 2485 cujusdam
2022 2414 2334 2466 mentionem
2354 2412 2506 2479 fecit,
2524 2413 2612 2478 qui
2635 2412 2740 2463 An-

1676 2496 1814 2561 gusti
1840 2497 2053 2546 libertus
2079 2492 2215 2543 idem
2241 2499 2296 2542 et
2325 2491 2642 2556 paedagogus
2662 2489 2743 2540 fu·

1676 2582 1789 2625 erat
1810 2574 1909 2638 ipsi
1927 2572 2243 2635 carissimus,
2260 2576 2447 2634 utpote
2465 2583 2615 2633 quem
2634 2567 2742 2618 fato

1672 2648 1905 2699 functum
1932 2647 2114 2698 sunere
2143 2646 2352 2710 publico
2374 2643 2552 2694 efferri
2571 2645 2743 2694 volue-

1676 2727 1745 2777 rit
1761 2744 1778 2790 ;
1794 2727 1929 2784 ideo,
1951 2726 2086 2777 sicut
2106 2725 2358 2788 scriptum
2383 2730 2483 2784 est,
2499 2720 2744 2772 emenda·

1676 2811 1814 2855 runt.

1740 2879 1763 2913 ¹¹
1794 2880 1937 2944 Arei]
1985 2878 2330 2942 Philosophus
2371 2876 2472 2926 fuit
2516 2874 2745 2926 Alexan·

1673 2956 1873 3021 drinns‚
1910 2956 2063 3019 cujus
2103 2956 2155 3005 in
2210 2954 2426 3019 gratiam
2474 2950 2745 3017 Augustus

1674 3032 2044 3083 Alexandriam
2077 3032 2359 3095 ingressus,
2388 3028 2566 3078 multis
2589 3035 2647 3079 et
2668 3028 2743 3077 vi-

1673 3116 1775 3157 tam
1800 3116 1857 3158 et
1878 3108 2014 3158 bona
2034 3107 2375 3157 condonarat.
2441 3105 2619 3168 Hujus
2633 3117 2741 3153 me·

1670 3184 1822 3234 minit
1862 3190 1917 3234 et
1957 3185 2268 3235 Plutarchus
2314 3183 2364 3231 in
2411 3181 2644 3231 Antonio
2687 3186 2743 3230 et

1670 3262 1871 3311 Seneca
1892 3260 1980 3311 lib.
2004 3260 2070 3310 de
2107 3258 2473 3310 Consolatione
2507 3257 2575 3306 ad
2600 3258 2743 3307 Mar·
2844 3261 2851 3264 “

1670 3337 1801 3388 ciam
1826 3351 1874 3388 c.
1897 3341 1946 3387 4.
1982 3343 2036 3387 et
2058 3350 2213 3400 supra
2236 3350 2284 3385 c.
2315 3339 2395 3385 17.
2428 3334 2494 3384 de
2534 3348 2599 3384 eo
2628 3333 2741 3397 jam

1670 3414 1843 3480 aliqua
1866 3420 2046 3465 notata
2087 3420 2205 3463 sunt
2242 3411 2550 3464 Caesarionis
2590 3424 2742 3461 occa·

1668 3490 1850 3540 sionez
1909 3489 2144 3539 meminit
2186 3495 2242 3539 et
2285 3488 2386 3537 Dio
2432 3486 2525 3536 lib.
2569 3500 2643 3535 m.
2688 3494 2741 3535 et

1668 3567 1875 3622 Strabo,
1898 3570 1996 3617 ὅτε.
2037 3566 2338 3617 Lectionem
2364 3571 2537 3631 autem
2572 3569 2737 3614 contu·
2791 3601 2796 3605 .

1667 3643 1879 3693 benaiam
1899 3642 2015 3692 iniit
2050 3642 2389 3693 casaubonus
2430 3640 2623 3704 arguit,
2649 3655 2741 3704 pro

1670 3718 1721 3767 in
1762 3716 2156 3768 contubernium
2193 3716 2395 3772 ascivit,
2430 3724 2521 3764 aut
2561 3725 2741 3764 contn-

1668 3793 1848 3844 bernio
1891 3794 2138 3854 admovit,
2176 3799 2238 3842 ut
2273 3791 2476 3841 Tiberii
2514 3806 2633 3855 cap.
2659 3795 2743 3841 14.

1670 3871 1804 3919 unde
1827 3884 1944 3919 cum
1971 3870 2022 3918 in
2046 3866 2357 3933 quibusdam
2379 3866 2647 3917 codicibus
2669 3867 2742 3915 le·

1669 3945 1808 4008 gerit
1847 3944 2168 4007 contubernio,
2207 3942 2406 4006 absque
2436 3956 2567 3992 voce
2604 3941 2741 4004 iniit,

1668 4037 1822 4087 quam
1861 4036 1958 4071 nec
1997 4019 2194 4070 habent
2233 4019 2407 4068 Lisloei
2432 4019 2665 4079 codices,
2688 4027 2744 4069 et

1670 4098 1861 4149 Pithoei
1883 4105 1938 4148 et
1959 4097 2159 4156 Ursini,
2181 4097 2312 4145 hanc
2331 4094 2561 4159 repellit,
2581 4102 2638 4145 et
2650 4110 2743 4146 ,re-

1670 4175 1805 4225 tinet
1824 4171 2154 4223 coneubernio:
2186 4170 2279 4221 sed
2318 4170 2416 4220 boc
2453 4171 2623 4235 posito
2666 4185 2741 4218 re·

529 4253 589 4296 ut
622 4247 789 4298 adhuc
818 4247 949 4297 infra
974 4250 1138 4315 Calig.
1161 4266 1206 4300 c.
1228 4256 1310 4300 53.
1376 4252 1392 4280 ‘
1417 4252 1463 4300 E
1484 4250 1588 4300 dis·
1657 4251 1920 4316 jiciendus
1957 4248 2160 4316 veniret
2211 4246 2456 4311 sphoerus,
2511 4254 2571 4295 ut
2615 4249 2740 4297 Areo

528 4322 733 4387 cipliuis
776 4322 1070 4375 liberalibus
1110 4326 1371 4376 minimum
1416 4325 1587 4377 erudi·

1671 4327 1780 4378 solo
1824 4325 2110 4395 superstite
2152 4326 2438 4388 legeretur,
2476 4322 2741 4372 eruditione
