3019 4922
1230 456 1613 510 menalus.
2392 460 2520 526 451

328 595 596 662 dubium
643 596 793 677 fuit,
823 597 1252 681 Augustusne
1282 607 1568 672 moriens
1589 608 1987 693 reliquisset,
2020 634 2154 698 quo
2180 618 2520 685 materiam

327 702 644 765 tumultus
677 709 837 784 post
868 722 943 767 se
976 704 1377 773 subduceret
1401 718 1447 789 ;ι
1492 731 1584 776 an
1615 714 1879 778 nomine
1909 713 2193 800 Augusti
2215 719 2431 799 Livia,
2454 730 2521 790 et

326 821 431 878 ea,
463 806 743 869 conscio
775 805 1074 886 TiberiO,
1106 828 1191 873 an
1220 810 1472 893 ignaro,
1501 814 1838 880 dictasset.
1923 819 2236 886 Tiberius
2277 843 2515 889 renun-

326 904 525 968 tianti
553 906 873 987 Tribuno,
899 909 1156 976 factum
1199 933 1372 987 esse,
1401 917 1584 1000 quod
1621 920 2070 1002 imperasset?
2102 929 2124 958 ‘
2145 943 2361 1009 neque
2389 929 2516 993 im-

322 1016 641 1087 perasse,y
671 1029 769 1087 se,
803 1017 872 1076 et
898 1013 1307 1080 redditurum
1349 1038 1500 1082 eum
1536 1020 1816 1090 Senatui
1847 1025 2213 1103 rationem,'
2242 1048 2513 1112 respon,-

327 1106 426 1171 dit
446 1129 473 1188 3‘
510 1110 828 1176 invidiam
872 1116 1133 1188 scilicet
1164 1120 1230 1183 in
1283 1126 1645 1202 praesentia
1676 1127 1917 1192 vitans·
2007 1127 2184 1193 Nam
2231 1151 2389 1196 mox
2426 1133 2513 1197 si-

323 1208 535 1274 lentio
562 1222 741 1276 rem³
772 1215 1175 1284 obliteravit..
1257 1220 1420 1302 [23]
1441 1224 1610 1290 Iure
1641 1235 1857 1293 autem
1879 1230 2254 1296 tribuniciae
2280 1241 2515 1315 potes-

322 1313 480 1386 tatis
498 1321 524 1348 ⁸
550 1322 787 1380 coacto
810 1317 1085 1398 Senatu,
1121 1321 1561 1409 inchoataque
1583 1334 1607 1363 ²
1647 1329 2114 1412 allocutione,b
2157 1334 2517 1418 derepente

323 1416 512 1480 velut
555 1418 770 1502 impar
799 1420 1010 1488 dolori
1038 1429 1419 1508 congemuit
1450 1449 1478 1510 ς
1518 1437 1724 1515 utque
1771 1454 1901 1504 non
1951 1437 2171 1502 solum
2207 1458 2366 1517 voX,
2396 1442 2519 1508 sed

1242 1643 1602 1667 ΟΜΝ

319 1779 494 1832 Perit..
533 1789 590 1832 ct
634 1783 882 1835 videbatur
917 1788 1045 1852 Cop.
1131 1791 1354 1843 Codicell.
1409 1799 1629 1860 utroque
1674 1798 1787 1848 loco
1841 1800 1966 1852 Mss.
2003 1801 2326 1867 quidam—1
2362 1806 2517 1856 Sedu-

315 1852 442 1896 ceret
479 1848 638 1898 vind.
678 1854 724 1900 1.
787 1851 921 1902 Dein
943 1854 1104 1917 ,Livia
1139 1872 1256 1907 eune
1284 1872 1326 1906 c.
1362 1859 1463 1909 Ed.
1504 1862 1689 1925 Steph.
1755 1864 1818 1913 In
1854 1864 1957 1915 fine
1989 1882 2107 1931 cap.
2138 1884 2238 1917 rem
2272 1872 2448 1920 exulat
2485 1886 2517 1920 a

317 1912 439 1961 trib.
460 1912 606 1962 Torr.
643 1914 790 1965 Cort.
814 1924 870 1965 et
903 1919 1038 1969 Edd.
1078 1921 1323 1972 Rom—2
1356 1924 1516 1975 Vind.
1545 1932 1589 1974 1.
1626 1927 1861 1993 incoutaq.
1886 1936 1936 1981 2.
1973 1931 2241 1996 ιἠοοΙιαίαᾳ.
2280 1943 2338 1983 ut
2373 1936 2515 1987 alibi.

314 1977 443 2026 Mox
469 1976 631 2026 deleri
654 1979 801 2028 Torr.
815 1982 975 2044 jussit
998 1999 1148 2034 voces
1170 1989 1228 2035 ‹le
1251 1988 1534 2053 Republica,
1558 2007 1673 2055 quae
1696 2002 1810 2056 post
1825 1995 1960 2045 ulloc.
1995 2007 2180 2047 contra
2206 1999 2329 2049 Mss.
2349 2000 2516 2062 irrep·

314 2050 496 2090 serunt
517 2042 567 2092 iu
589 2042 723 2093 Edd.
746 2046 939 2095 Sabell.
964 2049 1106 2099 Med.
1133 2051 1281 2100 Cald.
1303 2052 1474 2103 Plant.
1490 2056 1612 2105 Seb.
1642 2057 1841 2122 Gryph.
1864 2068 1917 2110 et
1936 2061 2002 2110 al.
2024 2064 2082 2111 de
2105 2063 2227 2125 Rep.
2252 2066 2380 2113 velut
2401 2066 2515 2130 imp.

313 2107 449 2158 Ven.
475 2116 540 2157 tr.
563 2106 686 2160 Ant.
703 2110 904 2175 Gryph.
926 2113 1084 2178 derep.
1105 2114 1262 2180 impar
1283 2118 1457 2171 Periz.
1482 2121 1584 2172 Ed.
1608 2122 1756 2173 Rom.
1775 2127 2057 2190 sec-,derep.
2078 2127 2250 2193 impari
2276 2130 2524 2180 Harlem.v

1292 2299 1508 2351 NOTAE

313 2423 395 2470 50.
433 2424 488 2470 et
522 2416 656 2469 infra
675 2418 739 2470 ad
765 2434 883 2486 cap.
906 2427 989 2474 51.
1057 2425 1176 2477 H'oe
1220 2443 1371 2480 sensu
1453 2436 1847 2500 essent-‚quibus
1871 2435 1925 2485 id
1959 2435 2149 2486 nemini
2174 2436 2370 2492 liceret,
2392 2436 2526 2487 ideo

314 2504 463 2547 recte
508 2496 749 2548 definitur
807 2500 1091 2565 codicillus,
1133 2504 1370 2555 intestati
1450 2524 1517 2559 ne
1537 2511 1774 2576 sibiquid
1799 2513 1864 2562 ad
1887 2526 2131 2561 summam
2148 2513 2518 2562 auctoritatem

313 2575 571 2638 voluntas,
597 2574 679 2623 vel
702 2579 1003 2628 testamenti
1044 2582 1259 2646 sequela
1278 2583 1369 2632 mi-

314 2666 408 2701 nus
429 2651 672 2703 solennis.
692 2674 700 2681 ·
1228 2658 1231 2661 ’

234 2760 237 2761 ⁷
320 2771 327 2775 .
376 2735 404 2760 ¹
440 2729 640 2779 Factum
659 2745 779 2795 esse,
805 2735 926 2795 quod
957 2735 1256 2802 imperasset]
1290 2738 1371 2787 Ex

313 2819 457 2854 more
495 2804 729 2856 militaris
765 2806 1075 2874 disciplinae,
1099 2827 1201 2877 qua
1238 2813 1391 2862 Cen--

313 2881 544 2929 turiones
579 2883 662 2931 vel
696 2883 909 2933 Tribuni
943 2884 1254 2952 Imperatori
1289 2903 1370 2938 re-

312 2955 551 3005 nuntiare
575 2958 892 3008 tenebantur
915 2959 1075 3019 facta,
1093 2978 1207 3014 esse
1232 2979 1372 3014 man·
1424 2982 1427 2985 ·

313 3033 455 3090 data,
495 3033 572 3082 his
614 3033 740 3097 ipsis
781 3035 980 3086 verbis:
1022 3040 1038 3067 ⁴
1062 3040 1371 3108 Imperator,

311 3109 511 3159 factum
535 3111 671 3174 quod
709 3112 1012 3177 imperasti,'
1045 3125 1101 3167 ut
1124 3120 1370 3184 colligere

312 3193 394 3237 est
419 3200 482 3234 ex
504 3187 701 3246 Tacito,
726 3196 782 3238 et
801 3189 936 3239 infra
956 3192 1137 3245 Claud.
1159 3211 1274 3259 cap.
1290 3202 1371 3249 29.

377 3270 400 3305 5
436 3263 604 3325 Neque
637 3263 913 3328 imperasse]
957 3268 1150 3318 Eadem
1191 3271 1371 3322 iisdem

311 3336 478 3386 ferme
521 3337 692 3387 verbis
734 3341 906 3389 omnia
960 3340 1118 3392 refert
1159 3345 1371 3396 Tacitus

312 3415 590 3464 Annalium
613 3428 660 3464 1.-
675 3415 775 3465 nisi
796 3415 933 3480 quod
957 3417 1256 3470 Centurioni
1282 3421 1369 3470 tri·

313 3491 446 3554 buit,
465 3492 599 3557 quod
621 3494 895 3544 Suetonius
916 3495 1158 3548 Tribuno.

376 3577 398 3601 ²
431 3568 578 3631 Rem]
609 3570 911 3620 Torrentius
955 3573 1085 3622 hanc
1121 3570 1310 3625 vocem
1341 3591 1373 3626 a

313 3644 482 3695 tribus
506 3648 882 3711 exemplaribus
906 3650 1086 3700 abesse
1101 3658 1340 3702 testatur.

378 3729 403 3755 ⁸
433 3722 557 3770 Jure
597 3728 753 3772 uatem
796 3724 1064 3776 tribunicia·
1097 3729 1370 3794 potestatis]

310 3797 523 3848 Tacitus
561 3799 748 3855 Annal.
771 3815 810 3851 1.
848 3804 948 3853 ‘Et
983 3804 1250 3867 ambiguus
1279 3807 1372 3856 im·

313 3875 554 3939 perandi,
590 3890 656 3925 ne
695 3877 944 3942 edictum,
980 3894 1081 3944 quo
1116 3887 1291 3945 patres
1319 3883 1371 3931 in

312 3951 508 4001 curiam
541 3952 781 4014 vocabat,
811 3953 909 4003 nisi
939 3955 1251 4006 Tribuniciae
1281 3972 1370 4020 po·

313 4027 522 4087 testatis
541 4027 929 4092 praescriptione
944 4030 1133 4095 posuit,
1152 4033 1247 4082 sub
1261 4033 1374 4083 Au·-

315 4112 468 4168 gusto
487 4106 754 4168 acceptas!
820 4108 1020 4159 Gellius
1042 4112 1226 4165 l.,xtv.
1259 4117 1370 4164 c.⁷.

314 4182 870 4235 exVarroneTribunos
891 4186 1053 4248 plebis
1069 4192 1373 4239 annumerat

314 4258 396 4312 iis.
441 4258 622 4322 quibus
666 4261 982 4310 convocandi
1023 4263 1238 4313 Senatus
1283 4278 1374 4327 po·

317 4339 480 4387 testas
513 4341 668 4386 esset.
733 4337 862 4388 Cum
883 4352 1009 4389 vero
1031 4337 1373 4405 diesquidam

1451 2586 1675 2642 deesset,
1701 2586 1968 2651 Augustus
2004 2595 2223 2651 accepta
2254 2596 2513 2651 potestate

1437 2661 1747 2723 tribunicia,
1788 2663 1840 2712 id
1879 2664 2081 2728 quoque
2126 2664 2522 2714 concedendum<

1451 2737 1672 2796 curavit,
1716 2747 1775 2789 ut
1810 2742 2018 2805 quoties
2056 2741 2235 2796 vellet,
2269 2741 2524 2790 Senatum-

1450 2827 1644 2876 cogere
1682 2825 1875 2879 posset.
1951 2814 2152 2867 Auctor
2195 2822 2273 2867 est
2317 2818 2417 2867 Dio
2460 2819 2513 2868 in

1450 2891 1602 2941 Actis
1625 2893 1741 2941 anui
1763 2897 1881 2945 ⁷32.

1513 2967 1540 3002 ¹>
1572 2969 1888 3033 Auocutione]
1933 2971 2183 3021 Notauda
2218 2971 2358 3021 vocis
2396 2986 2513 3033 pro-

1453 3043 1666 3106 prietas.
1735 3048 1815 3096 Ex
1834 3047 2071 3097 Varrone
2094 3048 2186 3098 lib.
2208 3062 2284 3097 vr.
2305 3048 2369 3097 de
2393 3048 2519 3097 Liu-.

1451 3135 1552 3184 gua
1573 3122 1788 3172 Latina:
1823 3124 2149 3174 ‘Allocutum
2174 3124 2415 3173 mulieres
2440 3124 2515 3173 ire

1450 3198 1612 3261 aiunt,
1635 3214 1750 3249 cum
1774 3208 1910 3251 eunt-
1935 3200 2002 3250 ad
2033 3200 2253 3265 aliquam
2283 3202 2511 3251 locutum

1448 3276 1749 3325 consolandi
1793 3276 1996 3338 gratia)
2063 3277 2215 3341 Apud
2262 3278 2517 3329 Senecam

1449 3348 1501 3399 in
1541 3349 1741 3398 Troade
1776 3350 2021 3413 Ulysses:
2057 3350 2232 3400 ‘Alios
2270 3363 2514 3414 parentes

1452 3423 1641 3488 alloqui
1674 3424 1726 3471 in
1757 3424 1899 3473 luctu
1920 3423 2099 3490 decet,
2111 3425 2227 3474 Tibi
2254 3428 2518 3489 gratulans

1453 3497 1573 3546 dum
1629 3498 1745 3549 est!
1812 3499 1930 3555 Quo
1984 3502 2224 3564 exemplo
2277 3503 2513 3551 Muretus

1451 3574 1545 3624 lib.
1568 3589 1630 3624 ιι.
1663 3574 2007 3640 Antiquarum
2048 3577 2352 3627 Lectionum
2392 3592 2512 3642 cap.

1451 3656 1498 3702 4.
1522 3652 1649 3703 dicit
1673 3668 1727 3703 se
1751 3654 1951 3704 nescire
1970 3669 2033 3704 an
2056 3655 2248 3704 nullum
2275 3655 2325 3704 in
2350 3656 2513 3720 scrip·

1453 3730 1648 3779 toribus
1666 3729 1889 3794 antiquis
1904 3737 2053 3780 extet
2072 3731 2344 3782 illustrius·
2375 3732 2511 3781 Item

1454 3805 1689 3855 Catullus
1734 3806 1800 3854 ad
1845 3805 2176 3856 Cornificium
2226 3808 2379 3872 Epig.
2428 3812 2511 3858 39.

1451 3882 1664 3934 ‘Quem
1696 3888 1784 3936 tm
1827 3883 1963 3946 quod
2014 3883 2275 3933 minimum
2327 3882 2511 3934 facilli·

1451 3973 1688 4023 mumque
1724 3965 1823 4024 est,
1844 3961 1961 4014 Qua
1998 3960 2204 4011 solatus.
2230 3974 2289 4008 es
2320 3960 2514 4010 allocu-

1449 4035 1629 4085 tione.’
1693 4037 1779 4084 De
1803 4051 1901 4102 quo
1936 4042 1993 4085 et
2026 4036 2324 4086 Torrentius
2347 4037 2431 4088 bic
2455 4045 2510 4088 et

1453 4112 1518 4161 ad
1560 4111 1713 4161 Orien
1759 4116 1838 4162 13.
1881 4112 1971 4161 lib.
2012 4113 2177 4176 Epod.
2223 4122 2279 4164 et
2320 4115 2513 4165 Petrus

1451 4189 1717 4238 Victorius
1751 4189 1843 4240 lib.
1883 4203 2009 4239 vni.
2048 4189 2177 4242 Var.
2218 4193 2364 4242 Leet.
2394 4207 2510 4256 cap.

1452 4268 1533 4314 23.
1598 4266 1667 4314 Et
1688 4264 1934 4328 Virgilius
1955 4267 2051 4315 hac
2075 4280 2199 4317 voce
2220 4265 2386 4319 ferme
2407 4281 2510 4321 uon

1453 4341 1637 4406 utitur,
1658 4342 1759 4397 uisi
1779 4342 1833 4393 in
1854 4341 2043 4399 doloris
2063 4341 2282 4397 affectu..
