3019 4922
482 387 623 457 ‘236

491 547 760 634 singula
801 541 1060 611 lustra¹¹
1103 540 1437 625 collegam
1468 541 1599 606 sibi
1629 536 1999 624 cooptavit.
2086 534 2384 619 Recepit
2432 540 2500 602 et
2550 554 2693 601 mo-

492 674 635 720 rum
662 654 1015 734 legumque
1046 642 1366 731 regimeni
1412 665 1608 731 aeque
1639 647 2069 728 perpetuum:
2118 658 2256 723 quo
2277 638 2453 722 jure,
2480 657 2695 723 quan-

496 776 698 843 quam
728 755 876 819 sine
908 770 1209 818 censurae
1237 750 1509 827 honore,
1540 742 1844 812 censum¹¹
1873 753 2100 811 tamen
2124 742 2359 829 populi
2388 749 2506 820 ter.
2520 740 2692 824 egit:

493 859 782 941 primurn
814 875 896 921 ac
926 856 1194 920 tertium
1224 871 1379 917 curn
1408 845 1718 933 collega,¹
1751 847 2043 913 medium
2072 847 2282 912 solus.
2372 842 2543 929 [28]
2590 842 2699 908 De

493 959 832 1025 reddenda
855 956 1239 1042 Republica
1268 956 1375 1020 bis
1405 953 1759 1037 cogitavit:
1779 960 1821 988 ¹¹²
1849 952 2069 1036 primo
2099 956 2260 1034 post
2287 965 2696 1033 oppressum

495 1061 723 1129 statim
752 1062 1144 1140 Antonium,
1172 1079 1445 1139 memor,
1494 1058 1830 1143 objectum
1882 1056 1970 1121 ab
2025 1071 2106 1120 eo
2159 1054 2290 1119 sibi
2314 1060 2368 1090 ¹0
2410 1050 2697 1135 saepiuS,

496 1166 693 1249 quasi
720 1184 838 1249 per
857 1166 1081 1248 ipsum
1111 1168 1338 1241 staret,
1361 1181 1448 1226 ne
1474 1160 1899 1226 redderetur:
1943 1178 2026 1225 ac
2055 1176 2284 1223 rursus
2314 1154 2519 1221 taedio
2548 1151 2699 1217 diu-

493 1275 702 1332 turnae
755 1266 1188 1347 valetudinis3
1232 1285 1385 1331 curn
1435 1266 1658 1343 etiam,
1704 1262 2205 1347 magistratibus
2257 1280 2339 1326 ac
2387 1260 2646 1324 Senatu
2672 1262 2693 1292 ¹

495 1369 768 1435 domum
797 1370 1062 1448 accitis,
1094 1367 1615 1433 Rationarium¹¹
1658 1365 1920 1452 imperii
1947 1365 2241 1431 tradidit.
2328 1362 2465 1428 Sed
2504 1378 2698 1445 repu-

1348 400 1414 449 0.
1461 393 1825 448 SUETONII

1418 1527 1790 1553 echon-eecce&

497 1633 711 1683 Memm.
736 1638 791 1684 et
814 1633 923 1699 alii,
946 1634 1082 1699 quod
1106 1633 1310 1699 recepit
1333 1631 1472 1684 Oud.
1517 1633 1654 1683 Item
1674 1646 1873 1697 quorum
1883 1630 1999 1693 jure
2020 1630 2180 1682 vind.
2202 1632 2384 1682 2.—1o
2418 1624 2529 1676 Sibi
2548 1625 2700 1674 abest

493 1700 691 1749 Medic.
718 1704 767 1749 1.
833 1700 895 1749 In
931 1700 1140 1765 reliquis
1164 1699 1364 1749 duobus
1390 1707 1447 1749 et
1468 1700 1623 1749 Voss.
1644 1698 1738 1747 sibi
1760 1698 1819 1747 ab
1840 1702 2007 1748 eo.-l
2044 1697 2225 1746 Burm.
2255 1700 2311 1745 et
2333 1693 2472 1744 Oud.
2506 1687 2701 1755 praefe·

495 1770 617 1812 runt
650 1764 927 1815 lectionem
950 1766 1066 1818 cod.
1085 1766 1232 1816 Torr.
1267 1780 1293 1814 e
1324 1765 1527 1827 Senatu,
1549 1763 1687 1829 quod
1708 1763 1950 1827 praebent
1969 1762 2125 1812 etiam
2144 1762 2292 1812 Cort.
2314 1765 2371 1808 et
2391 1755 2529 1807 Edd.
2550 1756 2699 1804 Rom.

491 1827 558 1880 'In
582 1830 679 1883 Ed.
702 1829 738 1883 J
744 1831 865 1881 unk.
885 1836 965 1881 est
985 1831 1189 1882 senatui.
1258 1830 1392 1881 Tum
1420 1829 1786 1881 ratiocinarium'
1806 1829 1939 1894 Cop.
1973 1828 2121 1879 Cort.
2140 1831 2192 1878 2.
2258 1824 2427 1877 Paulo
2451 1829 2576 1872 ante
2596 1834 2703 1870 cum

1485 1995 1701 2049 NO'rAE

492 2093 667 2145 forent
680 2094 843 2159 magis
856 2093 1177 2147 inviolabiles
1192 2111 1207 2156 3
1225 2100 1562 2146 sacrosancta

495 2170 693 2235 quippe
733 2171 1054 2222 tribunorum
1090 2172 1259 2237 plebis
1294 2177 1559 2235 potestas3

493 2249 510 2277 ‘
531 2254 923 2300 sacrosanctum
941 2247 956 2271 '
991 2254 1165 2299 autem
1200 2248 1359 2297 Festo
1397 2253 1412 2276 ‘
1431 2246 1560 2298 dici·

495 2315 599 2383 tur,
623 2326 756 2390 quod
782 2326 1120 2390 jurejurando
1150 2325 1456 2390 interposito
1479 2330 1564 2374 est

492 2403 813 2469 institutum,
859 2405 904 2454 si
948 2404 1061 2471 quis
1102 2404 1154 2454 id
1198 2404 1457 2468 violasset,
1499 2410 1562 2453 ut

493 2487 663 2531 morte
686 2496 864 2545 poenas
887 2481 1161 2546 penderet.
1227 2480 1388 2545 Cujus
1403 2495 1560 2546 gene·

490 2558 564 2606 ris
586 2565 709 2608 sunt
745 2557 942 2608 tribuni
980 2557 1186 2622 plebis!
1251 2559 1560 2622 Exemplum

493 2636 605 2699 ejus
645 2644 888 2687 assumtae
924 2638 1196 2702 potestatis
1231 2637 1452 2701 primum
1477 2643 1562 2686 est

493 2725 527 2761 a
565 2710 725 2775 Julio,
758 2713 844 2763 cui
879 2712 1344 2763 Senatusconsulto
1381 2710 1561 2760 delata

491 2794 575 2837 est
613 2788 667 2836 in
703 2803 908 2840 omnem
939 2788 1124 2853 vitam,
1155 2797 1216 2840 ut
1252 2787 1418 2840 refert
1451 2789 1559 2838 Dio

489 2862 584 2914 lib.
626 2870 767 2916 1111.
801 2871 859 2916 et
894 2879 1050 2917 κων.
1121 2865 1258 2920 Quia
1296 2874 1473 2915 tamen
1496 2878 1560 2914 ea

491 2940 702 3003 publice
743 2945 940 3006 primus
985 2957 1106 2992 usus
1149 2948 1230 2992 est
1270 2940 1559 3006 Augustus,

493 3016 645 3080 eique
666 3017 1024 3080 praerogativis
1043 3016 1348 3082 quibusdam
1367 3015 1559 3067 additis

492 3093 820 3156 splendorem
844 3092 1063 3156 addidit,
1093 3093 1205 3155 ejus
1227 3099 1408 3142 auctor
1430 3091 1561 3142 dici-

495 3179 581 3219 tur
601 3169 802 3233 Tacito,
816 3168 1007 3220 Annal.
1029 3183 1115 3220 11¹.
1137 3176 1152 3198 ‘
1171 3169 1234 3219 Id
1254 3169 1436 3219 summi
1453 3168 1557 3219 fas-

492 3245 607 3311 tigii
630 3247 934 3297 vocabulum
964 3245 1230 3309 Augustus
1255 3244 1470 3310 reperit,
1492 3260 1559 3295 ne

493 3321 631 3387 regis
651 3329 742 3372 aut
760 3323 1033 3372 dictatoris
1051 3338 1234 3374 nomen
1254 3331 1558 3382 assumeret,

489 3399 589 3449 hae
615 3405 788 3448 tamen
813 3400 1160 3464 appellatione
1185 3401 1355 3466 aliqua
1378 3406 1558 3450 cetera

492 3475 562 3525 im
605 3477 716 3526 eria
769 3475 1102 3529 neminen-et?
1288 3492 1291 3493 ⁷

555 3490 798 3614 hpLustrgz]
817 3554 1055 3602 Lustrum
1073 3560 1153 3602 est
1166 3552 1390 3617 spatium
1408 3552 1557 3618 quin-

494 3642 596 3694 que
635 3643 918 3679 annorum:
954 3631 1051 3680 boe
1090 3630 1317 3680 instituit
1351 3628 1560 3679 Servius

491 3721 596 3756 una
640 3721 758 3756 cum
793 3721 972 3771 censu,
1018 3707 1113 3756 hoc
1151 3707 1287 3756 enim
1323 3711 1560 3770 peracto,

490 3782 814 3834 lustrabatur
829 3783 1028 3833 solenni
1044 3782 1300 3835 sacrificio
1321 3784 1561 3847 populus,

493 3860 661 3925 quiin
685 3875 866 3924 campo
889 3876 1005 3911 cum
1037 3862 1195 3912 armis
1234 3861 1416 3910 adesse
1446 3860 1561 3924 jus·

493 3951 580 3987 sus
604 3946 733 3988 erat.
776 3940 862 3988 De
880 3953 982 4003 quo
1009 3937 1186 3987 Livius
1200 3936 1290 3986 lib.
1309 3950 1347 3988 1.
1371 3944 1426 3985 et
1449 3936 1570 3986 Ha0

492 4011 678 4061 licam.
705 4012 795 4062 lib.
816 4026 893 4065 ιν.
906 4012 1043 4063 fuse.

556 4087 573 4122 ¹
589 4089 782 4140 Morum
795 4092 1039 4155 legumque
1051 4088 1284 4153 regimen,
1293 4088 1402 4154 ξω]
1419 4089 1562 4141 Hinc

494 4166 748 4217 Horatius
786 4167 1028 4231 Epistola
1056 4173 1104 4216 1.
1143 4167 1231 4218 lib.
1254 4182 1318 4218 11.
1349 4168 1414 4218 ad
1450 4168 1562 4217 Au·

493 4248 732 4307 gustumt
755 4241 772 4269 ‘
793 4241 922 4291 Cum
947 4249 1028 4292 tot
1049 4243 1305 4293 sustineas
1328 4259 1388 4294 ac
1411 4251 1562 4294 tanta

496 4319 711 4384 negotia
742 4317 898 4382 solus,
931 4317 1040 4370 Res
1063 4319 1224 4371 Italas
1243 4321 1396 4375 armis
1420 4328 1559 4372 tute-

1640 2095 1729 2156 ris,
1745 2092 1973 2144 moribus
1988 2103 2159 2154 ornes,
2174 2085 2403 2151 Legibus
2416 2080 2705 2144 emendes:

1639 2174 1740 2220 ὅτε.
1807 2169 1963 2222 Quod
2001 2181 2184 2218 munus
2221 2162 2432 2230 proprie
2466 2161 2701 2213 censoris

1640 2257 1772 2312 erat,
1806 2255 1866 2298 ut
1903 2246 2083 2297 Livius
2118 2243 2211 2294 lib.
2234 2255 2312 2294 iv.
2342 2240 2492 2304 cujus
2514 2251 2705 2289 nomen

1642 2338 1843 2376 sumere
1890 2322 1988 2372 sibi
2035 2321 2273 2370 noluerat
2310 2322 2368 2367 et
2404 2314 2598 2380 Julius,
2644 2321 2704 2364 ut

1638 2416 1797 2466 supra
1818 2400 1873 2450 in
1895 2400 2008 2464 ejus
2026 2398 2137 2447 vita
2155 2411 2204 2446 c.
2226 2398 2313 2444 ⁷6.

1705 2476 1729 2511 ¹¹
1765 2476 1989 2540 Gevrsum]
2024 2473 2163 2528 Quid
2187 2472 2269 2523 hic
2292 2475 2452 2532 esset,
2470 2482 2631 2532 supra
2649 2466 2703 2517 in

1638 2555 1781 2609 Julio
1795 2568 1843 2606 c.
1861 2557 1944 2603 41.
1967 2558 2023 2602 et
2042 2555 2125 2602 76.
2142 2553 2243 2600 &c.
2266 2547 2386 2598 Uno
2403 2561 2470 2596 ex
2493 2545 2596 2595 illis
2615 2558 2704 2594 na-

1641 2639 1725 2683 tus
1749 2636 1832 2680 est
1863 2627 2100 2678 Christus
2133 2625 2402 2687 Dominus,
2435 2628 2493 2672 ut
2525 2625 2706 2671 narrat

1639 2709 1706 2758 D.
1732 2709 1897 2758 Lucas
1920 2705 1973 2755 in
1995 2701 2281 2766 Evangelio
2298 2715 2346 2752 c.
2361 2713 2426 2752 11.
2441 2712 2520 2749 vs.
2536 2702 2588 2748 2.
2607 2696 2706 2748 cir-

1640 2801 1702 2836 ca
1723 2799 1912 2835 annum
1929 2783 1998 2836 U.
2018 2781 2080 2834 C.
2103 2784 2219 2830 ⁷52.
2686 2775 2692 2779 ’

1704 2861 1721 2897 ¹
1755 2859 1973 2923 Collega]
2014 2858 2134 2908 Duo
2159 2859 2312 2906 erant
2333 2863 2589 2906 censores,
2611 2845 2701 2898 sed

1640 2940 1692 2989 in
1716 2938 1933 2989 alterius
1960 2937 2154 2990 locum,
2176 2932 2221 2983 si
2240 2931 2376 2982 forte
2393 2932 2702 2980 moreretur,

1640 3017 1793 3066 alium
1814 3029 1917 3065 non
1940 3010 2287 3063 sufficiebant.

1702 3102 1741 3127 ¹¹¹
1774 3094 1869 3142 Bis
1892 3088 2145 3153 cogitavit]
2171 3087 2289 3136 Hoc
2312 3089 2413 3146 est,
2435 3080 2518 3132 bis
2541 3078 2704 3130 voluit
2743 3087 2752 3093 “

1638 3171 1747 3221 otio
1782 3185 1838 3220 se
1873 3167 2115 3229 reddere,
2150 3170 2207 3213 et
2245 3161 2398 3225 Reip.
2434 3172 2609 3208 curam
2642 3169 2704 3206 ac

1639 3246 2023 3298 solicitudinem
2066 3242 2350 3305 deponere,
2396 3243 2452 3286 et
2497 3233 2703 3299 quidem

1640 3325 1793 3387 serio,
1805 3336 1904 3371 non
1924 3319 2159 3370 simulate
2176 3333 2191 3379 3
2207 3314 2395 3378 saepius
2415 3311 2552 3361 enim
2571 3309 2705 3359 velle

1638 3417 1694 3452 se
1718 3390 1960 3465 reddere,
1976 3395 2195 3462 optavit,
2213 3399 2302 3441 aut
2320 3390 2488 3440 finxit.
2520 3388 2705 3438 Senec.

1635 3477 1704 3528 de
1727 3477 1989 3526 brevitate
2016 3473 2135 3523 vitae
2158 3486 2206 3521 c.
2225 3477 2275 3520 5.
2316 3468 2489 3531 Hujus
2503 3463 2708 3537 consilii

1639 3566 1903 3604 suasorem
1943 3549 2233 3615 Agrippam
2275 3541 2564 3594 Maecenati
2602 3539 2707 3590 dis·

1639 3629 1881 3680 suadenti
1919 3625 2234 3692 posthabuit,
2286 3627 2474 3683 suapte
2519 3623 2709 3666 natura

1639 3705 1937 3756 dominandi
1992 3699 2372 3765 cupidissimus,
2425 3699 2487 3744 ut
2541 3691 2708 3757 inquit

1642 3783 1942 3846 Eutropius.
2009 3777 2284 3827 Rationem
2308 3771 2581 3835 utriusque
2607 3769 2707 3819 Dio

1642 3858 1803 3910 refert
1822 3857 1915 3908 lib.
1939 3869 2058 3905 mn.
2084 3861 2140 3903 et
2162 3850 2315 3916 quod
2324 3849 2601 3899 Suetonius
2623 3845 2712 3895 hies

1639 3939 1656 3967 ⁶
1684 3933 2072 4000 Rempublicam
2118 3927 2339 3977 reddere
2355 3925 2372 3949 '
2419 3924 2571 3987 dicit,
2621 3922 2706 3970 ille

1640 4013 1823 4077 fusius,
1846 4010 2041 4075 populo
2062 4005 2338 4056 restituere
2362 4016 2524 4063 arma,
2545 4000 2709 4063 leges,

1640 4087 1953 4156 provincias,
1973 4082 2188 4145 reditus,
2209 4083 2307 4129 ὅτε.
2377 4079 2458 4128 De
2481 4076 2581 4125 hoc
2599 4074 2705 4124 Au·

1641 4165 1779 4229 gusti
1814 4161 2027 4213 consilio
2050 4152 2172 4208 vide
2206 4161 2263 4204 et
2294 4153 2479 4203 Senec.
2512 4149 2603 4200 lib.
2639 4149 2703 4197 de

1640 4242 1902 4294 brevitate
1922 4239 2067 4291 vitae.

1706 4327 1732 4352 ¹¹
1765 4311 2127 4376 Rationarium]
2184 4306 2399 4358 Librum
2437 4301 2705 4354 memoria·
