3019 4922
2439 390 2530 473 55

311 589 428 656 sed
472 593 492 624 ‘
514 585 725 655 Iulio
755 590 827 650 et
865 581 1183 649 Caesare.³
1230 577 1641 645 Consulibus
1664 574 1686 605 ²
1726 580 1954 641 actum
1986 571 2373 649 scriberent,
2415 571 2525 635 bis

318 692 607 759 eundem
654 692 1158 775 praeponentes,
1206 682 1474 749 nomine
1526 687 1730 765 atque
1778 677 2199 762 cognomine:
2265 683 2473 759 utque
2490 681 2524 723 4

325 797 520 880 vulgo
549 813 723 860 mox
747 792 1081 856 ferrentur
1101 787 1173 855 hi
1201 806 1482 853 versus:

408 896 861 965 Non-Bibulo
888 893 1249 977 quicquam
1266 897 1290 938 ⁵
1329 906 1564 974 nuper,
1596 885 1720 952 sed
1751 883 2022 951 Caesare
2049 881 2310 948 factum
2338 886 2481 949 est:

498 999 690 1066 Nam
719 997 971 1064 Bibulo
998 994 1141 1059 fieri
1169 991 1469 1059 Consule
1496 991 1595 1055 nil
1623 989 1920 1056 memini.

333 1105 667 1188 Campum
732 1095 1123 1177 Stellatem,⁶
1146 1098 1165 1134 ι
1222 1096 1590 1182 maJoribus
1618 1103 1644 1144 ⁷
1712 1078 2210 1167 consecratum,
2245 1104 2533 1171 xugrum-

322 1229 465 1293 que
515 1206 957 1289 Campanum,
1013 1201 1101 1267 ad
1148 1197 1457 1265 subsidia
1512 1195 1940 1282 Reipublicae
1989 1191 2386 1275 vectigalem
2429 1207 2535 1254 re-

331 1314 602 1390 lictum,
634 1308 871 1375 divisit
899 1314 1096 1375 extra
1137 1310 1425 1370 sortemu
1469 1301 1600 1367 ad⁸
1643 1298 1882 1384 viginti
1923 1296 2219 1362 millibus
2259 1293 2535 1370 civium,

334 1416 582 1501 quibus
614 1412 785 1479 terni
815 1412 1164 1498 pluresve⁹
1196 1406 1396 1474 liberi
1438 1411 1689 1476 essent.
1775 1401 2258 1477 Publicanos,'
2306 1397 2537 1463 remis-

1285 431 1583 484 sumus.

1262 1587 1628 1611 ”eom

334 1713 455 1767 Iaial.
475 1713 660 1779 cujac.
686 1710 952 1765 :metionis
969 1709 1157 1773 gratia:
1176 1709 1335 1758 Fouc.
1354 1721 1443 1770 per
1457 1706 1609 1755 locam
1625 1704 1837 1755 teste-8
1874 1695 2018 1747 Med.
2037 1700 2085 1747 l.
2109 1695 2303 1747 Caeme
2316 1697 2363 1747 el
2384 1691 2544 1754 dulia,
2649 1752 2660 1766 ἱ

336 1780 590 1843 probante
625 1778 763 1830 Oud.
812 1781 828 1805 ⁸
850 1776 1024 1825 Verba
1045 1790 1191 1844 seqq.
1229 1773 1303 1822 bis
1323 1788 1364 1822 e.
1386 1788 1435 1836 p.
1456 1786 1508 1820 n.
1529 1786 1580 1822 u.
1601 1784 1648 1820 c.
1678 1768 1823 1816 Torr.
1862 1763 2025 1813 edens
2051 1770 2234 1810 contra
2259 1759 2387 1808 Mss.
2425 1772 2537 1820 pro·

331 1850 572 1909 pomus,
612 1858 707 1907 pro
742 1841 1046 1892 adulterinis
1079 1840 1256 1904 habet,
1300 1837 1387 1903 qui
1426 1851 1541 1887 eam
1588 1831 1902 1887 sententiam
1946 1834 2210 1876 mutuasse
2255 1823 2461 1872 videtur
2505 1836 2538 1869 a

340 1911 531 1974 Lipsio,
554 1909 644 1974 qui
669 1909 807 1958 illam
841 1906 1060 1970 margini
1081 1906 1361 1958 allevent:
1402 1916 1466 1950 ue
1506 1915 1572 1951 ue
1602 1902 1860 1963 repugnat
1884 1890 2127 1947 Casa-ab:
2162 1890 2389 1941 oum—4
2428 1885 2539 1938 Uti-

334 1990 414 2037 que
431 1976 745 2024 Memm.—-5
770 1974 912 2023 Ferr.
932 1972 1202 2035 quidquam,
1224 1968 1469 2018 laudante
1546 1979 1649 2015 orr.
1681 1962 1905 2026 quiddam
1921 1957 2079 2007 vind.
2102 1959 2155 2005 2.
2188 1951 2537 2004 Con-Barth.

337 2041 484 2090 Voss.
507 2055 667 2102 marg.
687 2039 859 2088 Periz.
883 2038 1063 2099 Camp.
1083 2036 1218 2085 Ven.
1248 2038 1296 2085 l.
1331 2035 1483 2097 inque
1519 2037 1720 2081 textum
1744 2025 1949 2089 recepit
1974 2023 2252 2072 Burm.—6
2286 2016 2541 2066 Stenarum

338 2104 568 2159 Harlem.
588 2103 733 2154 Med.
755 2107 802 2154 1.
827 2102 984 2154 Fouc.
1005 2102 1187 2164 Camp.
1211 2099 1343 2153 ven.
1367 2101 1511 2147 1.-7
1547 2095 1634 2149 Ita
1655 2092 1809 2147 codd.
1834 2098 1887 2140 et
1914 2087 2047 2141 Edd.
2072 2086 2186 2139 fere
2206 2096 2381 2139 ornnes
2406 2096 2541 2146 pre·

339 2178 417 2220 ter
438 2170 627 2234 Stepb.
649 2184 764 2234 quae
787 2167 1208 2233 praepositionem
1231 2181 1263 2214 a
1283 2163 1395 2224 mqy'.
1420 2160 1741 2212 addidit.—8
1774 2157 1946 2219 Vulgo
1967 2169 2042 2203 ac.
2108 2147 2541 2217 Emendationem

339 2235 557 2286 Casanb.
579 2237 644 2286 ud
665 2234 925 2298 recipiunt
947 2233 1121 2282 Graev.
1153 2230 1382 2280 Gronov.
1406 2228 1561 2281 Grut.
1591 2222 1730 2277 Oud.
1754 2221 1891 2285 quod
1915 2221 2069 2269 etiarn
2092 2216 2303 2266 firmant
2324 2213 2538 2268 Memm.

338 2301 514 2365 Stepb.
538 2299 706 2365 Lngd.
776 2300 961 2349 Exulat
981 2296 1238 2361 particula
1272 2295 1337 2345 ab
1371 2308 1472 2348 uno
1492 2293 1645 2345 Torr.
1675 2304 1708 2345 a
1745 2288 1920 2337 Periz.
1951 2286 2070 2350 Lys.
2095 2283 2238 2335 Cort,
2259 2277 2359 2333 Ed.
2384 2277 2538 2330 Rom.

342 2365 601 2428 Andreae3
637 2365 970 2432 probantibus
1014 2363 1124 2428 ipso
1162 2362 1313 2411 Torr.
1346 2368 1404 2410 et
1439 2359 1655 2414 Ernest.
1702 2369 1759 2406 ac
1794 2352 1922 2405 XX.
1957 2349 2143 2401 milium
2180 2344 2363 2401 ciuibus
2384 2340 2542 2392 Vind-

1327 2504 1548 2564 1401·AE

340 2614 634 2681 ceptissima
671 2612 848 2675 lectio,
879 2625 964 2675 per
993 2609 1156 2673 jocum
1193 2607 1400 2659 testandi
1477 2602 1685 2668 copiam
1720 2612 1944 2670 annonae
1972 2589 2402 2661 promovendam:
2441 2602 2543 2652 qno

339 2687 620 2757 mtiaih·
1478 2694 1632 2731 sensu
1653 2678 1707 2728 in
1728 2677 1846 2742 lege
1868 2679 1917 2725 8.
1942 2670 2073 2724 Cod.
2094 2670 2162 2720 de
2185 2667 2333 2719 bonis
2356 2679 2546 2715 vacan-

401 2765 419 2799 ‘
441 2768 673 2831 Campum
693 2764 966 2836 Stellatem]
985 2763 1236 2829 Campum
1261 2762 1402 2815 inter
1481 2758 1620 2809 tibus
1657 2762 1712 2805 et
1740 2753 1807 2806 de
1845 2746 2285 2813 incorporatione,
2313 2742 2329 2771 ‘
2353 2743 2546 2797 nostris

1484 2830 1840 2888 consecranda
1854 2820 2192 2880 substantiis:
2211 2821 2265 2874 id
2285 2825 2383 2876 est,
2398 2815 2547 2872 addi-

1485 2910 1655 2966 cenda
1676 2908 1837 2964 fisco:
1869 2902 1954 2958 vel
1991 2898 2225 2963 intellige
2265 2894 2549 2950 secundum

1487 2994 1691 3054 partem
1716 2990 1919 3035 tantum
1942 2971 2080 3030 fo‘rte
2102 2980 2477 3026 consecratum.

341 2851 393 2896 et
408 2859 591 2912 agrum
601 2841 898 2898 differentia
909 2849 1018 2894 est:
1038 2855 1252 2910 campus
1265 2839 1405 2892 enim

341 2923 451 2989 agri
471 2936 613 2988 pars.
628 2936 731 2990 quo
752 2920 911 2972 etiarn
932 2934 1089 2972 sensu
1105 2919 1294 2972 Cicero
1316 2915 1408 2969 ad-

342 3016 521 3054 versus
561 3002 773 3055 Rullum
794 3015 808 3049 :
859 3005 875 3029 ⁸
899 3006 1058 3063 atque
1097 2998 1178 3049 his
1209 2997 1409 3048 colonis

341 3094 518 3151 agrurn
545 3080 865 3142 Campanum
887 3085 940 3127 et
959 3075 1232 3126 Stellatem
1257 3074 1408 3124 Cam-

344 3172 462 3221 pum
485 3155 649 3206 dividi
662 3154 866 3220 jubet3’
888 3153 1077 3203 Stellas
1099 3154 1236 3206 enim
1260 3152 1409 3202 Cam·

344 3247 437 3297 pus
461 3248 584 3298 pars
609 3240 693 3281 est
717 3230 830 3296 agri
850 3229 1126 3293 Campani,
1143 3229 1230 3293 qui
1251 3227 1408 3284 hodie

348 3311 494 3380 Terra
531 3310 585 3363 di
606 3309 824 3363 Lavoro:
857 3321 1064 3362 cansam
1090 3312 1285 3367 autern,
1315 3320 1408 3360 cur

338 3381 708 3444 consecratum
751 3386 893 3438 illum
931 3383 1075 3434 dicat
1108 3383 1412 3445 Suetonius,

338 3466 618 3516 obscuram
667 3462 843 3513 reddit
881 3461 1150 3511 Ciceronis
1187 3460 1410 3510 auctori-

337 3549 419 3592 tas
437 3559 453 3593 :
475 3542 594 3591 loco
611 3541 750 3590 enim
766 3552 918 3603 supra
938 3536 1168 3592 laudato,
1187 3536 1239 3585 in
1259 3550 1409 3600 agra·

337 3619 432 3668 riis
459 3618 711 3668 adversus
735 3614 961 3671 Rullum,
984 3613 1140 3677 illius,
1162 3621 1408 3677 tanquam

340 3696 410 3746 de
435 3709 624 3758 campo
656 3692 744 3759 qni
776 3700 902 3742 tnnc
934 3690 1184 3755 temporis
1214 3691 1411 3739 colere-

340 3780 454 3833 tur,
488 3769 806 3821 mentionem
834 3764 984 3830 facit‚
1017 3766 1141 3816 dum
1178 3765 1413 3829 appellat

336 3849 355 3876 ‘
379 3848 627 3899 borreum
656 3847 943 3912 regionum,
978 3843 1220 3894 solatium
1254 3857 1412 3892 anno·

347 3924 475 3986 nte:
515 3926 613 3973 sec.
674 3937 792 3972 cum
836 3928 1011 3971 tamen
1054 3927 1414 3971 consecratum

350 4013 537 4061 agrum
559 3997 658 4048 coli
679 4012 781 4048 non
801 3997 1012 4047 licuisse
1035 4003 1262 4048 constet.
1303 3997 1412 4046 Un-

358 4071 434 4121 de
455 4079 770 4135 sequeretur,
794 4087 897 4122 non
927 4072 1149 4140 primum
1173 4071 1414 4122 violatam

370 4159 404 4193 a
424 4146 627 4196 Caesare
653 4147 784 4197 illius
806 4148 915 4211 agri
938 4147 1258 4211 religionem.
1322 4148 1414 4196 Vi·

381 4220 533 4270 detur
554 4234 672 4284 ergo
701 4237 820 4284 ager
851 4230 1188 4274 consecratus
1208 4224 1292 4275 hic
1315 4224 1416 4274 alio

394 4307 539 4343 sensu
553 4294 915 4362 intelligendus,
931 4314 1025 4364 pro
1038 4313 1103 4349 eo
1120 4314 1308 4366 nempe
1329 4301 1418 4365 qni

404 4381 436 4415 a
462 4368 710 4432 majoribus
740 4382 876 4426 esset
907 4374 1061 4441 Reip.
1085 4375 1323 4429 addictus
1350 4377 1437 4427 ad'

1552 3073 1577 3102 ⁰
1611 3065 1775 3114 Extra
1812 3056 2009 3121 sonem]
2042 3055 2129 3106 Sic
2168 3054 2551 3117 interpretare:

1489 3143 1680 3197 Divisit
1691 3138 1915 3191 millibus
1931 3136 2119 3186 civium
2139 3132 2203 3182 ad
2218 3130 2424 3198 viginti,
2437 3131 2488 3179 h·
2504 3144 2553 3180 e.

1485 3223 1715 3279 circiter.
1768 3218 1966 3269 Sensus
1979 3218 2080 3276 est,
2095 3210 2278 3278 viginti
2302 3207 2464 3262 millia
2480 3208 2554 3261 ci-

1487 3302 1627 3354 vium
1650 3295 1863 3352 circiter
1886 3294 1939 3342 in
1965 3291 2064 3342 bac
2089 3288 2200 3354 agri
2223 3286 2473 3352 Campani
2500 3293 2557 3338 et

1486 3377 1722 3434 Stellatis
1756 3371 1943 3436 Campi
1979 3366 2327 3432 assignatione
2366 3363 2555 3429 praela-

1489 3465 1571 3507 tos
1596 3470 1626 3504 a
1643 3455 1873 3513 Caesare,
1898 3455 1953 3499 et
1976 3448 2170 3510 absque
2192 3452 2334 3492 sorte
2359 3441 2411 3497 in
2437 3454 2554 3504 par-

1489 3541 1600 3584 tem
1634 3535 1862 3579 vocatos.
1928 3524 2103 3585 Vulgo
2127 3519 2282 3581 enim,
2304 3517 2348 3566 si
2380 3516 2555 3580 plures

1491 3609 1575 3658 vel
1613 3605 1901 3670 pauciores,
1936 3613 2086 3665 quam
2121 3598 2241 3661 lege
2279 3592 2557 3658 praescrip·

1492 3692 1603 3735 tum
1637 3687 1776 3742 erat,
1809 3675 2019 3727 nomina
2055 3674 2105 3723 in
2147 3670 2398 3721 coloniam
2437 3681 2556 3734 pro-g

1492 3759 1614 3811 fessi
1633 3757 1872 3817 fuissent,
1897 3761 2021 3801 tnnc
2053 3749 2118 3798 ad
2155 3752 2350 3796 sortem
2374 3743 2557 3794 confu-

1495 3836 1726 3902 giebant,
1751 3839 1812 3881 ut
1846 3844 1912 3879 ex
1946 3824 2181 3877 omnibus
2216 3822 2559 3873 educerentur

1495 3914 1584 3980 qui
1607 3924 1782 3976 agrum
1804 3906 2123 3970 acciperent.

1558 3999 1585 4025 Ψ
1600 3990 1783 4050 Quibus
1800 3985 1924 4037 terni
1934 3979 2176 4049 pluresve]
2192 3979 2405 4044 Antiqui
2424 3993 2558 4043 prae-

1494 4068 1612 4118 ruiis
1634 4074 1690 4117 et
1710 4062 1990 4115 honoribus
2014 4059 2188 4110 miultis
2207 4055 2560 4108 invitabantur

1496 4144 1563 4193 ad
1584 4140 1915 4193 matrimonia
1934 4133 2404 4201 frequentanda‚ut
2426 4130 2562 4181 infra

1494 4221 1549 4269 in
1572 4219 1712 4285 Aug.
1735 4232 1854 4283 cap.
1876 4219 1959 4266 34.
1982 4220 2036 4263 et
2059 4216 2140 4263 44.
2258 4277 2264 4282 ἠ

1561 4305 1594 4331 ”
1613 4293 1923 4356 Publicanos]
1948 4292 2143 4341 Notum
2162 4292 2244 4336 est
2262 4283 2420 4336 fnisse
2442 4298 2561 4332 vec-

1500 4375 1733 4442 tigalium
1746 4372 2089 4439 conductores
2104 4362 2191 4428 qui
2203 4359 2400 4412 ordinis
2412 4363 2561 4409 erant
