3019 4922
1152 430 1552 481 oc‘rAvms.
2323 416 2453 483 371

262 572 406 657 ejus
437 572 757 658 Dionysii
797 577 868 637 et
898 571 1291 652 Nicanori8‚
1336 574 1839 640 contubernium
1859 574 1909 642 :⁸
1951 594 2085 640 non
2128 580 2352 643 tamen
2383 585 2457 642 ut

267 680 380 739 aut
407 675 785 758 loqueretur
811 675 1159 758 expedite,
1208 683 1323 740 aut
1372 686 1814 762 componere⁹
1865 679 2113 762 aliquid
2162 679 2459 745 auderet.

266 777 447 844 Nam
480 784 572 855 et,
602 778 661 842 si
694 778 857 861 quid
884 798 990 842 res
1020 775 1361 862 exigeret,l
1405 779 1648 845 Latine
1667 780 2018 857 formabat,
2047 781 2459 845 vertendum-

265 902 395 964 que
445 880 564 949 alii
596 881 825 946 dabat.
914 880 1046 945 Sed
1094 883 1291 964 plane
1335 881 1724 966 poematum
1756 904 2031 968 quoque
2076 903 2209 947 non
2253 883 2461 966 impe·

263 985 457 1063 ritus,
486 984 954 1051 delectabatur
981 985 1186 1050 etiam
1210 970 1545 1053 comoedia
1578 987 1811 1064 veteri,
1843 994 1911 1052 et
1940 1005 2129 1070 saepe
2158 1004 2306 1049 eam
2339 1004 2461 1048 ex-

265 1088 477 1153 hibuit
534 1088 831 1171 publicis
888 1088 1321 1171 spectaculis.
1347 1097 1399 1127 ¹0
1514 1090 1597 1154 In
1658 1090 2047 1156 evolvendis
2109 1089 2459 1170 utriusque

264 1190 513 1272 linguae
544 1191 929 1256 auctoribus
980 1190 1146 1255 nibil
1194 1212 1392 1276 aeque
1422 1194 1851 1271 sectabatur,¹
1883 1213 2084 1278 quam
2113 1200 2463 1276 praecepta

268 1298 336 1358 et
364 1295 675 1376 exempla
720 1294 993 1377 publice
1036 1295 1144 1358 vel
1191 1296 1505 1378 privatim
1550 1294 1884 1360 salubria:
1929 1315 2145 1378 eaque
2192 1295 2279 1359 ad
2322 1313 2462 1358 ver-

271 1397 431 1459 bum
454 1402 796 1479 excerpta,
831 1402 950 1461 aut
980 1397 1066 1462 ad
1101 1396 1534 1473 domesticoS‚
1568 1403 1683 1462 aut
1710 1399 1834 1462 ad²
1878 1400 2281 1463 exercituum
2312 1414 2463 1479 pro-

270 1499 772 1583 vinciarumque
801 1507 1119 1579 rectores»,
1149 1507 1265 1567 aut
1294 1501 1379 1566 ad
1411 1502 1596 1567 urbis
1620 1501 2051 1584 magistratus
2076 1499 2471 1583 plerumque

273 1602 607 1678 mittebat,
639 1609 839 1684 prout
869 1606 1118 1687 quique
1145 1605 1504 1669 monitione
1528 1612 1548 1651 ²
1583 1603 1973 1686 indigerent.
2012 1601 2238 1665 Etiam
2254 1600 2466 1665 libros

276 1708 457 1768 totos
476 1710 548 1767 et
567 1704 846 1769 Senatui
870 1704 1203 1783 recitavit,
1224 1713 1292 1771 et
1316 1705 1574 1791 populo
1598 1712 1798 1770 notos
1819 1725 1936 1789 per
1959 1705 2252 1769 edictum
2278 1722 2469 1786 saepe

274 1806 475 1872 fecit:
523 1813 597 1870 ut
645 1807 987 1872 orationes
1046 1806 1135 1885 Q.
1188 1807 1570 1873 Metelli⁴¹¹²
1606 1812 1643 1882 ,‘
1668 1809 1751 1874 de
1796 1807 1981 1891 prole
2030 1802 2375 1889 augenda,’
2404 1811 2471 1870 et

279 1907 529 1985 Rutilii
549 1917 576 1944 ¹¹
608 1914 628 1943 ‘
650 1908 734 1973 de
766 1909 972 1975 modo
1003 1908 1503 1987 aedificiorum?
1525 1919 1551 1947 ⁰
1591 1930 1724 1995 quo
1757 1911 1973 1994 magis
2016 1906 2473 1994 persuaderet,

1200 2077 1464 2099 eeeoeeaeeo
1471 2078 1530 2098 00
1536 2077 1561 2097 0

278 2196 486 2253 dicendi,
510 2203 565 2246 et
586 2212 703 2245 mox
736 2195 828 2247 dat
856 2197 1015 2247 vind.
1038 2202 1083 2249 1.
1103 2199 1490 2249 adduxerat—8
1526 2199 1677 2250 Hane
1701 2200 1846 2249 leen-
1888 2211 2000 2246 uam
2040 2196 2249 2246 Salmas.
2273 2195 2470 2258 primun

280 2263 446 2324 dedit,
488 2263 655 2313 edidit
698 2263 913 2325 Baumg.
950 2271 1066 2326 pont
1104 2263 1267 2313 Gron.
1294 2264 1436 2315 Ond.
1469 2266 1597 2315 Ern.
1634 2264 1788 2315 Wolf.
1885 2273 1941 2313 tu
1971 2262 2125 2311 estin
2164 2260 2257 2310 Ed.
2293 2260 2474 2309 Burm.

282 2327 475 2378 Deinde
505 2332 555 2376 et
583 2342 656 2376 er.
678 2342 781 2378 var.
801 2343 828 2375 r
885 2329 917 2378 Ι.
951 2327 1160 2392 δ’ρΙιανί,
1185 2329 1299 2378 Arei
1325 2330 1449 2392 phil.
1467 2329 1741 2394 filiorumq.
1771 2327 1833 2390 qi.
1858 2329 1929 2378 D.
1958 2332 2007 2376 et
2034 2328 2094 2376 N.
2121 2324 2307 2375 contub.
2339 2324 2474 2373 iniit.

281 2392 382 2440 Sed
406 2390 600 2455 Sphoeri
621 2406 805 2441 nomen
866 2395 1050 2443 ebetur
1068 2394 1217 2443 Torr.
1233 2395 1460 2456 ingenio,
1485 2396 1756 2455 probatum
1775 2394 1931 2444 etium
1957 2393 2132 2442 Ursin.
2155 2397 2209 2438 et
2232 2390 2364 2439 aliis.
2384 2389 2478 2438 Gi·

282 2457 435 2521 pban.
458 2457 594 2521 conj.
618 2458 819 2517 legend.
853 2473 990 2521 cuper
1010 2458 1149 2509 Arei.
1216 2460 1346 2510 Mna.
1378 2469 1433 2510 et
1466 2459 1601 2510 Edd.
1626 2461 1770 2510 Vett.
1808 2466 2106 2509 constanter
2144 2454 2337 2505 babent
2360 2454 2511 2517 Spe·.

282 2522 427 2581 arrei,
468 2522 712 2585 Sper-arci,
743 2523 909 2587 Sper-ei
926 2523 1044 2587 plait.
1103 2525 1319 2574 Memm.
1355 2539 1463 2588 sper
1485 2524 1625 2575 Arei.
1691 2524 1928 2574 Malebat
1961 2521 2152 2571 Sabell.
2188 2519 2345 2569 Araei.
2414 2517 2477 2567 In

283 2586 415 2649 Cop.
443 2587 597 2636 verba
618 2588 803 2651 Sphaer.
830 2595 883 2637 et
907 2589 1025 2638 Arei
1044 2602 1145 2637 non
1169 2591 1427 2652 leguntur.
1496 2590 1717 2651 δράσι-ει·
1737 2588 1850 2637 Pal.
1878 2593 1923 2636 1.
1958 2589 2172 2650 speraret
2194 2584 2292 2633 Ed.
2314 2581 2477 2645 Lugd.

281 2654 417 2701 erud.
435 2658 484 2701 et
503 2667 605 2702 var.
629 2654 744 2715 νομί.
769 2652 1014 2715 Seperarei
1037 2653 1154 2718 Cuj.
1178 2656 1307 2703 Voc.
1340 2653 1457 2703 iniit
1478 2654 1615 2716 vulg.
1638 2661 1755 2717 post
1775 2651 1964 2702 contub.
1985 2649 2146 2699 addit.
2179 2662 2279 2698 non
2303 2662 2479 2711 agnos·

284 2725 412 2766 runt
435 2718 649 2767 Memm.
670 2718 795 2768 Lisi.
819 2718 964 2767 Pitb.
995 2719 1112 2768 Urs.
1136 2717 1334 2768 Medic.
1356 2723 1406 2768 2.
1434 2732 1464 2767 a
1486 2732 1555 2767 m.
1581 2732 1658 2780 pr.
1679 2718 1797 2781 Cuj.
1828 2724 1883 2767 et
1908 2715 2006 2766 Ed.
2025 2714 2210 2778 steph.
2233 2727 2346 2776 qnae
2371 2727 2481 2760 con·

287 2782 501 2831 taber-nio
529 2781 620 2831 dat
642 2798 758 2832 curn
784 2783 966 2833 iisdem
992 2783 1160 2833 Codd.
1182 2785 1302 2833 Urs.
1325 2791 1380 2833 et
1411 2783 1637 2833 easaub.
1669 2782 1864 2833 Medic.
1887 2785 1936 2830 2.
1961 2782 2113 2829 Voss.
2180 2778 2315 2828 Item
2340 2777 2481 2826 Oud-

284 2847 721 2962 ’ὂὲἒῗῗὛιἪὲ
760 2848 1325 2973 ”¹5'2222251’3'3?‘.¹’.·{“
1341 2856 1452 2963 ἱ.ἓῖ
1481 2847 1678 2962 ⁸¹⁵8AE
1680 2847 2318 2976 ⁶·1“⁶23²..‘321{2033'·.1223
2321 2839 2485 2954 ”2¹3³

287 2980 417 3024 -10
452 2978 578 3025 Eam
610 2978 846 3026 comoediis
887 2978 1016 3042 publ.
1056 2978 1214 3028 exhih.
1252 2980 1381 3042 Cop.
1417 2976 1617 3028 Medic.
1653 2983 1700 3026 1.
1736 2978 1890 3029 Huls.
1931 2976 2018 3041 qui
2061 2976 2217 3024 etiam
2253 2978 2301 3021 et
2341 2985 2483 3034 sepe.

286 3039 483 3089 Medic.
534 3045 582 3091 3.
638 3041 795 3091 Vind.
837 3046 887 3091 2.
955 3043 1103 3093 Voss.
1156 3043 1273 3108 Cuj.
1305 3049 1507 3108 spectac.
1564 3042 1787 3107 palm—1
1839 3040 2092 3105 Spectabat
2148 3051 2310 3099 marg.
2356 3033 2484 3084 Ant·

287 3105 494 3168 Gryph.
520 3108 809 3172 recipiente
833 3107 1010 3158 (ἂι-ων.
1046 3108 1097 3157 in
1141 3110 1238 3158 Ed.
1263 3122 1345 3172 pr.
1381 3109 1635 3172 probante
1659 3108 1839 3157 Burm.
1905 3107 2034 3156 Mox
2066 3103 2265 3167 exempl.
2289 3105 2339 3177 ef
2355 3115 2488 3163 γνω-

285 3176 411 3232 cept.
448 3171 620 3224 Periz.
643 3187 758 3223 cum
797 3172 932 3222 Edd.
957 3174 1156 3233 priscis.
1219 3174 1359 3224 Dein
1385 3179 1582 3238 excepta
1616 3173 1851 3223 Harlem.
1889 3171 2040 3221 Huls.
2065 3170 2237 3219 Pulm.
2259 3165 2413 3215 vind.
2437 3170 2486 3214 1.

290 3235 466 3284 Periz.
482 3250 513 3284 a
534 3251 602 3287 m.
627 3252 708 3301 pr.
726 3244 783 3286 et
806 3237 874 3285 al.
889 3237 1021 3289 Edd.
1044 3239 1229 3301 Camp.
1245 3240 1381 3288 Ven.
1400 3239 1705 3302 Grypb.—2
1737 3238 1816 3287 Aa
1838 3236 1985 3285 deest
2003 3235 2202 3285 Medic.
2226 3237 2271 3280 1.
2289 3236 2339 3280 3.
2357 3231 2489 3293 Cop.

290 3300 555 3350 exercitum
592 3302 642 3350 in
668 3301 919 3366 pluribus,
941 3303 1075 3366 quod
1113 3304 1290 3351 Burm.
1314 3305 1504 3366 placet.
1527 3301 1680 3350 Vind.
1699 3306 1750 3350 2.
1795 3300 1994 3361 praebet
2026 3303 2109 3347 aut
2130 3300 2196 3348 od
2228 3295 2490 3369 exercituin

289 3370 374 3414 aut
396 3366 460 3413 ad
478 3380 612 3428 prov.
634 3371 848 3416 ποι-3
882 3365 1126 3416 Admonuit.
1151 3367 1199 3415 in
1227 3382 1386 3431 marg.
1408 3367 1506 3416 Ed.
1528 3366 1675 3414 Tor-r.
1698 3365 1853 3425 indig.
1875 3379 1999 3412 mon.
2035 3361 2171 3411 Edd.
2197 3361 2342 3408 Rom.
2365 3360 2490 3431 indi-

289 3434 428 3488 geret
463 3432 717 3480 Faue—4
751 3430 853 3480 Aac
884 3437 1009 3480 orat.
1031 3431 1156 3480 Met.
1196 3432 1356 3481 Fouc.
1424 3432 1736 3480 Praenomen
1771 3428 1950 3477 exuiat
1990 3439 2194 3489 quoque
2231 3439 2260 3471 a
2292 3421 2488 3471 Medie.

295 3496 344 3541 1.
372 3497 420 3543 3.
452 3500 673 3559 utroque
695 3495 851 3544 vind.
888 3496 1020 3560 Cop.
1054 3496 1141 3561 qni
1184 3502 1236 3545 et
1277 3495 1455 3546 Rutili.
1523 3493 1586 3542 In
1626 3493 1781 3542 Huls.
1820 3492 2140 3552 orationesque
2180 3488 2307 3563 Met.
2344 3486 2490 3534 Cort.

296 3558 435 3611 Edd.
459 3560 639 3625 Camp.
658 3562 793 3611 Ven.
815 3564 860 3609 1.
897 3570 955 3611 et
981 3561 1050 3610 al.
1074 3576 1176 3625 qua
1208 3561 1334 3613 Met.
1401 3559 1537 3610 Dein
1560 3559 1745 3621 agenda
1784 3556 1905 3620 Cuj.
1933 3554 2105 3605 Rutuli
2138 3552 2332 3603 Medic.
2360 3554 2407 3599 1.
2441 3553 2490 3599 3.

293 3801 436 3850 varia
470 3802 674 3864 repletus
706 3802 758 3851 in
793 3801 911 3851 Arei
943 3802 1205 3866 philosophi
1222 3802 1360 3868 filio·
1441 3810 1549 3853 tum
1575 3802 1627 3851 in
1650 3802 1777 3851 Asia
1800 3807 1909 3851 tum
1932 3799 1983 3848 in
2008 3800 2236 3861 Europe.

296 3891 490 3940 rumque
510 3877 611 3938 ejus
631 3878 861 3943 Dionysii
892 3885 941 3927 et
974 3879 1235 3928 Nicanoris
1254 3894 1359 3930 con·
1503 3885 1542 3914 ¹¹¹
1577 3879 1638 3935 Q.
1663 3877 1875 3939 Metelli]
1926 3876 1981 3925 Is
2017 3873 2117 3923 fuit
2154 3884 2341 3923 censer
2363 3883 2497 3917 anno

297 3955 532 4005 tnbernio.
989 3973 994 3978 ·
1442 3954 1508 4004 U.
1533 3954 1591 4004 C.
1613 3957 1726 4002 623.
1751 3960 1871 4001 ante
1890 3951 2111 4001 natalem
2137 3946 2360 4012 Augusti
2381 3961 2498 3995 sex·

367 4030 384 4065 ¹
415 4032 514 4082 Res
552 4032 792 4096 exigeret]
837 4033 957 4083 Hoc
995 4040 1075 4083 est
1111 4033 1363 4099 siquando
1442 4031 1619 4093 aginta
1634 4029 1839 4078 circiter
1853 4035 1908 4077 et
1930 4034 2078 4093 octo:
2104 4025 2257 4073 enixe
2282 4024 2330 4071 in
2355 4020 2406 4069 id
2426 4022 2501 4069 in-

301 4109 399 4158 sibi
423 4109 614 4159 Graece
637 4109 909 4158 dicendum
930 4116 1084 4174 esset,
1104 4124 1151 4157 v.
1170 4124 1222 4173 g.
1243 4124 1363 4160 cum
1443 4105 1646 4162 cubuit,
1676 4112 1736 4153 ut
1768 4105 1960 4168 populo
2001 4101 2256 4153 connubia
2292 4113 2500 4163 persua·

304 4184 641 4235 Alexandriae
664 4185 838 4248 lingua
862 4185 1053 4236 Graeca
1081 4185 1369 4249 peroravit,
1444 4184 1612 4234 deret.
1644 4181 1852 4232 Videris
1877 4196 2034 4245 supra
2060 4195 2108 4231 c.
2132 4184 2215 4231 34.
2242 4184 2297 4229 et
2318 4177 2501 4241 Epito-

304 4269 366 4309 nt
389 4259 555 4310 refert
570 4261 670 4310 Dio
689 4260 777 4310 lib.
797 4274 868 4310 n.
887 4262 1158 4324 plurimum
1174 4260 1366 4325 quippe
1444 4274 1563 4311 men
1588 4258 1721 4308 Livii
1743 4257 1833 4308 lib.
1856 4272 1968 4309 ux.

307 4342 433 4387 mne
480 4335 728 4401 temporis
773 4337 979 4388 valebat
1020 4336 1133 4389 haec
1174 4337 1373 4401 lingua,
1511 4344 1542 4374 ²
1563 4334 1764 4400 Rutilii]
1787 4334 1891 4386 Hic
1907 4349 2022 4386 cum
2039 4333 2117 4384 M.
2135 4330 2330 4382 Manlio
2352 4327 2503 4378 Max·
