3019 4922
1196 429 1595 479 ocrAviuS.
2354 423 2473 488 291

286 575 401 641 sit:
434 575 754 638 ettamen
798 572 1151 637 nonnullas
1200 575 1641 644 commutavit
1688 560 2017 641 interdum
2044 575 2096 642 :¹
2145 586 2347 664 atque
2396 604 2482 648 ex

286 684 569 760 utroque
598 695 830 760 genere
859 677 1221 759 plerasque
1253 676 1506 761 saepius
1553 678 1742 744 adiit.
1839 679 2122 746 Urbium
2153 686 2485 767 quasdam

283 779 666 855 foederatas»,
713 779 833 843 sed
883 780 968 843 ad
1019 781 1342 844 exitium⁵
1387 780 1660 847 licentia
1703 785 2112 867 praecipites,
2173 787 2482 856 libertate

283 882 679 968 privavit:m
729 883 927 960 alias»,
974 891 1094 948 aut
1138 903 1270 948 aere
1319 884 1546 949 alieno
1591 885 1969 953 laborantes
2014 890 2310 967 levavit,⁶
2361 900 2483 957 aut

283 992 471 1049 terrae
520 990 709 1049 motu
753 987 1110 1052 subversas
1152 987 1372 1053 denuo
1403 989 1724 1067 condidit,
1757 998 1879 1055 aut
1905 992 2140 1059 merita
2169 1012 2324 1075 erga
2356 1014 2481 1077 po-

281 1089 514 1171 pulum
547 1087 972 1153 Romannm⁷
1027 1090 1416 1174 alleganteS,
1459 1092 1818 1160 Latinitate
1841 1101 1870 1129 ¹¹
1917 1094 2022 1157 vel
2052 1095 2324 1160 civitate
2358 1096 2480 1162 do-

276 1192 488 1256 navit.
577 1190 647 1256 N
651 1191 774 1256 ec⁸
825 1197 950 1273 est,
992 1198 1070 1258 ut
1112 1194 1371 1278 opinor,
1415 1196 1787 1279 provincia,
1818 1203 2110 1279 excepta
2139 1197 2479 1266 duntaxat
2519 1200 2531 1214 ⁶

277 1293 513 1359 Africa
542 1298 612 1358 et
633 1292 996 1373 Sardinia,⁹
1024 1315 1228 1381 quam
1251 1317 1382 1362 non
1403 1297 1659 1363 adierit.
1748 1298 1831 1364 In
1850 1299 1994 1378 has,
2013 1299 2241 1382 fugato
2261 1300 2473 1366 Sexto

180 1402 182 1408 ’
244 1486 248 1489 Α
280 1394 663 1481 Pompeio,⁰
705 1396 1007 1483 trajicere
1052 1417 1140 1463 ex
1170 1398 1405 1464 Sicilia
1435 1406 1870 1485 apparantem
1893 1402 2229 1466 ‘continuae
2257 1406 2328 1466 et
2354 1402 2477 1466 im-

278 1498 564 1565 modicae
625 1505 1067 1585 tempestates
1123 1501 1570 1583 inhibuerunt,
1632 1522 1761 1569 nec
1801 1523 1966 1569 mox
2022 1503 2300 1570 occasio
2359 1511 2477 1570 aut

1202 1701 1562 1723 Ommn

279 1847 487 1898 ciendas
505 1862 659 1898 voces
669 1847 876 1913 judicat
895 1849 1148 1901 Turn—5
1183 1851 1253 1901 Et
1273 1852 1392 1902 exit.
1415 1850 1574 1903 vind.
1595 1856 1641 1903 1.
1659 1853 1721 1901 ad
1740 1851 1924 1902 exitum
1946 1848 2045 1901 Ed.
2070 1851 2217 1900 Rom.
2234 1864 2315 1914 pr.
2336 1857 2395 1902 ut
2416 1861 2474 1904 et

277 1914 518 1963 alibi—6
544 1913 720 1963 Verba
741 1919 826 1964 aut
845 1930 930 1966 (εν.
947 1917 1011 1966 al.
1032 1917 1067 1965 l.
1090 1918 1123 1965 1.
1146 1913 1333 1967 desunt
1356 1917 1495 1967 Dun.
1517 1917 1631 1981 an.
1653 1918 1739 1983 qui
1763 1915 1949 1966 deinde
1970 1931 2025 1965 ac
2043 1920 2203 1976 terroe,
2218 1930 2331 1965 cum
2351 1917 2472 1970 Pin.

277 1977 471 2029 Medic.
493 1982 542 2027 2.
559 1978 704 2028 Voss.
730 1978 889 2030 Fouc.
953 1977 1102 2030 Idem
1142 1981 1301 2032 habet
1334 1983 1456 2032 alias
1491 1986 1765 2033 autem—'7
1797 1983 1936 2043 Erga
1970 1995 2068 2030 rem
2093 1981 2155 2029 Ρ.
2179 1980 2246 2029 R.
2295 1982 2470 2034 Periz.

277 2042 756 2170 aaronem
772 2044 1304 2161 navarat-..xa
1683 2043 2472 2162 ÷.·2‚=¹¹¹.÷2‚2¹⁶1÷3,22·.÷r⁹i21r

276 2174 422 2226 Junt.
447 2170 567 2222 Ald.
592 2170 722 2236 Arg.
743 2175 1078 2237 probantibus
1102 2127 1341 2226 inultis.p
1360 2174 1447 2226 Al.
1479 2192 1576 2226 non
1607 2182 1696 2234 est,
1736 2174 1866 2241 quod
1900 2182 2109 2225 servant
2130 2176 2256 2224 Var.
2276 2176 2467 2229 Pitisc.

277 2237 425 2287 ‘Haec
451 2237 716 2300 pertinent
733 2239 796 2288 ad
821 2240 1090 2302 superiora
1112 2242 1271 2291 verba
1288 2257 1302 2290 t
1319 2244 1713 2305 atque-..plerasq.
1731 2241 1999 2304 soep.adiit,
2016 2255 2117 2305 quo
2136 2246 2469 2305 transponen-

278 2304 353 2361 da,
364 2302 622 2367 judicavit
644 2303 798 2355 etiam
818 2301 984 2356 Minu:
1012 2307 1325 2371 Baumg.—9
1346 2307 1607 2366 Provincia
1628 2322 1772 2373 seqq.
1794 2305 1861 2357 ad
1883 2305 2079 2358 Sardin.
2097 2305 2292 2356 omittit
2311 2306 2471 2357 vind.

1258 2496 1480 2554 No‘rAE

279 2614 490 2679 duplicis
532 2616 737 2679 generis
768 2615 1144 2680 provinciarum
1167 2615 1326 2667 admi·
1408 2621 1493 2667 tas,
1522 2615 1717 2679 populo
1739 2616 1967 2680 Cyprum
2007 2584 2227 2663 insulam
2266 2618 2319 2662 et
2339 2613 2466 2664 Gal-

278 2691 600 2750 nistratores,
636 2707 729 2757 pro
750 2692 944 2756 duplici
979 2694 1204 2757 ipsarum
1238 2706 1326 2756 ge·
1405 2691 1528 2741 liam
1550 2691 1959 2753 Narbonensem,
1980 2696 2198 2752 recepta
2220 2688 2318 2738 sibi
2344 2689 2467 2738 Dal-

278 2782 396 2818 nere
419 2787 434 2831 3
469 2770 585 2819 aliae
611 2771 802 2834 quippe
826 2770 1060 2831 camaris,
1085 2769 1198 2819 aliae
1235 2783 1327 2832 po·

280 2844 383 2905 puli
431 2843 668 2909 fuerunt,
718 2849 780 2894 ut
823 2844 986 2895 refert
1010 2845 1197 2895 Strabo
1234 2844 1325 2897 lib.

276 2933 418 2971 xvir.
436 2927 491 2972 et
509 2929 656 2985 patet
673 2921 770 2971 hoc
796 2922 927 2972 loco.
968 2921 1190 2972 Caesaris
1212 2936 1329 2986 pro·

277 2998 474 3062 vinciae,
527 3014 642 3063 quae
697 3005 753 3049 et
803 2999 1121 3063 praesidiales
1172 2998 1329 3049 dicta

277 3083 408 3137 sunt,
428 3091 459 3126 a
496 3075 934 3139 procuratoribus,
957 3075 1326 3140 consularibus,

275 3152 629 3216 praetoriisque
652 3152 773 3201 viris
791 3152 1195 3204 administrataez
1231 3169 1324 3219 po-

274 3229 391 3290 pulo
414 3243 535 3278 vero
553 3243 682 3293 quas
706 3228 986 3294 reliquerat
1009 3230 1322 3294 provincias,

273 3304 524 3368 regebant
581 3305 792 3369 quidem
845 3307 1142 3356 consulares
1208 3306 1322 3364 viri,

273 3379 438 3432 functi
457 3382 661 3432 scilicet
680 3383 969 3447 consulatu,
990 3390 1046 3432 et
1068 3382 1324 3448 praetorii,

272 3465 501 3521 praetura
521 3447 729 3523 quoque
754 3456 958 3519 functi;
991 3459 1084 3509 sed
1118 3459 1175 3521 ii,
1211 3464 1324 3508 tum

272 3534 336 3583 ob
353 3535 619 3599 antiquum
634 3533 781 3597 Reip.
801 3549 1012 3591 morem,
1027 3541 1134 3584 tum
1155 3539 1214 3583 ut
1223 3534 1323 3582 dis-

271 3609 631 3672 tinguerentur
663 3625 692 3657 a
729 3610 948 3660 Caesaris
978 3611 1180 3674 legatis,
1203 3623 1324 3659 con-

273 3686 524 3739 sularibus
559 3685 781 3749 scilicet,
804 3693 859 3736 et
879 3686 1079 3736 nonnisi
1103 3698 1323 3749 procon-

272 3763 418 3818 sules,
438 3772 496 3812 et
519 3769 867 3826 propraetores
899 3762 1029 3817 dicti
1061 3762 1325 3825 reperiun-

275 3845 375 3900 tur,
395 3839 481 3888 alii
511 3840 671 3889 etiam
705 3838 1006 3902 quandoque
1030 3837 1190 3901 legati
1214 3837 1326 3886 Cae-

275 3916 417 3977 saris,
449 3927 546 3977 pro
575 3915 802 3972 consule,
825 3929 919 3978 pro
943 3921 1193 3979 praetore,
1225 3917 1326 3962 &c-

273 3988 333 4038 de
356 3989 543 4054 quibus
569 3989 668 4038 Dio
692 3989 783 4038 lib.
809 4002 934 4039 mu.
966 3999 1022 4039 et
1045 3988 1181 4038 idern
1199 3987 1325 4038 ibid.

275 4065 475 4122 Strabo,
494 4078 556 4113 ac
579 4056 766 4127 passim
786 4066 820 4117 J
828 4067 1162 4116 iureconsulti.

331 4139 347 4174 ¹
402 4142 722 4190 commutavit
785 4143 1047 4207 interdum]
1115 4142 1327 4192 Scilicet

277 4223 425 4278 prout
482 4231 608 4266 usus
665 4219 984 4280 postulabat,
1026 4224 1084 4268 ut
1127 4217 1327 4267 notavit

270 4294 488 4365 Strab03
523 4303 579 4346 et
603 4295 703 4346 Dio
729 4295 822 4346 lib.
841 4309 952 4347 mv.
979 4294 1145 4346 refert
1171 4294 1326 4345 tradi-

1406 2770 1585 2821 matia.
1648 2771 1729 2820 Ex
1753 2775 1975 2832 utroque
2000 2781 2189 2832 genere
2209 2766 2295 2816 hic
2315 2765 2466 2816 intel-

1409 2845 1516 2909 lige
1549 2843 1988 2910 proconsularium
2020 2849 2077 2892 et
2098 2841 2467 2904 consularium,

1409 2922 1518 2972 sive
1532 2922 1703 2987 potius
1720 2935 1927 2972 suarum
1952 2927 2007 2971 et
2028 2918 2231 2985 populi:
2250 2915 2469 2968 fuerunt

1408 2999 1544 3048 enim
1560 2998 1839 3063 praetorioe,
1862 3000 1959 3046 διο.
1983 2997 2119 3062 quod
2145 3000 2202 3045 et
2222 2995 2307 3044 alii
2327 3002 2469 3060 post-

1408 3075 1615 3124 modum
1639 3071 1830 3131 fecere,
1855 3073 1908 3122 in
1935 3072 2124 3122 Claud.
2147 3085 2194 3120 c.
2217 3075 2301 3121 25.

1470 3160 1507 3185 ¹¹¹
1529 3151 1776 3202 hiber-tae
1792 3149 2028 3215 privavit]
2064 3148 2141 3198 Ut
2163 3147 2471 3210 Cyzicenos,

1404 3228 1545 3294 quod
1584 3229 1725 3278 cives
1783 3230 2041 3278 Romanos
2095 3225 2254 3288 virgis
2304 3238 2469 3274 caesos

1403 3312 1697 3360 necassent,
1752 3310 1967 3353 auctore
2012 3302 2184 3351 Dione
2224 3300 2315 3350 lib.
2358 3314 2469 3350 mv-

1405 3380 1591 3445 quibus
1648 3386 1703 3429 et
1746 3379 1886 3428 illam
1940 3377 2194 3440 restituit,
2242 3377 2332 3426 lib.
2376 3389 2467 3426 Lv-

1405 3455 1543 3517 apud
1589 3452 1809 3504 eundem
1871 3460 2156 3518 auctorem,
2208 3452 2464 3511 Sidonios,

1404 3529 1606 3592 Tyrios,
1622 3531 1720 3577 &c.
1741 3528 1808 3577 ob
1850 3528 1989 3577 varia
2011 3527 2221 3576 delicta.
2290 3526 2465 3574 Terrae

1404 3610 1549 3653 motu
1583 3604 1778 3653 Tralles
1822 3603 1874 3652 in
1911 3602 2094 3665 Lydia,
2131 3609 2185 3650 et
2228 3601 2465 3665 plurimae

1406 3681 1525 3730 aliae
1549 3680 1789 3732 civitates
1804 3679 1856 3729 in
1872 3681 2048 3743 Cypro
2071 3677 2329 3727 subversae
2354 3675 2464 3726 fue-

1407 3765 1547 3807 runt.

1467 3843 1492 3868 ¹²
1529 3832 1821 3896 Latinitate]
1853 3832 1915 3881 In
1937 3831 2047 3882 Jul.
2082 3845 2130 3879 c.
2153 3834 2206 3878 8.

1469 3919 1492 3944 ⁰
1526 3913 1715 3973 Fugato
1757 3910 1903 3959 Sexto
1942 3905 2189 3969 Pompeio]
2231 3903 2319 3953 De
2364 3918 2465 3968 quo

1404 4000 1563 4053 supra
1586 4004 1703 4052 cap.
1724 3992 1773 4037 9.
1794 3995 1848 4036 et
1871 3987 1923 4034 in
1946 3985 1980 4036 J
1987 3985 2054 4033 ul·
2109 3983 2234 4032 Mox
2256 3981 2339 4030 hic
2370 3995 2464 4044 pro

1404 4074 1606 4131 postea,
1635 4071 1694 4114 ut
1719 4071 1773 4114 et
1795 4063 1979 4113 Cicero
2015 4069 2148 4110 orat.
2186 4066 2299 4123 post
2332 4058 2465 4107 redi·

1406 4150 1549 4192 tum:
1597 4140 1734 4192 ‘Qui
1778 4140 1831 4188 in
1866 4137 2161 4188 ulciscendo
2204 4135 2465 4186 remissior

1407 4219 1524 4283 fuit,
1545 4232 1662 4269 mox
1686 4222 1865 4282 aperte
1885 4212 2155 4266 laudatur.’
