3019 4922
1155 423 1159 428 ’
1238 456 1536 508 sumus.
2349 441 2474 524 161

297 587 685 671 dejicerent,
715 597 916 677 atque
938 602 1291 679 exceptum
1315 602 1747 687 trucidarent;
1782 613 1878 672 ‘au
1901 619 1953 648 ¹0
1983 613 2046 676 in
2081 615 2288 682 Sacra
2309 621 2475 700 via‚‘¹

294 692 401 756 vel
430 693 495 755 in
527 692 723 757 aditu
746 695 978 760 theatri
997 705 1019 732 Γ
1046 698 1486 782 adorirentur:
1535 715 1888 793 postquam
1916 713 2203 783 Senatus
2234 720 2472 789 Idibus

297 793 597 859 Martiis⁸
641 797 712 861 in‘
756 797 1065 883 Pompeii
1113 802 1417 868 Curiamt
1464 807 1729 874 edictus
1783 822 1911 892 est,
1954 816 2150 883 facile
2206 801 2474 908 tempus

293 906 354 962 et
379 899 602 963 locum
635 902 1085 982 praetulerunt.
1173 904 1335 987 [81.]
1382 908 1515 973 Sed
1547 910 1800 978 Caesari
1828 915 2050 984 futura
2081 923 2304 989 caedes
2334 930 2475 993 evi-

283 1000 603 1066 dentibus
652 1003 974 1087 prodigiis
1021 1005 1405 1075 denuntiata
1450 1020 1576 1078 est.
1664 1015 1934 1085 Paucos
1986 1031 2139 1089 aute
2184 1048 2474 1111 menseS,

294 1106 537 1168 cumin
569 1106 845 1171 colonia
873 1106 1108 1192 Capua
1154 1111 1419 1177 deducti
1463 1115 1607 1200 lege
1654 1118 1698 1183 J
1707 1119 1892 1184 ulia¹²
1928 1125 2151 1191 'coloni
2175 1137 2192 1166 ¹
2241 1132 2326 1195 ad
2357 1154 2477 1198 ex-

293 1208 643 1272 struendas
671 1209 872 1274 villas
917 1213 1219 1296 sepulcra
1249 1219 1706 1285 vetustissima
1736 1222 2137 1307 disjicerent‚
2168 1231 2367 1316 idque
2394 1255 2475 1300 eo

283 1309 665 1375 studiosius
695 1312 1007 1387 facerent,
1050 1317 1231 1399 quod
1275 1317 1688 1402 aliquantum
1711 1332 1735 1361 ²
1782 1329 2205 1402 vasculorum
2251 1337 2475 1418 operis

290 1412 545 1497 antiqui
573 1422 947 1482 scrutantes
969 1420 1382 1502 reperiebant
1405 1443 1423 1502 3
1468 1427 1698 1492 tabula
1724 1435 1911 1495 aenea
1942 1434 2010 1496 iu
2033 1445 2474 1519 monumento,

291 1514 355 1577 in
399 1536 539 1599 quo
584 1517 933 1585 dicebatur
975 1520 1227 1609 CapyS,
1290 1527 1591 1593 conditor
1636 1529 1948 1616 Capuae:
1992 1538 2334 1621 ,sepultum
2381 1542 2478 1606 in-

1204 1689 1353 1714 ‘OON
1357 1691 1566 1714 ΟΜΝ

293 1795 476 1849 Edd.J
483 1801 592 1846 unt.
617 1796 737 1848 Ald.
761 1800 881 1849 Seb.
904 1800 1239 1866 Gryph.—10
1262 1805 1342 1856 An
1365 1783 1514 1859 deest
1533 1811 1718 1875 Copes.
1741 1828 1800 1864 ac
1825 1817 2242 1878 praepositionem
2266 1821 2318 1868 in
2337 1827 2479 1871 utro-

293 1862 446 1925 bique
468 1860 745 1914 fastidiunt
780 1864 918 1914 Edd.
946 1866 1093 1919 Junt.
1127 1869 1250 1919 Ald.
1282 1870 1594 1938 suffragante
1626 1878 1800 1927 Burm.
1833 1881 2016 1930 aditum
2038 1882 2265 1932 Han-tem.
2330 1885 2477 1936 Infra

289 1928 444 1976 editus
479 1928 641 1977 vind.
673 1933 815 1978 1.--1
853 1931 1028 1982 Verba
1054 1934 1172 1997 Cap.
1199 1937 1247 1984 d.
1267 1936 1301 1984 l.
1324 1938 1378 1987 J.
1398 1955 1440 1988 c.
1464 1940 1678 1991 deerant
1700 1944 1874 2006 anac.
1900 1954 1956 1994 et
1982 1948 2106 1995 Exc.
2129 1950 2280 1999 Voss.
2347 1952 2479 2016 Μοις

289 1992 566 2043 dissicerent
599 1994 810 2044 Mamm.
844 1997 1031 2060 Copes.
1069 1999 1318 2057 dcv‘icerent
1353 2005 1485 2055 Ven.
1520 2013 1644 2063 tres,
1666 2008 1936 2070 disiecerint
1971 2011 2138 2060 Periz.
2163 2014 2477 2066 discinderent

289 2057 401 2105 cod.
422 2059 566 2106 Torr.
590 2059 839 2121 probante
865 2062 1119 2113 Bernecc.
1163 2064 1383 2117 Iuvertit
1408 2069 1547 2122 Oud.
1575 2088 1752 2122 vocum
1776 2073 2026 2138 ordinem,
2045 2079 2274 2127 scribens
2300 2090 2478 2131 aucto-

285 2121 443 2172 ritate
468 2123 663 2173 Medic.
687 2127 862 2181 trium,
887 2128 1156 2193 utriusque
1174 2130 1332 2179 Vind.
1357 2135 1499 2184 Cort.
1524 2143 1578 2186 et
1601 2138 1732 2188 Edd.
1755 2141 1900 2190 Rom.
1923 2146 2018 2190 vet.
2036 2157 2132 2205 sep.
2167 2144 2334 2193 Paulo
2353 2152 2476 2195 ante

289 2186 419 2237 Exc.
434 2188 587 2238 Voss.
611 2191 915 2240 destruendas
927 2195 1270 2244 vetustissimas
1283 2197 1382 2247 vill.
1402 2201 1698 2252 destinendus
1715 2204 1909 2254 Medic.
1925 2211 1975 2255 2.
1995 2209 2310 2259 extendendas
2324 2210 2477 2260 Viuc.

288 2250 625 2304 Bellatum—2
655 2255 1017 2319 Aliquantulum
1040 2260 1206 2311 Rbed.
1231 2266 1280 2312 2.
1343 2265 1473 2315 Τιιιιι
1496 2267 1621 2317 ceris
1649 2269 1859 2319 Memm.
1883 2286 1976 2335 pro
1997 2272 2166 2335 operis,
2189 2273 2324 2323 unde
2345 2275 2479 2339 conj.

1271 2408 1318 2458 N
1325 2410 1479 2463 01·AE

286 2504 453 2547 trema
495 2505 641 2561 parte
687 2501 985 2567 redderent,
1025 2505 1345 2572 alterutram,

289 2583 347 2626 ut
370 2576 531 2626 visum
556 2576 745 2643 fuerat,
775 2582 1044 2632 mittentes
1073 2583 1124 2632 in
1150 2585 1343 2636 cistam

288 2654 623 2716 propositam.
695 2657 994 2708 Notandum
1020 2673 1142 2708 vero
1165 2661 1345 2710 Tribu-

289 2735 453 2779 torum
479 2732 802 2782 comitiorum
840 2733 931 2799 (de
957 2737 1140 2799 quibus
1165 2752 1211 2786 c.
1238 2736 1344 2802 13.)

286 2818 573 2856 sermonem
595 2807 677 2858 bic
698 2823 829 2871 esse,
861 2825 926 2860 ue
962 2811 1145 2861 mirum
1171 2813 1341 2863 videa-

287 2890 366 2931 tur
389 2883 648 2933 Caesarem
688 2886 738 2934 in
774 2895 951 2949 ponte,
983 2904 1082 2938 nou
1122 2889 1173 2938 in
1202 2892 1343 2956 ovili,

1425 2513 1602 2575 populi
1626 2513 1932 2578 descripsit:
1968 2518 1984 2543 ‘
2002 2516 2122 2566 Sole
2148 2500 2317 2569 tamen
2339 2517 2479 2568 vino·

1424 2603 1522 2653 que
1538 2592 1730 2653 calent,
1745 2606 2006 2657 annosque
2023 2601 2318 2657 precantur,
2334 2595 2480 2647 Quot

1423 2668 1629 2716 sumunt
1652 2668 1884 2730 cyathos,
1918 2668 1982 2717 ad
2020 2683 2387 2734 numerumque
2407 2671 2481 2719 bi-

1423 2739 1570 2790 bunt.
1651 2741 1895 2792 Invenies
1938 2744 2060 2808 illic,
2106 2746 2193 2809 qui
2242 2747 2477 2796 Nestoris

1419 2816 1599 2866 ¹ebibat
1641 2833 1818 2882 annos,
1865 2819 1994 2871 Quae
2036 2820 2105 2869 sit
2149 2835 2244 2884 per
2288 2822 2476 2873 calices

1422 2891 1565 2943 facta
1584 2893 1780 2957 Sibylla
1802 2894 1954 2945 suos.’

285 2957 372 3008 ubi
398 2959 625 3009 tribunal
649 2962 801 3025 vulgo
826 2964 1129 3027 ponebatur,
1148 2968 1341 3017 consti-

286 3036 443 3096 tisse3
478 3037 564 3100 qui
589 3039 723 3086 enim
752 3040 863 3089 baec
884 3041 1108 3092 habebat
1131 3045 1343 3096 comitia

281 3112 648 3177 Magistratus,
692 3116 870 3166 cistam
915 3118 1028 3180 ipse
1089 3122 1343 3184 rogatoris

284 3188 400 3238 loco
440 3189 732 3254 deferebat,
769 3194 907 3258 quod
948 3197 998 3244 in
1040 3199 1344 3267 centuriatis

287 3265 366 3316 vel
389 3268 629 3331 curiatis,
654 3270 719 3319 de
752 3272 938 3336 quibus
973 3288 1092 3338 cap.
1126 3280 1206 3327 13.
1240 3292 1341 3328 non

287 3343 574 3394 obtinebat.

348 3428 372 3462 ‘¹
402 3421 555 3471 Sacra
575 3423 677 3487 uia]
715 3426 795 3474 De
820 3441 923 3490 qua
946 3442 1063 3491 cap.
1086 3434 1171 3480 46.

345 3504 365 3529 ¹
394 3498 614 3562 nentri]
638 3501 943 3566 Pompeiani
958 3521 973 3566 ς
990 3505 1062 3554 ibi
1080 3508 1217 3556 enim
1235 3508 1342 3561 ludi

286 3579 405 3625 func
443 3577 807 3641 agitabantur;
846 3595 948 3646 quo
985 3583 1052 3632 de
1090 3598 1249 3648 opere
1286 3586 1340 3635 in

285 3648 505 3714 August.
530 3667 647 3716 cap.
670 3658 752 3704 81.
918 3648 924 3654 ⁸

346 3736 365 3761 ⁸
388 3730 554 3780 Idibus
575 3732 801 3796 Martiis]
826 3735 980 3787 Hunc
1000 3737 1137 3787 diem
1156 3750 1341 3804 magna

284 3805 543 3856 hilaritate
583 3808 800 3859 Romani
841 3814 1229 3876 transigebant3
1259 3825 1341 3866 ut·

285 3888 405 3944 pote
439 3897 640 3934 sacrum
674 3884 839 3936 Annas
878 3888 1340 3955 Perenuoe,.quam

285 3957 500 4009 Didonis
521 3959 609 4009 atii
631 3974 877 4024 sororem,
904 3964 1103 4014 Lunam
1128 3966 1232 4029 alii,
1257 3967 1342 4016 alii

286 4034 505 4101 denique
550 4036 691 4086 aliud
734 4038 858 4102 quid
914 4054 1032 4090 esse
1075 4041 1338 4093 dicebant.

288 4110 611 4174 Largioribus
626 4113 762 4163 euim
784 4115 980 4177 poculis
997 4113 1359 4183 indulgentes,

285 4201 379 4249 pro
400 4203 622 4238 numero·
645 4191 947 4255 cyathorum
980 4204 1140 4243 annos
1164 4201 1341 4245 mutuo

1489 2971 1504 3003 ‘
1538 2971 1754 3035 Pompeii
1772 2971 1990 3035 Curium]
2025 2973 2086 3023 In
2109 2990 2210 3038 qua
2229 2974 2476 3025 Senatum

1424 3048 1596 3099 haberi
1617 3051 1771 3100 moris
1793 3059 1927 3111 erat,
1949 3051 2146 3115 quoties
2169 3053 2219 3101 in
2244 3053 2477 3116 ejusdem

1425 3125 1628 3176 theatro
1652 3126 1759 3176 ludi
1797 3135 1949 3183 erant
1985 3129 2229 3192 habendi,
2266 3136 2480 3180 testatur

1423 3200 1712 3266 Appianus,
1730 3201 1928 3255 factum
1951 3204 2049 3254 hoc
2067 3219 2326 3257 enarrans.
2372 3206 2478 3256 Cur

1422 3286 1594 3328 autem
1619 3279 1670 3327 in
1695 3293 1760 3328 ea
1779 3279 1998 3331 Senatus
2020 3280 2194 3333 baberi
2226 3282 2478 3346 potuerit,

1422 3352 1560 3418 Aug.
1584 3368 1703 3418 cap.
1728 3359 1808 3405 29.

1487 3439 1511 3463 ¹¹
1543 3432 1674 3493 Lege
1692 3433 1852 3496 dulia]
1885 3435 1971 3484 De
1993 3448 2093 3497 qua
2116 3448 2229 3497 cap·
2251 3438 2336 3487 20.

1486 3515 1508 3539 v
1544 3510 1719 3572 Capys,
1739 3509 1950 3559 conditor
1967 3510 2164 3572 Gapuae]
2184 3510 2363 3572 virgil.
2385 3511 2477 3561 lib.

1422 3599 1481 3635 x.
1505 3586 1522 3611 ‘
1538 3586 1607 3634 Et
1629 3586 1828 3649 Capys:
1851 3586 1970 3635 hinc
1991 3600 2176 3636 nomen
2199 3587 2476 3650 Campanae

1422 3660 1632 3711 ducitur
1654 3661 1806 3711 urbi.'
1869 3661 2043 3711 Livius
2081 3670 2246 3711 tamen
2281 3662 2476 3711 Samni-

1422 3737 1551 3787 tium
1574 3737 1709 3788 huuc
1732 3738 1916 3788 ducem
1939 3737 2096 3786 fuisse
2124 3736 2215 3786 lib.
2241 3751 2318 3786 ιν.
2356 3753 2476 3787 auc·

1422 3820 1505 3864 tor
1540 3821 1638 3863 est.
1704 3815 1936 3878 Capuam
1959 3813 2042 3863 alii
2065 3813 2254 3862 dictam
2279 3815 2474 3878 volunt,

1423 3889 1562 3954 quod
1587 3889 2036 3953 circumjectarum
2061 3895 2196 3939 es‘set
2214 3896 2372 3952 caput
2393 3905 2476 3939 ur-

1424 3966 1590 4015 bium:
1627 3966 1711 4013 alii
1748 3980 1780 4015 a
1813 3966 1916 4014 situ
1956 3965 2251 4029 campestri,
2286 3967 2350 4015 de
2375 3982 2476 4030 quo

1421 4044 1607 4093 Festus
1631 4042 1682 4090 in
1710 4055 1832 4091 voce
1863 4041 2163 4106 ‘Capuam’
2227 4043 2353 4106 Ejus
2386 4043 2475 4093 bo·

1422 4117 1508 4168 die
1546 4119 1707 4168 ruinae
1746 4118 1979 4173 visuntur
2019 4119 2219 4173 duobus
2261 4121 2477 4184 amplius

1422 4208 1658 4258 passuum
1697 4195 1919 4246 millibus
1950 4195 2145 4246 dissitae
2169 4212 2200 4246 a
2222 4211 2356 4246 nova
2377 4195 2478 4246 Ca·-

259 4262 383 4311 .sibi
421 4263 782 4326 precabantur.
851 4265 1069 4317 Ovidius
1098 4282 1182 4317 ιιι.
1219 4269 1344 4317 Fas·
1419 4285 1542 4333 pua.

286 4336 454 4387 torum
497 4339 563 4388 de
607 4338 697 4390 illo
734 4341 837 4404 die,
876 4343 964 4393 ubi
998 4343 1338 4399 festivitatem

420 4418 593 4484 Delph.
606 4426 654 4472 et
686 4421 801 4474 ναν.
822 4418 950 4475 Clas.
1031 4476 1033 4480 ,
1287 4426 1482 4477 Sueton-
2300 4426 2348 4475 L
