3019 4922
724 992 811 1069 c.
862 988 1266 1067 sumu-s
1296 988 1689 1069 CAESAR-
1734 956 2447 1071 oo‘rAleN-Us

1279 1230 1909 1311 AUGUSTUS.¹

1494 3184 1710 3236 NO'rAE

569 3300 594 3327 ⁸
629 3295 830 3345 Gentem
855 3295 1128 3359 Octaviam]
1160 3297 1306 3348 Gens
1338 3304 1393 3348 et
1414 3296 1562 3348 fami-

501 3371 592 3434 lia,
629 3385 918 3437 quanquam
967 3375 1257 3438 promiscue
1301 3375 1562 3425 interdum

505 3456 839 3513 usurpentur,
873 3459 1061 3503 exacte
1094 3461 1270 3505 tamen
1303 3455 1562 3521 loquenti·

505 3525 602 3575 bus
627 3541 690 3576 eo
716 3527 864 3582 modo
880 3527 1154 3592 differunt,
1186 3546 1286 3595 quo
1314 3536 1479 3600 totum
1503 3539 1561 3583 et

504 3617 640 3667 pars.
705 3604 811 3654 Une
832 3606 1014 3656 maisou
1029 3611 1076 3655 et
1100 3622 1175 3657 ses
1191 3607 1431 3665 bruches,

565 3679 590 3713 1’
629 3682 849 3748 Velitris]
898 3684 1180 3748 Reperitnr
1218 3700 1420 3751 quoqne
1457 3687 1563 3736 Ve-

506 3761 627 3809 litra
661 3761 712 3810 in
738 3762 1006 3826 singulari.
1062 3763 1374 3812 Volscorum
1412 3765 1562 3828 oppi-

503 3837 623 3885 dum
649 3845 749 3898 est,
774 3838 928 3887 hodie
962 3838 1146 3889 Velitri.
1211 3837 1294 3887 An
1318 3846 1374 3888 et
1396 3838 1561 3889 Oeta-

505 3915 616 3963 vins
627 3914 960 3978 Tuscuianus,
985 3915 1069 3965 ille
1086 3914 1352 3981 Tarquinii
1368 3916 1561 3978 Super·

506 3989 560 4037 bi
584 4003 763 4052 gener,
796 3990 863 4042 de
883 4006 986 4056 quo
1010 3992 1187 4042 Livius
1217 3991 1310 4042 lib.
1334 4006 1374 4043 ι.
1407 3992 1462 4042 in
1497 4007 1563 4042 ea

505 4065 572 4113 sit
611 4072 769 4128 gente
809 4068 1156 4130 reponendus,
1189 4083 1290 4119 non
1335 4067 1462 4118 satis
1499 4068 1561 4118 li·

505 4152 673 4207 quet3
729 4145 1032 4208 conjectura
1069 4154 1242 4197 tamen
1289 4162 1390 4197 non
1429 4147 1561 4197 levis

505 4226 607 4280 est,
633 4227 848 4282 propter
864 4221 1089 4284 Tusculi,
1117 4223 1201 4271 ubi
1241 4223 1323 4273 hie
1359 4224 1559 4274 habits·

502 4295 614 4356 bat,
642 4295 1058 4361 Velitras-umque
1092 4298 1351 4363 viciniam,
1378 4315 1440 4352 ac
1469 4315 1562 4350 no-

506 4371 656 4436 minis
681 4377 793 4422 toto
819 4371 966 4422 Latio
989 4373 1367 4425 celebritatem.

1704 3308 1728 3335 ⁰
1768 3300 1933 3366 Vicus]
1970 3299 2177 3363 Insigne
2198 3299 2455 3365 quoddam
2469 3298 2620 3362 hujus
2642 3298 2695 3348 in

1642 3391 1760 3427 suos
1783 3375 1940 3428 fuisse
1963 3375 2289 3440 beneficium,
2306 3374 2521 3441 conjicit
2543 3389 2611 3424 ex
2634 3389 2697 3425 eo

1641 3453 1992 3516 Casaubonus,
2027 3453 2162 3518 quod
2192 3452 2258 3502 de
2294 3451 2499 3501 nomine
2536 3451 2696 3501 aliou-

1602 3568 1607 3575 .
1630 3530 1720 3594 jus
1762 3531 1878 3580 ioco
1932 3544 2117 3579 nomen
2176 3529 2443 3593 imponere
2498 3526 2695 3578 heroici

1640 3606 1801 3658 fuerit
1833 3607 2041 3657 honoris
2068 3622 2085 3667 3
2117 3606 2251 3656 unde
2295 3620 2411 3655 cum
2445 3610 2546 3654 εἰπε
2571 3619 2697 3669 qno-

1645 3699 1743 3749 que
1772 3691 1827 3734 et
1865 3682 1971 3733 ludi
2008 3683 2083 3732 eis
2124 3683 2545 3737 decernerentur,
2575 3681 2695 3731 ideo

1639 3761 1763 3811 linio
1789 3760 1975 3825 phrasi,
2012 3767 2132 3809 ‘ara
2167 3758 2394 3808 Octavio
2425 3771 2695 3808 eonsecra-

1642 3838 1735 3900 ta‚’
1769 3853 1871 3889 non
1906 3837 2191 3888 necessario
2225 3836 2566 3900 supplendam
2588 3838 2696 3886 vult

1643 3914 2067 3982 praepositionem
2102 3913 2195 3972 ab,-
2228 3912 2367 3963 unde
2399 3912 2596 3978 accipit
2627 3912 2692 3963 de

1642 4008 1733 4043 ara
1769 3992 1869 4057 ipsi
1907 3992 2129 4042 Octavio
2169 3997 2492 4041 consecrata.
2572 3991 2694 4040 Tor-

1642 4068 1839 4120 rentius
1884 4083 2006 4118 vero
2043 4069 2119 4118 sic
2160 4068 2571 4130 interpretatur:
2608 4064 2692 4115 ‘id

1643 4155 1739 4211 est,
1761 4147 1854 4213 (ne
1872 4147 1986 4212 quis
2000 4145 2191 4209 erret,)
2209 4147 2276 4196 ab
2300 4144 2539 4197 Octavio.
2574 4146 2694 4194 Fre-

1640 4224 1803 4288 quens
1852 4223 2120 4288 Suetonio,
2170 4230 2231 4274 ut
2296 4221 2690 4287 prepositiones

1641 4300 1890 4350 omittat.'
