3019 4922
2367 411 2496 478 357

331 572 577 636 Verum
610 574 858 635 tantam
885 568 1322 633 infirmitatem
1343 587 1580 650 magna
1598 587 1759 632 cura
1788 568 2121 645 tuebatur,
2151 569 2453 652 inprimis
2469 577 2499 618 4

329 672 590 739 lavandi
648 667 965 736 raritate.‘¹
1051 670 1487 752 Ungebatur⁵
1537 670 1714 733 enim
1787 669 2062 752 saepiuS,
2107 676 2171 734 et
2217 672 2500 736 sudabat

329 775 413 840 ad
434 775 762 838 flammam
784 781 828 835 :⁸
858 772 1092 836 deinde
1112 771 1628 855 perfundebatur
1645 761 1904 853 egelida
1927 769 1948 806 f
1965 793 2160 854 aqua,
2178 773 2283 837 vel
2301 772 2328 811 ⁶
2357 774 2499 837 sole

327 876 531 939 multo
576 874 923 939 calefacta.
1009 873 1155 951 At‚⁷
1198 874 1462 958 quoties
1522 873 1867 938 nervorum‘
1916 893 2125 937 causa
2176 875 2500 937 marinis&

330 978 721 1060 Albulisque
766 974 1007 1040 calidis
1038 976 1347 1041 utendum
1394 982 1591 1054 esset,
1637 983 1991 1039 contentus
2038 976 2167 1040 hoc
2217 983 2384 1053 erat,
2429 981 2501 1040 ut

325 1079 612 1143 insidens
639 1080 859 1161 ligneo
906 1076 1133 1155 solio,h
1165 1078 1340 1162 quod
1377 1079 1521 1161 ipse
1562 1077 1936 1160 Hispanico
1980 1079 2183 1140 verbo
2207 1076 2231 1113 ⁸
2267 1081 2286 1109 ‘
2313 1077 2501 1140 dure-

1223 427 1617 476 OCTAVIUS.

1237 1240 1591 1266 emeeeeee

322 1362 352 1407 4
387 1357 447 1407 In
470 1358 618 1407 abest
639 1358 901 1408 aMemm.
922 1357 1114 1408 Medic.
1152 1364 1199 1408 8.
1220 1357 1426 1420 imprim.
1450 1355 1583 1405 Edd.
1617 1356 1904 1405 multae.—5
1948 1355 2159 1415 Ungueb.
2195 1363 2246 1404 et
2280 1362 2361 1405 aut
2393 1360 2498 1406 sud.

325 1424 449 1473 dant
484 1424 690 1472 Mamm.
732 1423 928 1473 Medic.
963 1429 1006 1473 1.
1038 1428 1086 1473 2.
1123 1424 1254 1488 Cop.
1290 1424 1436 1471 Voss.
1476 1427 1562 1470 aut
1585 1428 1731 1470 extat
1765 1422 1886 1469 item
1919 1421 1967 1468 in
2004 1421 2163 1469 Polit.
2198 1421 2342 1470 Cort.
2369 1422 2503 1470 Edd.

322 1488 451 1538 Bou.
466 1486 590 1549 Arg.
615 1487 729 1536 Ald.
752 1487 786 1538 J
793 1497 900 1538 unt.
926 1489 1105 1552 Steph.
1126 1501 1188 1537 ac
1212 1486 1460 1550 probabat
1477 1484 1666 1535 Scheff.
1715 1487 1778 1534 In
1800 1486 1921 1534 Pin.
1944 1490 2015 1547 ut,
2038 1486 2125 1533 sed
2150 1491 2196 1533 et
2217 1490 2320 1534 sud.
2357 1488 2503 1534 resti-

324 1561 469 1601 tuere
491 1554 639 1601 Torr.
665 1560 721 1601 et
743 1554 958 1603 Casaub.
981 1561 1038 1602 ut
1056 1563 1134 1601 est
1158 1554 1207 1600 in
1228 1551 1421 1601 Medic.
1440 1554 1489 1598 3.
1511 1551 1625 1612 Cuj.
1647 1564 1762 1598 nam
1783 1552 1933 1612 vulgo
1952 1559 2007 1598 et
2032 1566 2061 1598 a
2080 1550 2229 1597 Vind.
2254 1556 2299 1598 1.
2335 1550 2507 1599 Periz.

321 1618 551 1666 Harlem.
578 1617 791 1679 aliisque
815 1618 1056 1667 exulabat
1080 1619 1278 1679 copula.
1313 1619 1419 1665 Pro
1435 1615 1561 1664 enim
1583 1616 1777 1665 Medic.
1798 1620 1844 1665 1.
1864 1629 1978 1664 curn
2003 1615 2132 1663 Edd.
2159 1615 2280 1662 Bas.
2304 1614 2502 1678 Grypli.

320 1682 493 1731 Plant.
514 1681 686 1730 etiam.-
709 1682 955 1732 omittunt
982 1682 1102 1739 Ara.
1129 1682 1346 1731 Διά-6
1385 1681 1469 1730 Vel
1491 1695 1588 1727 uon
1612 1687 1877 1741 comparet
1912 1680 1962 1727 in
1987 1679 2144 1728 Viml.
2169 1684 2217 1727 2.
2268 1680 2503 1743 Uterque

323 1760 443 1796 vero
464 1761 578 1796 cum
604 1746 799 1798 Medic.
822 1762 956 1796 omn.
982 1748 1140 1796 Polit.
1173 1748 1322 1795 Huls.
1355 1746 1484 1808 Cop.
1523 1746 1684 1794 Fouc.
1716 1745 1851 1793 Dun.
1892 1743 2005 1806 Cuj.
2041 1743 2237 1791 duobus
2271 1744 2415 1792 Torr.
2450 1751 2505 1793 et

319 1811 454 1859 Edd.
491 1811 620 1860 Bon.
650 1811 800 1862 Junt.
839 1812 1004 1875 Lugd.
1039 1812 1161 1861 Ald.
1197 1811 1324 1874 Arg.
1356 1809 1538 1872 Steph.
1576 1809 1811 1871 praebeut
1845 1810 2234 1871 tepefactam—⁷
2269 1808 2341 1855 Ac
2374 1813 2504 1870 quot.

321 1875 454 1923 Edd.
480 1876 626 1924 Rom.
673 1877 799 1925 Tum
825 1877 924 1939 legi
951 1878 1057 1924 vult
1078 1878 1223 1925 Torr.
1244 1875 1441 1924 marinis
1469 1873 1636 1923 calidis
1657 1874 1768 1923 Alb.
1819 1873 1881 1920 In
1906 1874 2059 1921 vind.
2085 1877 2133 1919 1.
2151 1872 2341 1922 Albulis
2361 1874 2513 1940 mari:

319 1939 502 2004 nisque,
536 1940 787 2004 probante
838 1942 977 1992 Oud.
1017 1942 1200 1992 Albulis
1235 1940 1455 2003 calidisq.
1501 1940 1674 1988 Periz.
1711 1938 1951 1988 Albulinis
1991 1936 2239 1987 fluia—8
2279 1936 2504 1985 Vocabalo

1303 2135 1348 2185 N
1359 2132 1518 2184 0¹1*AE

380 2246 404 2280 ¹¹
437 2247 654 2297 Levandi
674 2245 901 2312 raritate]
924 2249 1212 2298 Nervorum
1237 2249 1371 2298 enim
1451 2262 1603 2311 quam
1647 2246 1841 2297 calidas
1876 2245 2087 2307 intelligi
2121 2259 2288 2309 posse,
2325 2248 2508 2303 utpote

319 2322 576 2372 doloribus
629 2325 863 2374 balneum
919 2326 1116 2380 obesse,
1173 2332 1372 2373 veteres
1451 2326 1752 2389 sulphureas
1777 2326 1827 2373 in
1853 2339 1976 2387 agro
2011 2322 2302 2371 Tiburtino.
2368 2320 2509 2367 Mar·

319 2398 503 2447 medici
541 2400 826 2449 credidere.
892 2402 1042 2452 Quod
1079 2400 1196 2449 ideo
1228 2408 1372 2448 nota-

317 2475 391 2522 vit
413 2475 495 2524 hic
519 2477 813 2536 Suetonius,
840 2477 960 2541 quia
978 2491 1077 2524 non
1098 2477 1219 2526 alibi
1243 2474 1373 2525 diffi-

318 2549 466 2598 cilius
487 2553 742 2614 parebant
765 2553 977 2600 medicis
1002 2552 1202 2615 aegroti‚
1222 2566 1372 2614 quam

317 2626 570 2689 imperata
613 2628 906 2677 balneorum
944 2628 1278 2684 abstinentia,
1314 2635 1374 2676 ut

317 2712 464 2765 patet
506 2719 572 2752 ex
612 2718 674 2752 eo
715 2703 850 2768 quod
892 2704 957 2752 de
999 2704 1373 2766 intemperante

317 2779 403 2828 illo
440 2795 580 2843 aegro
617 2779 751 2829 dixit
789 2781 999 2829 Persius
1033 2781 1143 2828 Sat.
1175 2793 1260 2828 ιη.
1295 2795 1372 2827 vs.

315 2860 396 2904 98.
429 2855 722 2919 ‘Turgidus
761 2857 841 2906 hic
879 2858 1044 2920 epulis
1072 2863 1225 2919 atque
1254 2855 1371 2904 albo

316 2938 497 2979 ventre
522 2928 756 2979 lavatur.’

376 3011 400 3036 θ
433 3005 515 3053 Ad
524 3005 795 3068 flammam]
844 3005 1023 3054 Celsus
1048 3002 1136 3053 lib.
1162 3018 1226 3053 υ.
1250 3016 1369 3068 capi

315 3085 395 3131 17.
425 3082 574 3130 utilia
595 3082 704 3130 haec
739 3081 867 3129 dicit
901 3095 1012 3129 esse
1041 3080 1258 3130 sudandi
1282 3095 1368 3144 ge-

314 3173 458 3216 nera,
496 3160 696 3222 quoties
731 3158 913 3207 humor
946 3159 1084 3207 intus
1109 3166 1284 3219 nocet,
1306 3159 1368 3206 is·

314 3250 414 3299 que
447 3234 793 3298 detergendus
830 3243 924 3297 est,
969 3238 1064 3282 ‘ac
1100 3248 1367 3283 nervorum

315 3311 554 3376 quoque,’
587 3312 771 3374 iuquit,
813 3313 828 3339 ‘
854 3312 1083 3375 qnaedam
1127 3311 1252 3359 vitia
1293 3312 1369 3359 sic

315 3391 514 3452 optime
539 3388 820 3439 curantur?

379 3463 402 3495 f
435 3465 660 3526 Egelida]
714 3465 826 3515 Hoc
850 3470 929 3514 est
950 3471 1258 3527 temperata.
1297 3463 1370 3513 Ο-

312 3541 417 3590 vid.
444 3543 460 3568 ‘
479 3540 581 3588 Sed
607 3540 833 3602 gelidum
856 3542 1078 3603 Borean,
1097 3539 1373 3601 egelidum-

313 3629 416 3679 que
470 3614 702 3664 Notuin.’
780 3617 924 3664 Voce
983 3617 1079 3663 hac
1136 3629 1370 3677 persepe

314 3692 496 3739 Celsus
522 3690 684 3738 utitur
707 3690 792 3737 lib.
814 3690 1104 3751 praesertim
1128 3703 1205 3738 tv.
1229 3692 1369 3739 c.2‹1.

313 3768 400 3815 ubi
425 3767 536 3814 liaec
571 3767 678 3827 ipsa
709 3780 823 3828 quae
847 3774 1121 3814 narrantur
1144 3767 1244 3827 liic,
1265 3766 1374 3814 Au-

313 3851 465 3904 gusto
488 3841 620 3890 dicit
634 3841 924 3890 observata.
990 3842 1265 3890 Salmasius
1285 3856 1373 3889 ex-

312 3919 510 3967 istimat
556 3932 683 3966 voce
728 3917 1054 3980 ‘egelidum’
1100 3925 1374 3982 utrumque

314 3994 613 4057 significari,
653 4001 758 4041 tam
792 3993 1017 4056 gelidum
1057 4010 1205 4058 quain
1243 3996 1372 4058 tepi-

315 4071 458 4118 dum.

377 4152 402 4187 s
435 4142 675 4205 Marinis]
708 4144 1010 4192 Torrentius
1035 4143 1155 4205 legit
1174 4143 1375 4193 marinis

313 4222 501 4285 calidis,
533 4220 832 4282 Albulisque,
872 4235 934 4268 ne
967 4221 1103 4269 inani
1138 4222 1372 4284 epitheto
1428 4273 1433 4277 ,

315 4297 477 4348 fuerit
511 4312 668 4356 usus;
702 4298 897 4346 albulas
920 4298 1055 4346 enim
1077 4312 1179 4346 non
1221 4297 1373 4347 aliter

1453 2402 1561 2449 tial.
1586 2401 1672 2449 lib.
1697 2414 1735 2448 ι.
1760 2401 1913 2465 Epig.
1940 2404 2017 2448 is.
2052 2399 2066 2426 ‘
2086 2398 2200 2448 Itur
2217 2397 2279 2446 ad
2307 2396 2508 2444 Hercu-

1450 2478 1517 2526 lei
1541 2478 1733 2540 gelidas
1772 2493 1873 2542 qua
1908 2476 2109 2526 Tiburis
2146 2489 2311 2533 arceS,
2344 2473 2509 2521 Cana-

1451 2570 1551 2620 que
1585 2556 1874 2617 sulphureis
1915 2555 2100 2603 Albula
2141 2552 2305 2601 fumat
2336 2547 2510 2612 aquis.’

1452 2633 1521 2681 Et
1541 2632 1740 2681 Statius
1776 2632 1935 2694 Sylva
1960 2643 2048 2678 111.
2086 2629 2175 2678 lib.
2201 2633 2245 2677 1.
2289 2642 2402 2690 quae
2427 2632 2510 2674 est

1453 2709 1520 2758 de
1566 2709 1835 2758 Tiburtino
1876 2709 2078 2771 Manlii,
2116 2707 2265 2756 ‘Illic
2299 2705 2507 2767 sulphu-

1452 2798 1569 2832 reos
1613 2785 1756 2847 cupit
1801 2784 1990 2834 Albula
2034 2798 2266 2845 mergere
2310 2778 2513 2830 crines-⁹

1452 2861 1670 2909 Marinae
1694 2861 1809 2909 liuic
1846 2860 2022 2908 morbo
2060 2859 2339 2907 remedium
2362 2862 2512 2904 erant

1451 2937 1654 2999 calidae,
1679 2945 1736 2986 ut
1770 2943 1918 3000 patet
1943 2951 2007 2985 ex
2032 2936 2202 2984 Plinio
2232 2933 2320 2982 lib.
2345 2946 2511 2981 xxxi.

1451 3027 1500 3062 c.
1533 3018 1582 3062 6.
1619 3020 1672 3063 et
1713 3014 1896 3063 Celsus
1929 3012 2023 3062 lib.
2043 3025 2122 3060 ιν.
2148 3027 2196 3060 c.
2220 3014 2301 3059 24.
2330 3009 2512 3058 calidis

1451 3089 1695 3139 fomentis
1720 3106 1847 3154 opus
1871 3105 1982 3139 esse
2018 3090 2164 3152 dicit,
2200 3103 2316 3136 cum
2346 3095 2513 3134 tumor

1451 3166 1621 3216 nullus
1670 3175 1767 3229 est,
1801 3174 1855 3215 et
1898 3181 2077 3231 aquam
2119 3165 2365 3214 marinam
2406 3163 2512 3210 sive

1450 3244 1666 3291 mut-iarn
1723 3242 2047 3291 fervefacere
2104 3247 2361 3304 oportere,
2417 3241 2515 3286 διο.

1451 3320 1580 3368 Cum
1628 3327 1801 3368 tamen
1844 3320 2030 3368 Strabo
2071 3320 2161 3367 lib.
2203 3333 2258 3366 v.
2302 3315 2513 3378 frigidas

1453 3399 1632 3455 aperte
1662 3394 1804 3443 dicat
1827 3393 2061 3455 Albulas,
2085 3394 2353 3454 variosque
2377 3391 2511 3438 salu-

1454 3475 1593 3514 tares
1641 3467 1706 3516 ad
1747 3468 1972 3528 morbos,
2008 3476 2062 3516 et
2107 3469 2218 3530 ipse
2255 3465 2514 3514 Martialis

1454 3543 1640 3591 crudas
1663 3545 1896 3607 appellet
1921 3544 2119 3606 epig.‹1.
2142 3543 2231 3590 lib.
2249 3555 2325 3589 iv.
2349 3542 2365 3568 ‘
2386 3541 2514 3588 Cru-

1453 3619 1631 3667 darum
1677 3619 1879 3667 nebulae
1918 3619 2054 3682 quod
2100 3615 2422 3677 albuini-um:
2461 3623 2515 3664 et

1454 3696 1653 3743 Plinius
1677 3694 1815 3742 dicto
1839 3694 1968 3742 libro
2001 3697 2015 3722 ‘
2038 3694 2261 3757 egelidas
2285 3691 2317 3751 ;’
2342 3691 2515 3740 dicen·

1455 3771 1574 3820 dum
1602 3772 1822 3830 videtur,
1845 3786 1909 3818 ex
1924 3768 2311 3831 fontibus‚quos
2335 3782 2396 3816 eo
2416 3768 2515 3816 loci

1458 3849 1628 3909 plures
1653 3844 1829 3904 fuisse,
1853 3854 2032 3893 auctor
2061 3852 2142 3892 est
2167 3845 2301 3891 idem
2326 3843 2513 3891 Strabo

1454 3922 1578 3970 ibid.
1606 3923 1726 3969 alios
1745 3919 1980 3983 frigidos,
2022 3921 2148 3968 alios
2175 3935 2293 3967 vero
2318 3919 2513 3967 calidos

1455 3996 1634 4058 fuisse,
1684 3998 1765 4045 vel
1806 4012 1893 4044 eas
1937 3996 1999 4043 ab
2043 3993 2277 4058 Augusto
2320 4002 2513 4042 suintas

1456 4073 1556 4120 alio
1579 4087 1730 4136 quarn
1757 4085 1858 4134 quo
1873 4072 2274 4120 orirenturloco.
2341 4070 2515 4119 Hodie

1455 4147 1701 4196 dicuntur
1725 4147 1894 4207 Bagai
1912 4147 1963 4194 di
1991 4147 2159 4196 Tivoli.

1519 4222 1543 4255 ¹¹
1574 4223 1760 4284 Lignea
1781 4224 1920 4286 solio]
1971 4224 2161 4272 Solium
2187 4222 2311 4271 illud
2341 4223 2514 4269 balue-
2615 4262 2620 4267 ,

1456 4312 1547 4348 are
1583 4307 1685 4361 est,
1719 4299 1827 4348 sive
1862 4314 1950 4348 vas
1985 4294 2376 4352 balneatoriuin,
2412 4312 2513 4361 quo
