3019 4922
1182 423 1573 473 OCTAVIUS.

282 587 613 657 superque
644 589 717 635 se
746 570 1059 636 subsellio
1078 578 1105 606 ²
1147 570 1444 636 secundo
1485 569 1871 636 collocavit.

2340 406 2471 473 279

1961 568 2241 635 Solebat
2266 568 2472 635 etiam

281 673 492 740 citra⁶
546 674 1085 758 spectaculorum
1140 674 1304 752 dies,
1364 674 1425 738 si
1476 674 1747 759 quando
1800 672 1961 756 quid
2010 671 2424 737 invisitatum
2444 680 2470 721 ⁷

281 780 685 862 dignumque
718 778 987 859 cognitu
1020 777 1378 860 advectum
1408 783 1615 854 esset,
1662 777 1733 866 id
1763 781 1951 840 extra
1980 775 2273 840 ordinem
2305 794 2475 858 quo-

280 883 437 946 libet
469 882 627 945 loco
657 880 996 963 publicare
1023 879 1087 945 :¹²
1131 889 1205 945 ut
1258 882 1741 947 rhinocerotem
1764 879 1832 917 ⁸⁰
1876 877 2057 962 apud
2109 879 2343 960 Septa,
2393 878 2476 958 tie·

282 985 446 1065 grim
464 981 495 1019 ‘¹
542 983 614 1046 in
644 1002 874 1058 scena,
908 1003 1191 1066 anguem
1219 983 1705 1067 quinquaginta
1733 980 2146 1047 cubitorum⁶
2191 999 2314 1063 pro
2344 978 2475 1044 Co-

283 1077 495 1150 initio.

1197 1249 1407 1272 ‘omn

583 1083 859 1151 Accidit
890 1086 1135 1152 votivis
1171 1081 1654 1165 CircensibuS‚f
1692 1092 1766 1151 ut
1793 1089 2183 1168 correptus⁹
2221 1082 2474 1148 valetu-

1409 1250 1562 1270 00000

286 1350 645 1400 Erasmus.——6
681 1350 758 1399 lta
787 1366 863 1415 sp.
894 1351 1008 1416 Cuj.
1029 1353 1157 1401 circa
1173 1368 1244 1416 sp.
1267 1350 1529 1401 Fouc.—7
1564 1350 1649 1400 Ita
1671 1365 1735 1400 ex
1762 1347 1977 1399 Memm.
2010 1345 2273 1411 rescripsit
2294 1346 2474 1397 Graev.

285 1414 380 1464 Ed.
404 1429 483 1477 pr.
507 1429 660 1481 quem
682 1417 848 1465 secuti
874 1418 1052 1467 Burm.
1075 1418 1213 1468 Oud.
1236 1416 1399 1467 Wolf:
1415 1419 1632 1479 Baumg.
1700 1416 1874 1479 Vulgo
1894 1413 2287 1463 inusitatum—8
2322 1411 2475 1461 Εἰκο-

283 1485 516 1529 cei-cutem
538 1480 690 1529 vind.
717 1485 759 1529 l.
794 1483 937 1532 Cort.
970 1497 1176 1532 reuocer.
1211 1483 1342 1533 Edd.
1379 1483 1527 1531 Rom.
1593 1481 1727 1531 Tum
1760 1485 1912 1543 soepia
1946 1479 2097 1527 Vind.
2118 1483 2169 1528 2.
2198 1477 2314 1539 tigri

2305 1477 2347 1525 ‘n
2374 1477 2473 1528 Ed.

285 1545 416 1596 Bou.
438 1545 619 1611 tygrim
642 1547 784 1596 Cort.
805 1555 861 1597 et
884 1545 1015 1597 Edd.
1036 1548 1292 1613 quiedam,
1314 1554 1507 1612 tygram
1531 1547 1763 1597 νοω-9
1803 1546 1872 1594 Ue
1895 1549 1991 1594 vot.
2021 1544 2151 1595 Circ.
2172 1557 2295 1594 corr.
2316 1540 2473 1591 Vind.

1278 1695 1492 1747 No'rlE

288 1808 381 1856 dus
403 1807 604 1856 vinctus
626 1813 836 1858 centurn
861 1807 1031 1871 pondo
1045 1808 1139 1859 es.'
1206 1810 1334 1861 Qui-

287 1884 382 1934 bus
419 1884 628 1934 tertium
667 1885 957 1951 prodigium
1002 1887 1136 1937 adde
1160 1901 1337 1936 vocem

288 1961 425 2011 illam
448 1963 765 2011 immensam.

350 2045 375 2072 ⁸
405 2039 657 2103 Subsellio]
693 2041 878 2091 Plures
899 2041 1051 2091 erant
1068 2040 1118 2089 in
1136 2040 1340 2091 orches·

289 2122 367 2167 tra
421 2116 779 2166 subselliorum
833 2118 1055 2168 ordines.
1137 2116 1341 2168 Primus

290 2193 374 2257 qui
400 2193 554 2256 podio
587 2195 851 2257 proximus
886 2195 1175 2258 principum
1210 2201 1344 2258 erat,

291 2271 457 2335 ibique
477 2286 621 2322 suum
653 2271 931 2322 habebant.
949 2272 1260 2332 cubiculum,
1282 2281 1343 2323 ut

291 2348 341 2396 in
366 2348 492 2398 Ner.
526 2363 645 2411 cap.
672 2353 753 2398 12.
789 2357 843 2399 et
887 2350 941 2399 in
969 2350 1082 2401 Jul.
1109 2365 1224 2412 cap.
1256 2354 1340 2400 76.

291 2423 552 2474 Secundus
572 2424 700 2475 ordo
721 2425 989 2491 graduum,
1014 2426 1110 2476 hoc
1126 2433 1206 2476 est
1224 2426 1340 2476 sub-

291 2500 566 2563 selliorum,
617 2502 661 2550 si
704 2502 1060 2553 Casaubonum
1105 2518 1342 2569 sequare,

293 2576 509 2626 vacabat
553 2578 962 2642 magistratibus,
1014 2579 1057 2628 si
1114 2579 1342 2642 Lipsium

291 2653 495 2703 audias:
519 2669 643 2703 suus
662 2654 739 2703 bis
762 2671 967 2720 qnoque
986 2655 1130 2704 locus
1146 2664 1259 2704 erat
1276 2654 1340 2702 ad

291 2730 517 2794 podium,
545 2738 788 2795 suggestu
810 2747 900 2781 seu
931 2731 1190 2792 cubiculo,
1210 2729 1340 2778 dun·

293 2812 435 2855 taxat
457 2822 489 2855 a
513 2807 750 2869 principe
773 2806 1018 2857 distincti.
1083 2807 1217 2856 Utut
1240 2813 1340 2862 est,

291 2880 569 2931 secundnm
587 2881 714 2932 illud
729 2883 1048 2946 subsellium,
1069 2897 1187 2932 cum
1202 2889 1344 2937 esset

291 2957 546 3009 secundus
597 2959 742 3023 quasi
797 2959 1004 3023 gradus,
1054 2959 1341 3008 necessario

290 3049 443 3099 supra
468 3035 684 3098 primum
709 3045 843 3096 erat,
865 3044 1019 3101 atque
1059 3036 1191 3086 adeo
1215 3035 1340 3085 Par-

291 3112 490 3160 thorum
513 3112 720 3162 obsides
738 3128 893 3178 supra
915 3112 1205 3177 Augustum
1234 3113 1339 3162 col·

291 3187 464 3238 locati.
1334 3228 1337 3231 ¹

300 3314 305 3319 ,
352 3264 375 3299 ¹³
409 3265 683 3329 Publio-are]
713 3265 935 3315 Publice
971 3279 1256 3330 proponere
1286 3273 1346 3317 ut

291 3342 525 3392 omnibus
598 3341 995 3405 gratificaretur.
1101 3343 1347 3393 Notanda

205 3478 209 3482 ,
291 3433 445 3483 porro
500 3419 709 3468 videtur
749 3434 902 3483 qnam
960 3417 1215 3472 Schildius
1262 3418 1347 3468 hic

291 3494 535 3560 proponit
575 3495 879 3544 Salmasiani
924 3494 1120 3553 codicis
1169 3495 1346 3557 lectio,

290 3586 388 3635 pro
414 3572 698 3622 inusitatum
736 3571 1009 3621 scribentis
1030 3570 1347 3632 invisitatum,

289 3650 386 3711 hoc
426 3657 528 3706 est,
572 3663 673 3698 non
715 3648 875 3697 visum
915 3663 1077 3713 saepe,
1114 3653 1171 3696 ut
1210 3648 1346 3712 apud

291 3727 597 3777 Ciceronem
636 3725 702 3774 de
742 3724 1050 3790 Aruspicum
1086 3726 1348 3789 responsis

291 3809 373 3855 6⁷.
397 3808 413 3833 ‘
442 3806 671 3855 Deorum
696 3802 1104 3866 ignes,solennes
1128 3817 1347 3861 mensas,

291 3881 498 3932 abditos
539 3895 600 3930 ac
632 3881 926 3943 penetrales
958 3878 1122 3944 focos,
1145 3881 1350 3931 occulta

291 3966 347 4010 et
392 3958 620 4008 maribus
665 3972 766 4007 non
821 3957 992 4007 invisa
1032 3959 1212 4021 solum,
1258 3958 1350 4008 sed

291 4035 449 4084 etiam
472 4033 704 4085 inaudita
727 4031 912 4083 sacra.'
980 4033 1052 4082 Et
1074 4034 1261 4096 glossae
1299 4034 1355 4095 in¹

292 4113 467 4162 Plaut.
507 4111 739 4175 Amphit.
780 4110 898 4160 Act.
938 4124 976 4159 1.
1019 4110 1104 4160 Sc.
1143 4114 1187 4160 1.
1223 4112 1354 4161 ‘soli

294 4187 443 4237 invisi
478 4186 708 4250 cubant.’
775 4186 1024 4250 Apuleius
1065 4187 1156 4237 lib.
1196 4202 1246 4238 v.
1276 4186 1348 4236 Α-

295 4265 391 4314 sin.
422 4264 661 4331 ‘quidam
698 4263 993 4313 introcessit
1028 4271 1083 4314 et
1119 4265 1355 4323 cantavit⁵

297 4340 522 4393 invisus.’
587 4341 727 4391 Hinc
766 4340 1040 4405 Philippus
1066 4341 1271 4395 ,Parcus
1295 4342 1348 4393 in

1415 1809 1584 1859 lexico
1624 1807 1871 1859 Plautino
1910 1806 2121 1857 verbum
2174 1806 2192 1835 ‘
2220 1805 2472 1868 visitare,’

1417 1887 1600 1937 crebro
1615 1887 1811 1950 videre,
1824 1887 2071 1951 explicat,
2090 1891 2144 1935 et
2158 1884 2476 1936 contrarium

1418 1978 1531 2012 esse
1556 1965 1651 2025 ait,
1672 1963 1985 2012 invisitatus.
2065 2013 2066 2018 ,

1482 2047 1505 2074 ⁰
1541 2038 1922 2102 Rhinocerotem]
1970 2038 2171 2088 Plinius
2222 2036 2311 2087 lib.
2349 2049 2478 2086 viu.

1421 2132 1467 2168 c.
1497 2121 1583 2167 2⁰.
1617 2117 1633 2145 ‘
1657 2117 1849 2166 lisdem
1896 2117 2026 2166 ludis
2080 2123 2134 2165 et
2183 2115 2479 2164 rhinoceros

1421 2194 1572 2244 unius
1602 2194 1653 2243 in
1676 2208 1803 2244 nare
1831 2207 2009 2252 cornu,
2039 2191 2203 2256 qualis
2225 2204 2369 2253 saepe
2406 2189 2481 2238 vi·

1424 2286 1508 2319 sus
1526 2284 1540 2319 z
1578 2270 1709 2319 alter
1724 2268 1808 2319 hic
1830 2268 2035 2332 genitus
2052 2267 2213 2318 hostis
2234 2266 2479 2329 elephan-

1422 2356 1504 2399 to:
1543 2362 1704 2398 cornu
1738 2348 1801 2397 ad
1846 2363 1971 2397 saxa
2004 2348 2182 2397 limato
2214 2354 2480 2410 praeparat

1421 2440 1478 2474 se
1517 2423 1736 2489 pugnae,'
1777 2428 1877 2475 διο.
1941 2423 2172 2487 Martial.
2195 2421 2480 2487 spectacul.

1421 2503 1615 2565 Ep.1x.
1633 2502 1699 2550 de
1713 2501 2062 2551 rhinocerote:
2096 2501 2113 2528 ‘
2134 2500 2182 2549 O
2197 2513 2350 2566 quam
2374 2505 2478 2547 ter-

1422 2579 1556 2633 biles
1580 2578 1774 2628 exarsit
1798 2591 1985 2641 pronus
2007 2576 2060 2625 in
2084 2575 2213 2624 iras!
2238 2576 2479 2627 Quantus

1422 2661 1537 2711 erat
1559 2667 1737 2714 cornu,
1762 2652 1847 2701 cui
1870 2652 1972 2715 piis
1996 2658 2170 2699 taurus
2191 2655 2307 2699 erat
2328 2649 2358 2696 l’
2395 2649 2480 2697 *Et

1422 2731 1563 2780 alibi.
1630 2729 1911 2779 Pausanias
1939 2727 2204 2777 existimat
2228 2723 2481 2788 AEthiopi·

1423 2821 1539 2856 cum
1577 2811 1780 2855 taurum
1816 2818 1949 2865 esse,
1995 2818 2056 2852 ac
2103 2816 2261 2864 super
2296 2815 2478 2856 cornu,

1421 2883 1560 2950 quod
1596 2884 1649 2932 in
1682 2896 1808 2932 nare
1846 2881 2122 2945 prominet,
2155 2880 2371 2928 alterum
2393 2877 2483 2931 bae.

1420 2962 1564 3019 bere,
1595 2960 1684 3010 sed
1707 2960 1970 3024 exiguum.
2004 2959 2167 3008 Plura
2185 2955 2481 3007 Politianus

1427 3039 1723 3089 Miscellan.
1748 3053 1790 3088 c.
1808 3042 1890 3087 66.
2231 3066 2232 3069 =

1482 3117 1507 3152 ‘¹
1522 3117 1731 3180 Tigrim]
1753 3116 1891 3165 Plin.
1919 3115 1951 3165 1.
1970 3108 2479 3174 vm.c.18.‘'l'igrin

1420 3195 1657 3259 Hyrcani
1685 3202 1739 3244 et
1763 3193 1884 3244 Indi
1906 3191 2101 3254 ferunt,
2123 3192 2308 3241 animal
2343 3190 2484 3243 velo-

1426 3271 1599 3323 citatis
1623 3270 1906 3320 tremendae
1924 3276 1978 3320 et
2000 3270 2221 3319 maxime
2239 3268 2483 3330 cognitae,

1426 3348 1547 3396 dum
1573 3345 1815 3409 capitur,'
1838 3348 1939 3394 ὅτε.
1962 3351 2017 3395 et
2039 3359 2084 3394 c.
2108 3349 2190 3394 1⁷.
2259 3343 2275 3371 ‘
2299 3342 2448 3392 Idem
2466 3341 2485 3365 '

1427 3421 1692 3486 Augustus
1713 3435 1921 3484 nempe,
1950 3422 1966 3447 ⁴
1983 3421 2049 3470 Q.
2068 3419 2337 3468 Tuberone
2356 3417 2486 3466 Fab.

1427 3501 1575 3549 Max.
1601 3499 1847 3563 Coss.s1v.
1880 3511 2040 3545 nonas
2076 3496 2267 3555 Maias,
2295 3494 2489 3544 theatri

1428 3573 1668 3625 Marcelli
1700 3563 2056 3629 dedicatione,¹
2090 3570 2248 3632 tigrin
2293 3568 2486 3632 primns

1427 3649 1654 3700 omnium
1711 3649 1887 3697 Romae
1934 3644 2166 3696 ostendit
2210 3645 2263 3693 in
2323 3658 2490 3693 cavea.

1428 3725 1857 3776 mansuefactam.
1945 3721 2115 3772 Divus
2161 3735 2286 3770 vero
2330 3720 2483 3769 Clau-

1431 3804 1549 3854 dius
1564 3802 1712 3853 simul
1731 3797 1987 3866 quatuor.’
2322 3838 2324 3840 .

1494 3888 1518 3914 θ
1547 3878 1770 3941 Anguem
1808 3872 2151 3940 quinquaginta
2199 3871 2492 3937 cubitorum]

1432 3957 1655 4010 Cubitus
1678 3953 1901 4017 vulgaris
1935 3951 2204 4019 sesquipes
2235 3957 2342 4012 est;
2385 3965 2492 4016 qua,

1434 4034 1650 4095 ratione,
1682 4035 1733 4081 4.
1770 4028 1932 4080 cubiti
1968 4026 2233 4091 vulgarem
2269 4025 2485 4076 hominis

1432 4118 1683 4160 staturam
1704 4103 1990 4157 effecerint.
2013 4154 2016 4157 ,
2039 4103 2193 4154 Unde
2213 4103 2490 4154 intellectu

1436 4186 1589 4238 facile
1612 4190 1709 4248 est,
1728 4188 1922 4249 quanta
1952 4179 2116 4231 fuerit
2146 4181 2263 4232 haec
2293 4181 2485 4245 magni-

1433 4261 1575 4312 tudo.

1496 4337 1515 4373 f
1550 4337 1730 4389 Voliois
1757 4335 2081 4399 Circensibus]
2113 4334 2242 4397 Illis,
2264 4339 2322 4385 ut
2350 4331 2484 4383 exis·
