3019 4922
466 370 554 435 56
1326 384 1387 429 c.
1435 381 1811 430 sunromi.

405 570 415 581 ι
461 532 719 597 sionem
764 533 1092 615 petentes,
1141 528 1343 592 te'rtia
1385 527 1764 592 mercedum
1805 533 1996 611 parte
2038 524 2383 605 relevavit,
2425 542 2534 603 ac,
2579 543 2676 589 ne*

462 636 532 699 in
592 635 924 701 locatione
983 651 1301 697 novorum
1346 631 1772 714 vectigalium
1826 628 2334 694 immoderatius
2390 628 2666 694 liceren-

460 744 615 816 tur,⁹
644 737 990 822 propalam
1024 735 1334 800 monuit.'‘
1422 733 1665 799 Cetera
1696 734 1942 811 item,¹0
1969 752 2124 818 quae
2156 733 2398 815 cuique
2426 731 2667 797 libuis-

464 844 631 918 sent,
660 839 1006 922 dilargitus
1030 845 1048 876 ¹
1101 843 1232 915 est,
1288 837 1784 902 contradicente
1814 836 2017 917 nullo,
2064 854 2169 913 ac,
2215 834 2273 899 si
2317 843 2669 900 conaretur

465 943 640 1025 quiS,
672 941 1050 1006 absterrito.
1119 941 1221 1005 Μ.
1245 939 1563 1005 Catonem
1584 948 1609 974 ¹
1640 940 2171 1022 interpellantem
2199 938 2464 1002 extrahi·
2484 938 2668 1003 curia

464 1064 586 1128 per
616 1045 944 1121 lictorem,
973 1044 1264 1126 ducique
1287 1044 1356 1107 in
1385 1062 1723 1108 carcerem
1744 1042 1977 1126 jussit.
2067 1042 2145 1106 L.
2167 1041 2480 1118 Lucullo,
2503 1041 2673 1106 libe-

352 1184 366 1195 κ
463 1149 603 1212 rius
648 1148 1010 1225 resistenti,
1041 1153 1306 1212 tantum
1353 1147 1833 1211 calumniarum
1886 1153 2143 1210 metum
2189 1143 2447 1227 injecit,
2479 1148 2552 1207 ut
2580 1143 2679 1209 ad

386 1252 387 1257 ’
467 1269 684 1330 genua
728 1251 900 1314 ultro
953 1250 1088 1314 sibi
1131 1250 1521 1314 accideret.²
1612 1249 1949 1314 Cicerone.
1972 1249 2045 1312 in
2079 1246 2345 1332 judicio
2374 1246 2672 1331 quodam

468 1353 864 1436 deplorante
895 1359 1273 1435 temporum
1304 1357 1575 1430 statum,
1623 1352 1703 1416 Ρ.
1736 1351 2075 1430 Clodium,
2120 1349 2463 1413 inimicum
2499 1348 2672 1433 eJuS,

466 1455 721 1520 frustra
741 1454 1176 1539 jampridem
1208 1475 1251 1519 a
1281 1454 1598 1520 Patribus
1617 1464 1637 1502 ³
1658 1464 1688 1502 Υ
1737 1455 1824 1520 ad
1852 1456 2116 1540 plebem
2157 1451 2435 1518 transire
2463 1452 2676 1517 niten-

465 1566 626 1636 tem,
659 1556 898 1621 eodem
930 1557 1094 1635 die,4
1119 1557 1419 1642 horaque
1448 1578 1649 1636 nona,
1682 1557 2114 1623 transduxit-⁰
2205 1555 2559 1619 Postremo
2602 1554 2671 1616 in

471 1660 829 1722 universos
864 1657 1151 1723 diversae
1182 1658 1499 1723 factionis
1546 1659 1813 1725 induxit
1840 1656 2147 1724 Vettium
2192 1656 2546 1742 praemiiS‚⁵
2597 1651 2674 1720 ut

471 1781 548 1824 se
596 1759 681 1824 de
730 1759 1073 1827 inferenda
1116 1761 1443 1846 Pompeio
1488 1781 1658 1828 nece
1707 1763 2122 1831 solicitatum
2167 1781 2210 1826 a
2270 1758 2675 1844 quibusdam

471 1862 921 1947 profiteretur,
952 1863 1467 1948 productusque
1516 1885 1639 1950 pro
1686 1865 1955 1931 Rostris
2002 1868 2310 1957 auctores
2358 1882 2453 1927 ex
2498 1881 2679 1927 com-

538 2081 566 2105 ’·
600 2075 674 2124 Ac
694 2075 931 2126 interdum
953 2084 1001 2127 et
1018 2079 1202 2145 publice
1221 2080 1464 2131 admonuit
1482 2096 1543 2131 ne
1577 2080 1813 2139 deferrent
1842 2079 2043 2132 nimium
2072 2081 2285 2146 pretium
2302 2079 2357 2129 in
2378 2074 2681 2128 conductione

478 2153 702 2189 novorum
722 2143 1044 2204 vectigalium.
2233 2164 2236 2165 ⁷

531 2211 562 2279 ‘⁰
601 2205 721 2283 Can}
760 2208 925 2261 Cicero
953 2210 1237 2272 deplorasset
1260 2210 1309 2259 in
1339 2205 1539 2275 quodam
1558 2211 1744 2273 judicio
1765 2216 2023 2276 temporum
2041 2217 2237 2275 statum,
2261 2211 2322 2261 P.
2350 2207 2568 2259 Clodium
2588 2203 2681 2253 iai·

474 2282 651 2317 uzacum
669 2285 786 2333 elus,
801 2273 884 2335 qui
893 2273 1001 2334 jam
1013 2275 1098 2324 diu
1117 2275 1355 2327 inutiliter
1375 2276 1632 2328 conabatur
1649 2278 1852 2329 transire
1868 2293 1900 2326 a
1924 2276 2134 2343 patricia
2144 2275 2343 2338 familia
2365 2275 2418 2324 in
2433 2270 2678 2339 plebeiam»

483 2333 648 2383 Ccesar
670 2339 918 2387 transtulit
938 2341 1094 2390 eodem
1111 2339 1191 2390 die
1213 2341 1418 2405 horaque
1439 2357 1579 2393 nonu.

1401 2502 1731 2533 coecos-eecce
1736 2504 1765 2523 e

480 2616 627 2663 1.-·9
644 2614 973 2667 Licitarentur
994 2617 1128 2669 Edd.
1153 2618 1421 2684 quaedam3
1443 2622 1728 2672 ducerentur
1750 2620 1937 2684 copes.
1962 2620 2115 2670 Huls.
2139 2618 2375 2669 Harlem.
2392 2616 2536 2668 Med.
2559 2616 2682 2679 duo,
2761 2595 2776 2610 χ

478 2684 535 2726 et
559 2680 742 2744 Camp.
776 2683 905 2733 Mox
933 2686 1179 2748 per-palam
1214 2685 1509 2736 Focum-io
1542 2686 1718 2736 Autem
1746 2686 1903 2740 vind.
1943 2690 2084 2737 1.-1
2122 2685 2413 2745 Delargitus
2450 2682 2613 2733 Rhed.
2636 2686 2681 2730 1.

477 2743 712 2819 elargitus
736 2747 897 2799 Rhed.
918 2752 1068 2798 2.--2
1103 2750 1249 2799 Ferr.
1274 2750 1430 2800 vind.
1454 2759 1693 2817 uterque,
1717 2752 1899 2816 Camp.
1920 2758 1977 2801 et
1992 2750 2057 2799 al.
2078 2752 2335 2810 accederet,
2358 2750 2509 2799 solita
2529 2746 2687 2797 varia·

477 2815 621 2885 tto-ne
643 2825 736 2874 pro
757 2813 908 2862 accid.
932 2814 1071 2879 quod
1095 2814 1393 2865 emendavit
1416 2818 1608 2879 primus
1634 2817 1883 2867 Cruceus.
1922 2815 2093 2866 Rhed.
2112 2821 2157 2867 1.
2180 2817 2306 2865 ultro
2322 2815 2475 2865 accid.
2500 2813 2682 2862 omisso

478 2873 685 2951 seba—3
718 2876 766 2925 A
788 2878 1004 2941 pluribus
1024 2880 1087 2928 ad
1109 2880 1366 2929 Fouc.—4
1399 2882 1543 2931 Ferr.
1576 2896 1630 2930 eo
1650 2883 1849 2946 denique
1870 2883 1962 2933 die.
2006 2881 2238 2945 Legebat
2257 2882 2404 2931 Torr.
2426 2882 2683 2941 eodemque,

482 2946 628 2989 etna
651 2941 840 3005 Copes.
868 2944 1011 2992 Med.
1036 2949 1083 2993 1.
1139 2944 1348 2995 Deinde
1371 2947 1529 3009 vulgo
1552 2948 1788 3008 traduxit,
1809 2955 1989 2998 contra
2002 2945 2157 2995 fidem
2185 2945 2340 2996 codd.
2364 2948 2685 3010 antiquior.—

483 3009 513 3052 5
554 3004 712 3082 Hanc·
748 3008 1161 3058 emendationem
1196 3008 1377 3059 Ursini
1421 3019 1734 3076 receperunt
1773 3011 1952 3063 (ἴτων.
1999 3012 2223 3063 Casaub.
2260 3012 2440 3061 Burm-
2469 3018 2524 3060 et
2562 3008 2684 3056 Ern.

478 3070 495 3095 ‘
512 3069 668 3134 Vulg.
691 3074 933 3148 traductum
952 3074 1179 3137 praemiis,
1198 3081 1274 3136 ut,
1295 3074 1388 3124 ubi
1418 3085 1559 3127 esset
1578 3079 1747 3142 suppl.
1768 3081 2015 3143 quendam,
2047 3077 2183 3142 quod
2214 3076 2367 3127 addit
2390 3074 2613 3138 Guelph.
2637 3076 2684 3138 ¹.-

482 3133 622 3209 haud
655 3134 812 3212 dubie
845 3151 874 3186 e
907 3139 1092 3201 glossa,
1126 3141 1398 3205 omnisque
1431 3143 1753 3193 constructio
1775 3152 2046 3208 regeretur
2077 3157 2110 3192 a
2130 3142 2340 3192 creditur
2376 3142 2426 3190 in
2457 3140 2545 3193 fin.
2570 3150 2685 3198 cap.

485 3198 765 3251 dlss'lssuma
785 3216 909 3251 sane
933 3204 1149 3267 ratione,
1179 3220 1294 3268 quae
1319 3214 1491 3257 tamen
1520 3222 1622 3257 non
1646 3208 1874 3271 obstitit,
1897 3223 1999 3274 quo
2025 3208 2188 3257 minus
2210 3207 2443 3256 Gronov.
2470 3213 2524 3256 et
2548 3200 2683 3252 Oud-

486 3266 748 3341 Ἣῑέἔὸῑδῢῑ
793 3268 1097 3319 tuerentur-⁹
1151 3270 1362 3333 Baumg·
1427 3272 1662 3324 Gruter-o
1708 3281 1878 3323 autem
1926 3275 2117 3337 placet,
2160 3273 2308 3321 index
2350 3273 2571 3321 inductus
2610 3278 2685 3329 pr·

487 3343 657 3392 primo
679 3346 710 3381 a
732 3332 956 3384 casaub.
984 3336 1306 3399 propositum
1327 3352 1343 3398 ;
1362 3336 1545 3402 steph.
1569 3340 1762 3389 induxit
1781 3355 1858 3405 pr.
1904 3339 2032 3388 Mox
2054 3339 2372 3403 productoque
2399 3335 2547 3385 Vind.
2569 3338 2615 3383 1.
2633 3335 2689 3378 et

1477 3504 1694 3556 NOTAE

489 3607 758 3674 equestris.
822 3609 1197 3691 Remissionem
1232 3619 1405 3665 autem
1433 3614 1556 3676 ideo
1635 3616 1771 3666 diem
1802 3615 2083 3676 eximebat,
2105 3629 2167 3664 eo
2191 3611 2329 3679 qnod
2352 3609 2578 3663 senatori
2598 3608 2690 3672 jus

489 3695 750 3749 petentes,
781 3687 919 3752 quod
951 3688 1157 3740 vastata
1183 3690 1557 3742 Mithridaticis
1635 3697 1775 3741 esset
1797 3699 1857 3741 ut
1880 3691 2188 3741 senteutiam
2213 3696 2425 3751 rogatus
2456 3686 2593 3751 prius
2614 3681 2690 3731 di-

490 3762 644 3811 bellis
667 3762 795 3813 Asia
817 3765 1061 3816 solvendo
1084 3781 1186 3816 non
1202 3773 1357 3829 esset,
1373 3768 1553 3834 sicque
1635 3775 1780 3819 ceret
1804 3767 1928 3833 quid
1953 3767 2111 3816 vellet
2132 3772 2187 3814 et
2213 3764 2380 3829 quoad
2405 3763 2578 3813 vellet.

490 3839 609 3902 lege
629 3839 874 3889 Censoris
887 3842 1223 3905 tegebantur,
1238 3857 1342 3907 qua
1363 3844 1558 3909 ascrip·
1699 3854 1723 3888 ἵ
1746 3845 1790 3894 Α
1808 3843 2053 3908 patribus]
2089 3844 2135 3893 E
2158 3842 2311 3906 plebe
2334 3843 2473 3892 enim
2494 3835 2692 3888 f⁸⁰3¹i¹¹⁵

495 3922 606 3965 tum
628 3922 742 3965 erat
765 3923 821 3965 ut
842 3917 915 3967 ‘si
933 3919 1019 3982 qui
1035 3917 1136 3970 frui
1162 3918 1369 3984 publico
1389 3920 1556 3983 publi·
1636 3922 1943 3971 creabantur
1979 3920 2177 3970 tribuni
2218 3919 2405 3983 plebis,
2440 3929 2589 3982 quam
2624 3924 2689 3960 ex

494 4006 654 4042 canus
697 4007 802 4046 non
845 4002 1041 4059 posset,
1085 4009 1151 4045 ne
1195 3996 1245 4045 ei
1284 3995 1457 4048 fraudi
1501 3997 1558 4047 id
1638 3997 1891 4060 patribus.
1928 3994 2063 4044 Vide
2084 3995 2312 4059 Lipsium
2335 3993 2425 4042 lib.
2448 4005 2511 4040 rr.
2547 3987 2691 4036 Elec·

497 4067 669 4119 esset.’
1505 4059 1520 4070 ⁶
1640 4079 1808 4121 torum
1831 4086 1945 4136 cap.
1965 4074 2045 4120 13.
2085 4072 2171 4121 De
2187 4067 2372 4119 Vettio
2389 4065 2561 4116 indice
2578 4064 2691 4124 lege

561 4150 588 4176 ¹
620 4144 698 4195 M.
742 4145 990 4209 Catonem]
1037 4148 1142 4200 Qui
1180 4162 1297 4201 cum
1337 4150 1557 4203 Caesaris
1636 4149 1910 4213 epistolam
1933 4146 2197 4200 Ciceronis
2217 4141 2493 4200 24.lib.1‘1.
2514 4140 2578 4191 ad
2600 4138 2696 4191 At-

498 4225 681 4282 optata
711 4234 812 4268 non
855 4228 1033 4284 posset
1070 4222 1342 4287 impedire,
1382 4240 1444 4274 ne
1481 4236 1558 4277 ta·
1639 4224 1815 4279 ticum.

500 4308 616 4348 men
639 4294 912 4362 quicquam
942 4295 1315 4351 decerneretur
1337 4300 1559 4354 dicenda
