3019 4922
1359 428 1424 473 G.
1470 424 1834 474 SUETONH

509 412 641 481 336

513 576 588 640 Si
649 562 919 659 quando
956 569 1114 656 quid
1145 579 1199 610 ¹0
1256 575 1532 648 secreto,
1587 578 1707 633 aut
1754 569 1894 633 sine
1938 567 2462 654 interpellatione
2511 583 2703 652 agere

509 677 1002 761 proposuisset,
1036 679 1175 739 erat
1204 674 1299 738 illi
1338 673 1534 737 locus
1578 675 1644 736 in
1687 672 1868 736 edito
1898 669 2269 753 singularis,
2301 692 2498 755 quem
2528 678 2547 705 ‘
2577 673 2705 755 Sy-

509 797 782 842 racusas
802 776 818 799 '
850 784 920 841 et
944 775 1250 861 τεχνόφυον
1272 784 1290 814 ¹
1319 772 1340 810 f
1369 776 1693 839 vocabat:
1725 773 1855 839 huc
1888 775 2232 852 transibat,
2265 777 2462 839 autin
2496 776 2703 838 alicu-

500 880 620 964 jus
648 880 1037 945 libertorum
1063 888 1087 915 ²
1125 880 1609 958 suburbanum3
1657 897 1831 960 aeger
1859 884 2079 941 autem
2119 878 2186 941 in
2217 878 2415 942 domo
2449 877 2703 942 Maece-

508 982 686 1047 natis
746 984 1063 1048 cubabat.
1180 982 1291 1046 Ex
1346 982 1758 1066 secessibus?
1797 980 2142 1064 praecipue
2196 980 2651 1065 frequentavit
2681 988 2702 1025 ³

508 1085 862 1163 maritima,
878 1085 1260 1170 insulasque
1286 1083 1733 1167 Campaniae,⁸
1752 1091 1867 1148 aut
1888 1083 2201 1167 proxima
2233 1082 2402 1147 Urbi
2423 1081 2701 1166 oppida,

509 1187 906 1266 Lanuvium,
976 1184 1384 1266 Praeneste,¹¹
1436 1187 1704 1254 ,Tiburz
1775 1187 1890 1250 ubi
1953 1187 2153 1250 etiam
2205 1186 2271 1249 in
2324 1185 2700 1268 porticibus

508 1288 829 1356 Herculis
880 1287 1145 1374 templii
1194 1293 1502 1373 p‘ersaepe
1542 1289 1663 1371 jus
1707 1289 1902 1353 dixit.
1997 1289 2249 1371 Ampla
2293 1297 2363 1351 et
2412 1307 2702 1369 operosa

504 1393 823 1474 praetoria
846 1390 870 1428 ¹‘
901 1394 1330 1475 gravabatur.
1420 1394 1511 1457 Et
1538 1394 1760 1476 neptis
1809 1391 2078 1476 quidem
2124 1411 2268 1456 suae
2296 1390 2341 1455 J
2350 1390 2526 1468 uliae,
2551 1400 2702 1473 p'ro-

504 1493 653 1559 fuse
705 1497 791 1559 ab
834 1516 922 1560 ea*
962 1501 1367 1574 exstructa,4
1416 1495 1624 1568 etiam
1665 1494 1869 1558 diruit
1920 1494 2008 1558 ad
2056 1493 2311 1557 solum:
2360 1499 2486 1556 su'a
2517 1512 2698 1570 vere,
2744 1529 2758 1546 ι

1415 1674 1781 1695 eeoaeemuaeae

506 1792 671 1841 Gron.
712 1807 805 1856 pro
843 1789 897 1842 in
943 1793 1070 1843 Urbe
1108 1793 1208 1855 legi
1249 1792 1426 1842 maluit
1458 1793 1658 1848 mucide,
1697 1790 1987 1855 probatque
2013 1792 2138 1841 Ern.
2161 1791 2281 1855 quia
2314 1790 2364 1839 in
2400 1803 2560 1852 marg.
2596 1789 2710 1839 Ed.

503 1857 707 1921 Grypli.
733 1862 877 1907 1539.
900 1860 1097 1908 mucidoe
1131 1860 1279 1923 quasi
1316 1874 1345 1907 e
1378 1859 1483 1907 Ma.
1508 1866 1741 1907 notatum
1766 1859 2053 1906 invenerat.
2108 1858 2126 1886 ⁴
2147 1858 2202 1906 Si
2242 1856 2364 1920 quid
2396 1856 2700 1905 mutandum

502 1924 787 1982 videretur,
808 1927 944 1987 quod
966 1939 1130 1989 neque
1150 1923 1335 1974 Wolfio
1355 1924 1568 1986 placuit,
1592 1925 1814 1986 legerem
1838 1938 1850 1971 ε
1878 1928 1925 1972 et
1948 1923 2240 1986 quamvis...
2256 1923 2568 1984 experiretur,
2579 1920 2702 1968 assi·

502 1990 593 2035 due
616 1989 667 2036 in
690 1989 750 2036 U.
774 1988 1034 2038 hiemavit)
1066 1991 1281 2054 Baumg.
1354 1991 1513 2039 Extra
1534 1988 1696 2038 urbem
1717 1988 1965 2036 exhibent
1981 1987 2175 2036 Medic.
2202 1992 2246 2036 1.
2271 1991 2319 2035 3.
2344 1985 2503 2034 Polit.
2539 1984 2701 2034 Vind.

501 2055 552 2101 2.
575 2052 718 2101 Cort.
742 2053 870 2116 Cop.
895 2055 1238 2117 Longol.—-lo
1277 2055 1413 2110 Quod
1436 2054 1650 2102 Merum.
1673 2059 1847 2103 secrete
1873 2053 2096 2101 Harlem.
2119 2053 2262 2100 Cort.
2287 2051 2421 2100 Edd.
2447 2052 2594 2105 Rom.
2618 2065 2700 2111 pr.
2755 2083 2760 2087 -

500 2117 633 2165 ven.
655 2117 868 2166 Mediol.
890 2120 1038 2168 Cald.
1058 2120 1187 2168 Bon.
1209 2120 1374 2183 Lngd.
1422 2120 1547 2167 Mox
1573 2119 1619 2168 ei
1634 2119 1759 2168 Iocus
1781 2118 1977 2167 Medic.
2002 2122 2049 2165 1.
2075 2117 2229 2165 Vind.
2250 2121 2297 2165 2.
2319 2124 2372 2164 et
2395 2117 2544 2165 edicto
2567 2115 2700 2177 Cop.

501 2186 595 2228 —l
638 2181 960 2245 Technophion
984 2185 1193 2233 Memm.
1213 2184 1404 2233 Medic.
1429 2192 1493 2232 tr.
1519 2185 1676 2232 Fouc.
1703 2185 1831 2245 Cop.
1869 2184 2099 2232 Harlem.
2121 2191 2175 2230 et
2197 2180 2331 2230 Edd.
2354 2182 2501 2230 Vett.
2526 2179 2701 2228 Techn-

494 2244 641 2307 phion
665 2247 794 2297 Veu.
818 2252 866 2295 2.
890 2251 938 2297 3.
977 2249 1238 2309 Tegnoeion
1261 2249 1374 2311 Cuj.
1413 2249 1680 2311 Tenophion
1702 2248 1858 2296 Vind.
1885 2251 1931 2296 l.
1959 2248 2227 2310 Cenophion
2247 2246 2401 2295 Vind.
2435 2249 2483 2294 2.
2517 2244 2606 2292 sed
2647 2246 2700 2293 in

496 2324 657 2373 marg.
681 2312 996 2375 Tegnophicm,
1023 2321 1078 2362 ut
1099 2315 1149 2361 in
1174 2313 1332 2362 Polit.
1359 2314 1460 2362 ΜΒ.
1509 2313 1729 2362 Arridet
1753 2314 1878 2361 Ern.
1903 2313 2110 2360 Trilleri
2135 2311 2435 2374 conjectura
2457 2307 2701 2371 τεχνόφυ-

498 2380 698 2424 ‘rom—2
734 2375 884 2426 Hanc
907 2377 1128 2427 Casaub.
1168 2379 1550 2427 restitutionem
1586 2377 1895 2427 confirmant
1935 2377 2146 2426 Memm.
2180 2376 2374 2425 Medic.
2398 2380 2443 2424 1.
2467 2379 2515 2424 3.
2542 2375 2701 2423 Vind.

499 2441 551 2488 2.
579 2440 701 2489 Lisl.
722 2440 879 2493 Fouc.
905 2451 960 2493 et
980 2443 1108 2495 MsS.
1131 2444 1280 2493 Torr.
1301 2444 1422 2494 Ura.
1488 2444 1551 2493 In
1587 2443 1763 2492 multis
1799 2442 1965 2492 Codd.
2001 2452 2049 2489 et
2079 2442 2213 2491 Edd.
2236 2442 2384 2490 Vett.
2422 2455 2483 2489 ac
2507 2440 2700 2491 Pitisci

497 2505 937 2557 libertinorum—3
977 2510 1266 2572 Frequenter
1290 2509 1526 2558 Harlem.
1592 2510 1720 2557 Mox
1757 2509 2008 2558 Lavinium
2034 2507 2157 2556 Lisl.
2183 2509 2345 2556 Fouc.
2374 2506 2540 2555 Periz.
2563 2506 2702 2555 Har-

498 2570 618 2620 lem.
656 2573 771 2635 Cuj.
811 2573 955 2624 Cort.
992 2582 1048 2624 et
1080 2575 1219 2625 Edd.
1242 2576 1387 2624 Vett.
1419 2573 1535 2624 fere
1569 2574 1638 2624 Ο.
1672 2574 1735 2622 ad
1771 2575 1891 2622 Bas.
1925 2573 2226 2621 Lanuvium
2251 2572 2389 2635 Cop.
2423 2572 2621 2620 Medic.
2650 2576 2700 2620 1.

494 2634 732 2686 Lavinium
753 2638 887 2697 Edd.
911 2641 1057 2690 Rom.
1113 2641 1245 2690 Dein
1263 2640 1482 2705 portibus
1500 2640 1619 2702 an.
1642 2647 1697 2689 et
1716 2654 1841 2703 eoepe
1863 2638 2060 2688 Medic.
2082 2641 2228 2688 1.-4
2248 2637 2446 2687 Structa
2469 2636 2633 2686 vind.
2650 2640 2702 2686 2.

1485 2837 1535 2886 N
1545 2835 1707 2890 OTAE

560 2944 582 2977 f
604 2946 901 3013 Τεχνόφυον]
936 2950 1099 3001 Quasi
1122 2952 1309 3000 artium
1333 2950 1553 3014 produc-
1634 2949 1882 3013 colligere
1902 2955 2000 2998 eat.
2050 2948 2305 2998 Proceres
2323 2932 2457 2996 enim
2479 2946 2702 2996 Romani

493 3022 600 3069 tio:
639 3032 720 3070 est
745 3039 775 3071 a
800 3038 922 3072 voce
943 3023 1114 3088 τέχνη,
1138 3027 1234 3074 hoc
1258 3033 1340 3076 est
1368 3041 1465 3082 ara,
1495 3034 1553 3075 et

491 3096 613 3159 φύω,
630 3099 727 3146 boc
749 3105 830 3148 est
845 3115 1039 3165 genero,
1063 3103 1198 3166 quod
1222 3104 1286 3152 ad
1311 3103 1551 3150 excolen-

490 3173 605 3235 dae,
627 3173 1066 3234 excogitandaave
1087 3184 1226 3227 artes
1259 3178 1383 3226 illuc
1405 3192 1549 3226 sece-

493 3247 660 3306 deret,
697 3264 849 3313 quem
872 3246 1080 3300 locnm'‘
1098 3250 1404 3316 Syracueaa’
1429 3266 1551 3316 qno·

493 3340 592 3390 qne
639 3327 958 3390 appellabat,
1011 3343 1077 3379 ex
1119 3343 1260 3379 more
1307 3331 1393 3394 qui
1439 3338 1550 3379 tum

493 3403 743 3465 temporis
753 3403 1057 3461 invaluerat,
1071 3404 1363 3454 utdelicata
1372 3407 1554 3464 etiam,

492 3479 536 3527 ai
558 3479 633 3529 aie
653 3481 790 3544 loqui
808 3478 887 3529 fas
912 3488 1011 3542 eet,
1028 3482 1250 3546 nomina,
1274 3490 1330 3531 et
1352 3498 1382 3530 a
1403 3482 1548 3532 Groe·

489 3557 566 3606 cis
604 3556 787 3620 petita,
829 3558 960 3606 villis
996 3560 1103 3608 auia
1138 3558 1477 3622 imponerent,
1502 3574 1553 3608 v.

490 3649 542 3698 g.
565 3633 868 3694 Academia,
890 3635 1247 3699 Pansylipum,
1280 3642 1336 3685 et
1372 3642 1554 3686 cetera

490 3710 745 3774 ejusmodi
786 3713 1066 3762 celebrium
1111 3715 1381 3776 villarum3
1439 3717 1552 3765 aive

491 3785 649 3836 etiam
681 3795 741 3837 ut
777 3787 1039 3853 innueret,
1074 3797 1177 3839 tam
1208 3791 1417 3854 placere
1452 3790 1552 3841 sibi

488 3863 657 3913 locum
695 3866 858 3928 illum,
890 3881 1041 3930 quam
1082 3867 1304 3918 delicato
1341 3868 1548 3919 cuidam

490 3939 760 4002 Syracusa!
785 3945 1129 3993 amoeniseima
1144 3945 1332 3994 Sicilioe
1351 3946 1553 3996 civitas-

558 4022 585 4058 8
605 4015 883 4080 Imalasque
909 4020 1205 4084 Campanioe]
1241 4021 1306 4070 In
1331 4021 1418 4070 illo
1435 4022 1552 4070 sinu

495 4096 616 4138 aunt
651 4091 983 4151 Pandataria,
1024 4111 1141 4161 cap.
1165 4102 1250 4147 65.
1325 4097 1552 4160 AEnaria,

491 4166 647 4215 bodie
690 4167 866 4229 Ischia,
910 4172 1144 4234 Capreae,
1185 4176 1288 4223 ὅτε.
1376 4175 1546 4225 Quam

495 4255 617 4289 vero
649 4240 699 4289 in
724 4243 923 4292 deliciis
959 4244 1115 4297 fuerit
1137 4251 1299 4298 omnis
1321 4251 1432 4301 haec
1458 4266 1549 4301 ora

495 4317 812 4382 Campaniae,
840 4320 1116 4372 innumeris
1140 4334 1404 4377 auctorum
1428 4327 1553 4378 locis

1633 3032 1817 3075 aeatate
1855 3023 2174 3074 secedebant
2205 3025 2256 3071 in
2294 3023 2557 3071 Praetoria
2589 3037 2699 3078 sua.

1632 3099 1900 3162 niagnifice
1913 3100 2019 3150 illic
2036 3108 2303 3149 exstructa
2319 3114 2334 3158 3
2356 3098 2497 3147 unde
2512 3104 2527 3126 ‘
2542 3114 2700 3147 amoe-

1631 3187 1698 3226 na
1715 3177 1978 3226 littorum'
1994 3178 2099 3226 κατ’
2124 3176 2297 3239 ἐξοχὴν
2321 3190 2411 3240 pro
2436 3177 2565 3225 locis
2590 3191 2700 3225 om-

1632 3254 1685 3302 ni
1710 3268 1901 3317 genere
1925 3255 2210 3318 voluptatis
2232 3251 2583 3312 affluentibus,
2600 3253 2699 3302 Ta·

1634 3332 1770 3380 citus
1815 3330 1954 3380 Hiet.
2001 3345 2088 3380 ιιι.
2134 3334 2218 3380 76.
2259 3326 2459 3379 ‘’noctn
2505 3330 2697 3395 dieque

1629 3406 1772 3464 fluxi,
1789 3416 1842 3457 et
1861 3422 2057 3458 amoena
2074 3409 2307 3457 littorum
2324 3408 2702 3471 personantes!

1634 3484 1882 3534 Aurelius
1912 3484 2099 3534 Victor
2137 3484 2188 3533 in
2222 3483 2521 3546 Aureliano,
2546 3492 2696 3550 ‘quae

1634 3552 1687 3610 in
1712 3569 1911 3611 tantum
1938 3561 2234 3624 petulantia}
2266 3568 2597 3624 proruperat,
2636 3568 2701 3610 ut

1629 3638 1682 3687 in
1707 3638 1989 3701 Campania
2010 3637 2214 3692 sedens,
2241 3650 2438 3685 amoena
2455 3637 2693 3687 littorum

1633 3715 1936 3771 obsideret‚’
1959 3718 2058 3764 &c-

1696 3790 1720 3825 ¹¹
1740 3792 2028 3853 Lanuvium,
2048 3793 2308 3847 Proeneste,
2328 3791 2433 3855 ξω]
2454 3792 2585 3841 Latii
2604 3807 2696 3856 op·

1631 3869 1784 3932 pida=
1821 3868 2164 3918 illnd‘dicitur
2184 3867 2336 3917 bodie
2365 3867 2527 3918 Cinita
2548 3869 2692 3918 Indo·

1627 3944 1758 4007 vina,
1780 3945 1878 3994 hoc
1901 3959 2022 3993 vero
2045 3944 2339 3994 paleariam.

1692 4021 1707 4055 ¹
1740 4022 1968 4071 Herculis
1991 4020 2179 4085 templi]
2215 4021 2353 4070 Hinc
2375 4021 2539 4070 Tibur
2557 4020 2694 4069 Her-

1632 4101 1833 4148 culeum
1869 4098 2001 4147 dixit
2040 4098 2302 4148 Martialis
2340 4098 2430 4148 lib.
2461 4112 2501 4148 1.
2537 4097 2692 4160 Epig.

1635 4180 1717 4224 13.
1766 4177 1781 4203 ‘
1806 4175 1919 4224 Itur
1956 4174 2020 4222 ad
2068 4173 2316 4223 Herculei
2354 4174 2550 4237 gelidas
2590 4187 2692 4235 qna

1630 4254 1832 4302 Tiburis
1858 4250 2038 4303 arces?
2091 4252 2257 4315 Calig.
2282 4265 2327 4301 c.
2348 4256 2396 4302 8.
2432 4250 2582 4300 hodie
2610 4251 2691 4299 Ti-

1630 4329 1745 4378 voli.
1767 4350 1775 4357 ·
