3019 4922
1222 410 1605 458 mantuus.
2365 397 2495 463 413

310 554 582 638 quando
616 573 767 619 esse
797 553 1071 630 nollent,
1103 554 1411 636 praelium
1443 553 1686 619 navale
1706 553 1875 618 'iniit
1904 556 1947 619 :⁶
1992 561 2494 639 superatusque,

308 668 459 721 cum
494 650 915 722 Dictatorem
939 665 974 691 W
1021 656 1240 721 dicere
1283 661 1331 721 a'
1365 657 1620 721 Senatu
1641 658 2008 740 juberetur,
2037 657 2230 722 velut
2254 658 2501 739 iterum]

306 759 597 824 illudens
649 760 1020 824 discrimini
1042 769 1069 810 ⁹
1129 761 1450 844 publice,
1478 760 1773 825 Gliciam
1797 766 1845 794 ¹⁰
1896 761 2223 825 viatorem
2244 769 2270 795 ⁸
2301 778 2503 825 suum*

307 862 508 928 dixit.
594 863 846 927 Extant
893 870 964 927 et
1003 863 1430 928 foeminarum
1480 865 1815 946 exempla,
1879 863 2206 927 diversa¹¹
2263 883 2491 946 aeque:

308 964 638 1047 siquidem
696 965 913 1046 gentis
969 963 1263 1048 ejusdem
1322 972 1604 1047 utraque
1630 982 1639 991 ²
1667 965 1950 1029 Claudia
2005 965 2155 1044 suit,
2218 973 2289 1029 et
2339 985 2503 1046 quae·

307 1076 545 1132 navem
578 1087 730 1131 cum
773 1067 986 1132 sacris
1008 1074 1036 1111 y
1078 1067 1309 1131 matris
1330 1098 1334 1103 v
1358 1067 1578 1130 Deum
1624 1065 1830 1132 ldaeae
1861 1067 2343 1132 obhaerentem¹
2375 1066 2503 1129 Τί·-Δ

309 1170 548 1234 berino
580 1168 753 1235 vado
777 1171 1102 1247 extraxit,
1131 1178 1411 1252 precata
1442 1169 1814 1253 propalam,
1860 1173 1974 1247 ‘ut
2001 1171 2098 1234 ita
2125 1168 2384 1234 demum
2417 1178 2505 1232 se·

335 1410 338 1411 ⁷
369 1371 394 1418 ὗ
429 1387 660 1436 Claudius
696 1387 896 1435 Pulcher
929 1401 1071 1449 prope
1107 1386 1345 1447 Siciliam,
1374 1400 1482 1434 cum
1511 1385 1630 1448 pulli
1659 1386 1911 1446 gallinacei
1947 1400 2042 1433 non
2077 1385 2410 1433 manducarent
2441 1384 2495 1432 in

306 1453 489 1511 agendo
520 1452 747 1514 auspicio,
779 1458 828 1500 et
846 1451 1084 1512 abjecisset
1115 1466 1193 1500 eos
1223 1452 1276 1499 in
1309 1466 1437 1505 mare
1463 1467 1550 1514 per
1577 1452 1925 1514 despectionem„
1942 1448 2230 1513 Religionis,
2260 1450 2391 1512 quasi
2423 1447 2492 1497 bi-

310 1516 449 1565 bendi
462 1523 632 1577 ‘cau-ta,
649 1516 877 1579 siquidem
898 1517 1112 1566 nolebant
1131 1519 1381 1566 comedere.

1216 1677 1579 1698 eeeeeeeeeeee

302 1808 333 1854 8
369 1805 560 1854 Exulat
584 1809 720 1869 quasi
742 1824 772 1858 a
793 1809 989 1858 Medic.
1013 1815 1058 1860 l.
1079 1815 1127 1861 2.
1152 1810 1302 1860 Voss.
1325 1817 1381 1858 et
1406 1809 1538 1859 Edd.
1562 1825 1593 1858 a
1615 1810 1737 1857 Bas,
1773 1807 1837 1856 ad
1868 1806 2090 1857 Casaub.
2159 1808 2295 1856 Item
2318 1812 2371 1856 ut
2395 1821 2495 1856 non

300 1878 523 1933 apparet
545 1872 596 1920 in
621 1873 752 1923 Ven.
776 1874 922 1923 Med.
945 1875 1092 1923 Cald.
1112 1878 1271 1925 nolent
1293 1875 1447 1924 Vind.
1466 1879 1612 1924 1.—9
1649 1873 1854 1921 Crimini
1876 1873 1990 1935 Cuj.
2015 1870 2148 1920 Edd.
2168 1872 2370 1935 Grypln.
2396 1872 2496 1921 Co-

298 1937 387 1984 lin.
411 1935 719 1986 Plant.—10
753 1939 837 1986 Ita
856 1940 1059 2001 legend.
1084 1954 1325 1989 monuere
1348 1940 1490 1989 Duk.
1514 1938 1578 1987 ad
1604 1939 1714 1987 Liv.
1738 1938 1880 2000 Epit.
1904 1950 2023 1986 xix.
2045 1937 2194 1986 Torr.
2212 1945 2266 1985 et
2288 1937 2407 1986 Urs.
2429 1951 2497 1986 ex

251 2042 257 2047 ,
302 2001 487 2049 Fastis.
553 2001 742 2050 Iliciam
782 2004 992 2053 Memm.
1018 2005 1219 2054 Viterb.
1257 2005 1370 2053 Pal.
1395 2009 1444 2052 3.
1480 2004 1651 2052 Periz.
1689 2011 1746 2052 et
1785 2002 1871 2051 alii
1905 2001 2043 2051 Oud.
2066 2017 2179 2050 cum
2202 2001 2337 2051 Edd.
2362 2003 2495 2050 Ven.

300 2065 437 2114 Bon.
470 2073 530 2132 ⁴et
564 2066 815 2128 pluribus.
862 2069 1035 2117 Iliciaa
1072 2069 1207 2118 Dun.
1242 2069 1486 2133 Hyliciam
1522 2069 1656 2117 Edd.
1686 2070 1828 2116 Rom.
1869 2080 1929 2114 ac
1955 2066 2245 2115 Mss.'1'orr.
2295 2065 2498 2129 llyrium

300 2129 430 2177 Lisl.
479 2129 696 2180 Inliliam
720 2133 833 2181 Pal.
858 2138 903 2182 1.
944 2133 1149 2183 Yliciam
1176 2136 1286 2184 Pal.
1310 2139 1359 2182 2.
1392 2133 1579 2182 Liciam
1599 2133 1760 2181 Vind.
1780 2137 1826 2180 2.
1862 2132 2043 2180 Litium
2066 2131 2210 2180 Cort.
2248 2130 2498 2180 Glauciam

300 2194 437 2242 Edd.
472 2194 793 2259 BonsLngd.
817 2197 1110 2247 Parim—ll
1151 2200 1490 2261 Distinguunt
1514 2206 1631 2261 post
1652 2199 1837 2246 diversa
1872 2196 2004 2244 Edd.
2039 2197 2170 2245 Bas.··
2195 2196 2343 2247 Junt.
2374 2195 2495 2245 Ald.

300 2258 482 2321 steph.
508 2259 678 2310 Plaut.
743 2262 872 2310 Mox
910 2263 1067 2312 Deum
1101 2265 1248 2314 Torr.
1288 2265 1490 2327 putavit
1513 2277 1624 2312 esse
1647 2263 1920 2325 glossema.
1983 2261 2043 2308 In
2070 2261 2331 2324 plerisque
2354 2261 2499 2309 Vett.

300 2331 355 2371 et
386 2324 533 2372 novis
557 2324 684 2373 Ideoe
716 2326 1101 2376 excuditur.-—-1
1135 2328 1414 2378 Adhoerent.
1446 2328 1641 2377 Medic.
1669 2332 1711 2375 1.
1751 2326 1882 2375 Edd.
1917 2326 2036 2374 Bas.
2077 2325 2278 2388 Grypli.
2318 2326 2496 2374 Plant.

298 2388 448 2437 Torr.
498 2389 747 2439 cohoerent.
784 2393 927 2439 Voss·
975 2394 1100 2440 Tum
1120 2409 1171 2442 se
1194 2402 1315 2442 ante
1336 2409 1432 2456 seq.
1457 2393 1604 2441 abest
1629 2407 1658 2440 a
1680 2392 1848 2440 Periz.
1871 2392 2015 2440 Cort.
2036 2390 2170 2439 Edd.
2194 2391 2340 2438 Rom.
2364 2391 2496 2439 Ven.

299 2453 448 2503 Med.
472 2453 624 2503 Cald.
662 2455 789 2506 Bon.
822 2464 875 2506 et
914 2457 989 2506 ita
1024 2458 1215 2523 aliquos
1248 2460 1423 2523 legere
1450 2466 1594 2508 notat
1617 2457 1830 2521 Longol.
1853 2455 1917 2505 ad
1943 2455 2077 2506 Plin.
2108 2456 2204 2518 Ep.
2232 2468 2288 2503 x.
2313 2457 2422 2505 110.
2455 2455 2498 2503 si

1293 2623 1509 2673 NOTAE
1586 2607 1589 2608 ’

298 2726 568 2781 paruerat,
601 2733 701 2769 non
734 2721 898 2770 minus
934 2722 1126 2772 cecidit
1149 2723 1199 2770 in
1225 2722 1361 2771 Can·

298 2793 445 2843 nensi
487 2809 658 2857 pugna
696 2812 811 2845 cum
853 2800 1105 2848 exercitu.
1173 2798 1268 2848 Cui
1306 2805 1361 2847 et

300 2869 388 2916 illa
433 2868 500 2917 de
547 2872 808 2920 contrario
847 2872 1039 2921 addere
1084 2881 1182 2935 est,
1222 2872 1359 2937 quod

299 2941 560 3008 Papyrius
595 2946 849 2997 Samnites
889 2946 1124 2998 funditus
1156 2950 1359 2997 deleve·

298 3022 396 3078 rit;
434 3022 662 3084 quamvis
684 3020 816 3071 falso
841 3025 1127 3074 nuntiatum
1152 3026 1201 3074 ei
1225 3023 1362 3074 foret

301 3090 588 3160 tripudium
613 3098 738 3147 illud
765 3094 1087 3164 solistimum,
1118 3110 1176 3152 ut
1212 3109 1362 3166 patet

300 3189 365 3221 ex
390 3173 525 3222 Livii
548 3174 635 3222 lib.
657 3188 737 3224 lx.
762 3176 944 3226 decad.
967 3191 1005 3226 1.

364 3257 398 3281 w
447 3249 765 3315 Dictator-em]
816 3253 1142 3302 Dictatorem
1184 3253 1360 3302 dicere

302 3323 541 3374 Consulis
576 3335 709 3388 erat,
746 3327 899 3391 idque
933 3329 1048 3377 viva
1086 3343 1232 3387 voce,
1264 3342 1363 3378 nec

300 3402 396 3449 nisi
425 3415 538 3450 raro
563 3417 657 3465 per
680 3404 873 3460 literas,
897 3418 998 3453 non
1019 3403 1237 3452 Senatus
1264 3417 1360 3451 nec

301 3478 509 3540 populi3
542 3493 831 3544 quanquam
854 3482 937 3529 hic
964 3480 1247 3529 nominaret
1268 3480 1359 3528 ali-

301 3554 506 3617 quando
533 3569 678 3616 quem
704 3556 808 3604 dici
830 3558 1008 3605 vellet.

365 3636 394 3663 ¹
431 3629 639 3680 Gliciam
680 3632 930 3696 [Ilyciam]
968 3625 1221 3693 viatorem]
1258 3630 1360 3692 Alii

299 3707 566 3770 Hilyciam‚
600 3708 685 3756 alii
735 3710 983 3759 Glauciam
1036 3711 1238 3773 legunt,
1280 3711 1362 3759 vel

304 3783 548 3845 Glyciam,
569 3784 704 3847 quod
741 3794 1053 3847 postremum
1080 3787 1214 3835 tueri
1238 3802 1359 3850 quo-

303 3872 406 3923 que
429 3860 659 3921 potuerit
692 3861 972 3909 auctoritas
994 3863 1132 3911 Flori
1165 3862 1214 3909 in
1242 3864 1363 3925 Epi-

303 3927 443 3983 tome
465 3935 674 3983 Liviana
697 3936 787 3985 lib.
805 3949 925 3985 xix.
947 3937 1036 3985 ubi
1056 3937 1250 3986 factum
1268 3938 1363 3987 hoc

300 4018 499 4072 narrat,
542 4019 596 4059 et
635 4011 886 4061 Glauciam
918 4014 999 4061 vel
1037 4013 1254 4079 Glyciam
1290 4015 1362 4063 le-

306 4095 472 4156 gunt..
525 4086 765 4136 Viatores
809 4098 957 4137 erant
995 4090 1232 4149 ministri,
1278 4091 1364 4152 qui

304 4162 368 4209 a'b
395 4161 541 4210 initio
561 4162 837 4212 Senatores
856 4179 919 4212 ex
942 4162 1073 4227 agris
1098 4166 1149 4213 in
1168 4165 1361 4214 Urbem

304 4247 671 4299 accerserent3
707 4254 831 4304 quos
871 4255 901 4287 a
939 4235 1204 4290 lictoribus
1237 4242 1363 4290 alios

1439 2734 1541 2769 non
1565 2717 1739 2778 fnisse,
1762 2724 1942 2767 auctor
1963 2722 2044 2766 est
2067 2716 2267 2766 Gellius
2291 2715 2376 2765 lib.
2395 2729 2499 2765 ιιι.

1441 2811 1487 2846 c.
1512 2800 1560 2845 3.

1503 2881 1526 2915 5
1541 2871 1662 2919 Cum
1673 2870 1842 2933 sacris]
1865 2870 2120 2919 vastante
2135 2869 2340 2918 Italiam
2358 2868 2499 2918 Han-

1440 2947 1627 3002 nibale,
1641 2947 1856 2996 Romani
1874 2952 2173 3009 repererant
2199 2946 2250 2994 in
2269 2946 2411 2994 libris
2423 2946 2498 2995 Si·

1442 3023 1650 3086 byllinis
1665 3025 2000 3084 alienigenam
2013 3023 2208 3071 hostem
2222 3023 2377 3071 Italia
2391 3024 2499 3086 pel-

1444 3102 1479 3149 li
1499 3116 1667 3163 posse,
1681 3100 1721 3149 si
1737 3108 1902 3149 mater
1913 3098 2058 3148 ldaea
2072 3099 2384 3148 Pessinunte
2398 3100 2499 3149 Ro-

1443 3192 1575 3225 mam
1592 3176 1812 3225 advecta
1827 3174 1984 3225 foret.
2019 3175 2500 3239 Quapropter-,mis-

1444 3256 1513 3303 sis
1539 3254 1602 3302 ad
1627 3252 1861 3304 Attalum
1888 3255 2131 3317 Phrygiae
2158 3268 2329 3315 regem
2361 3255 2497 3315 lega-

1448 3330 1534 3388 tis,
1569 3331 1914 3390 impetrarunt
1957 3329 2021 3377 ab
2055 3343 2135 3383 eo,
2179 3330 2498 3390 Romamque

1444 3400 1806 3467 deportarunt,
1840 3418 2040 3452 sacrum
2080 3404 2218 3463 illum
2254 3403 2498 3466 lapidem,

1442 3494 1593 3543 quem
1628 3487 1844 3527 matrem
1879 3479 2054 3548 Deum
2087 3493 2199 3526 esse
2224 3477 2498 3535 ferebant3

1442 3549 1761 3619 contigitque
1789 3564 1910 3603 tunc
1938 3554 2239 3602 miraculum
2266 3552 2412 3612 illud,
2433 3553 2498 3601 de

1442 3647 1544 3696 quo
1568 3632 1844 3681 Suetonius
1867 3632 1966 3678 hoc
1998 3630 2132 3691 loco,
2162 3629 2298 3694 quod
2323 3635 2498 3677 tamen

1443 3709 1624 3758 mirum
1665 3715 1744 3757 est
1779 3722 1812 3756 a
1844 3708 1988 3755 Livio
2020 3721 2126 3755 rem
2151 3705 2215 3754 ab
2239 3705 2384 3753 initio
2405 3704 2501 3768 de·-

1444 3788 1700 3838 seribente
1736 3787 1826 3836 lib.
1849 3800 1926 3836 ix.
1958 3786 2136 3835 decad.
2162 3798 2244 3833 tn.
2284 3789 2498 3846 praeter·

1444 3866 1668 3915 missum.
1698 3864 1890 3927 Cybele
1911 3876 2065 3926 porro
2082 3870 2248 3909 mater
2264 3861 2497 3909 Deorum

1445 3941 1656 4000 dicitur,
1682 3939 1827 3987 Idaea
1850 3948 2015 3986 mater
2039 3946 2093 3985 et
2117 3935 2442 3998 Dindymene
2467 3950 2500 3984 a

1444 4015 1705 4063 montibus
1729 4013 1826 4062 Ida
1856 4020 1912 4062 et
1948 4004 2229 4075 Din'dymo,
2252 4011 2339 4060 ubi
2363 4012 2499 4060 cole-

1443 4091 1631 4151 batur;
1668 4099 1724 4139 ut
1769 4098 1822 4139 et
1866 4089 2228 4139 Pessinuntica
2269 4090 2330 4139 ab
2370 4090 2496 4140 urbe

1445 4168 1666 4217 Galatiae
1691 4169 1922 4231 Pessino,
1948 4168 2000 4216 in
2036 4168 2270 4232 Phrygiae
2295 4182 2496 4231 magnae

1444 4244 1685 4295 confinio.
1858 4245 1861 4246 ⁷
2152 4270 2159 4276 -
2368 4239 2377 4244 ”
