3019 4922
1167 438 1184 457 “
1208 444 1588 502 Truentus.
2358 442 2491 507 449

297 590 473 666 verti,
505 588 598 659 mi
628 593 879 673 Tiberi,
912 599 978 660 et
1004 593 1178 659 inter
1217 601 1317 660 tot
1346 600 1562 662 rerum
1585 607 1639 636 ¹0
1665 596 2111 677 difficultateS,
2158 598 2257 663 καὶ
2279 600 2492 664 τοο-αύ-

293 722 389 774 την
435 695 709 783 ῥᾳθυμίαν
739 706 758 735 ¹
787 706 807 734 ⁸
868 702 979 760 τῶν
1024 695 1529 787 ινὲιᾋωντευομι,ἔνων,ἔ
1563 720 1695 764 non
1741 701 2041 783 potuisse
2102 723 2488 787 quenquam

292 799 680 883 prudentius
712 794 938 882 gerere
968 820 1060 879 se,
1092 820 1296 883 quam
1321 807 1394 865 tu
1422 805 1758 884 gesseriS‚²
1794 803 2131 869 existimo,
2197 806 2294 870 Hi
2325 828 2490 890 quo·

295 922 451 985 que,
485 904 600 986 qui
628 910 845 967 tecum
876 905 1164 984 fuerunt,
1187 924 1419 969 omnes
1456 905 1877 983 confitentur,
1907 923 2167 972 versum
2203 909 2387 972 illum
2417 894 2495 974 in

294 1013 362 1068 te
390 1024 592 1088 posse
617 1005 791 1070 dici:
2456 1018 2459 1023 ’

559 1107 754 1171 Unus
776 1108 980 1173 homo
1003 1111 1023 1146 ³
1053 1111 1246 1174 nobis
1273 1111 1611 1194 vigilando
1637 1112 1929 1177 restituit
1955 1131 2115 1176 rem.

296 1209 456 1275 Sive
477 1218 497 1256 ³
532 1211 693 1294 quid
714 1212 974 1290 incidit,
1006 1213 1089 1277 de
1120 1233 1257 1296 quo
1281 1214 1366 1279 sit
1396 1215 1823 1297 cogitandum
1842 1221 1873 1263 4
1905 1216 2315 1297 diligentius,
2344 1217 2515 1301 sive,

297 1468 298 1471 ,
341 1403 385 1467 ,ἐ
423 1417 626 1468 Tantum
645 1419 875 1469 desidiam
896 1419 1221 1470 militantium.

1220 1579 1546 1603 MNOMN
1552 1581 1579 1600 O

293 1713 409 1763 boec
428 1728 530 1763 vox
551 1729 581 1763 a
602 1714 759 1764 vind.
798 1724 1018 1781 utroque
1054 1723 1108 1766 et
1142 1717 1280 1766 aliis.
1338 1718 1402 1767 In
1443 1717 1574 1781 Cup.
1610 1717 1910 1782 duobusque
1941 1716 2092 1767 Torr.
2126 1717 2495 1781 εὐβουλέστατε,

294 1779 430 1843 quod
480 1780 640 1842 magis
691 1783 886 1844 placuit
929 1782 1170 1831 Beroald.
1216 1783 1362 1832 Cort.
1404 1783 1700 1839 εὖβουλεστα
1736 1781 2016 1833 EdsRom.
2055 1796 2134 1845 pr.
2168 1782 2493 1840 εὐβουαεστες,

294 1844 433 1893 uude
472 1846 602 1909 conj.
648 1844 865 1896 casaub.
906 1847 1204 1908 ’γονιμώτατε
1248 1864 1297 1895 v.
1334 1848 1626 1910 εὖφυέστατε
1670 1864 1717 1896 v.
1761 1846 2067 1908 μονιμώτατε.
2133 1848 2258 1896 Mox
2283 1849 2334 1896 in
2359 1849 2493 1897 Edd.

295 1909 528 1971 plurimis
555 1919 671 1974 post
693 1925 804 1960 eam
840 1927 1019 1961 vocem
1057 1914 1208 1973 plena
1242 1915 1534 1975 ponebatur
1571 1913 1856 1970 distinctio,
1879 1928 1940 1961 ac
1972 1913 2080 1961 Vale
2105 1917 2154 1961 et
2175 1914 2277 1961 ord.
2306 1913 2500 1976 junge·

295 1975 502 2024 bantur.
565 1975 736 2026 Deest
766 1976 823 2025 τὸ
865 1979 920 2026 et'
950 1993 980 2026 a
1014 1978 1145 2027 Mss.
1184 1977 1327 2026 Glar.
1366 1980 1537 2027 Pulm.
1578 1978 1736 2028 duob.
1768 1979 1916 2026 Torr.
1957 1977 2070 2041 (qui
2097 1978 2272 2026 mallet
2307 1979 2368 2025 ud
2410 1979 2491 2027 vel

291 2039 487 2101 desboc
511 2041 664 2090 modo
684 2058 697 2090 ε
722 2041 800 2091 De
820 2041 1015 2107 ordine)
1033 2043 1154 2092 trib.
1174 2044 1370 2092 Medic.
1392 2044 1548 2093 Vind.
1576 2048 1620 2091 l.
1661 2044 1818 2092 Polit.
1839 2044 1986 2092 Voss.
2019 2043 2162 2091 Cort.
2184 2043 2333 2091 Huls.
2360 2041 2495 2091 Edd.

295 2105 443 2155 Rom.
469 2105 598 2154 Ven.
623 2112 669 2155 1.
702 2106 881 2167 Steph.
909 2108 1051 2170 Lips.
1095 2109 1301 2158 volebat
1345 2108 1477 2158 Vale.
1550 2109 1781 2158 Ordinem
1802 2122 1882 2156 σε.
1907 2113 1946 2157 t.
1980 2122 2068 2168 ego
2090 2122 2135 2155 v.
2157 2123 2217 2157 m.
2247 2107 2301 2156 T.
2338 2109 2492 2169 lando,

187 2194 196 2202 α
292 2169 550 2233 quomodo
574 2171 766 2233 legitur
787 2174 836 2219 in
860 2173 985 2221 Cod.
1011 2174 1129 2222 Urs.
1150 2179 1205 2221 et
1224 2173 1321 2222 Ed.
1340 2174 1520 2236 Stepli.
1543 2174 1791 2235 probante
1808 2173 1961 2220 etiam
1983 2173 2292 2221 Graev.—10
2311 2171 2494 2221 Rerum

293 2249 398 2291 non
431 2234 625 2284 habent
651 2236 805 2286 vind.
831 2241 879 2284 l.
916 2239 1060 2287 Cort.
1098 2237 1271 2288 Periz.
1312 2237 1445 2287 Edd.
1488 2239 1789 2299 Rom-Uen.
1814 2236 1956 2286 Med.
1979 2237 2128 2285 Culd.
2151 2237 2314 2297 Lugd.
2343 2237 2496 2287 Junt.

291 2298 417 2348 Ald.
456 2301 730 2361 Steph.-l
768 2300 1024 2363 Ἀπθυμῖαν
1059 2302 1250 2353 Medic.
1289 2309 1335 2352 l.
1368 2307 1418 2352 2.
1454 2301 1710 2364 ἀπευμείαν
1739 2304 1890 2352 Voss.
1929 2300 2188 2363 ἄποθυμίαν
2218 2301 2415 2351 Medic.
2449 2306 2496 2352 3.

294 2364 432 2427 quod
468 2365 621 2427 jubet
656 2366 760 2427 legi
800 2369 953 2415 Salm.
998 2368 1209 2418 Memm.
1246 2367 1533 2432 ἀπροθυμίαν
1572 2368 1774 2430 praebet
1806 2382 1922 2416 cum
1961 2368 2073 2416 aliis
2108 2367 2242 2429 apud
2265 2367 2496 2415 Turneb.

294 2428 434 2478 Adv.
455 2441 577 2479 xiv.
603 2433 681 2478 17.
705 2438 760 2479 et
796 2431 1018 2482 Casaub.
1058 2441 1113 2482 et
1151 2433 1435 2495 praeferunt
1459 2432 1599 2484 Oud.
1617 2431 1875 2483 wolfi—2
1914 2433 1986 2481 Tu
2008 2438 2055 2481 te
2071 2446 2198 2492 gess.
2223 2430 2351 2480 Cod.
2374 2431 2494 2479 Urs.

291 2494 421 2543 Mox
440 2495 771 2559 confirmentur
792 2498 1005 2561 Cuj.—3
1031 2498 1092 2546 In
1121 2497 1252 2546 Edd.
1274 2499 1448 2559 vulgg.
1470 2506 1586 2559 post
1608 2499 1707 2547 siue
1725 2498 1971 2546 inseritur
1986 2497 2162 2559 inquit,
2186 2496 2273 2543 sed
2299 2495 2496 2545 delevit

294 2555 421 2608 Ern.
444 2567 658 2608 auctore
695 2561 835 2611 Oud.
876 2568 931 2611 et
962 2563 1276 2611 auctoritate
1313 2564 1526 2611 Memm.
1564 2562 1758 2611 Medic.
1783 2567 1828 2611 1.
1852 2565 1899 2610 3.
1925 2560 2083 2609 Polit.
2102 2559 2256 2608 vind.
2275 2565 2323 2609 2.
2347 2562 2497 2609 Cort.

294 2625 525 2673 Harlem.
551 2625 681 2688 Cop.
721 2627 813 2675 Ed.
847 2627 1031 2688 Camp.
1071 2627 1394 2677 accedentib.
1430 2628 1645 2688 longol.
1667 2628 1826 2675 Fouc.
1881 2626 2009 2681 Quid
2033 2624 2182 2674 deest
2205 2624 2346 2672 Dun.
2377 2625 2496 2673 Me·

294 2687 396 2738 dic.
418 2693 468 2737 2.
490 2689 607 2752 Cuj.
657 2693 778 2752 quod
814 2690 943 2741 dant
967 2692 1119 2741 Vind.
1147 2698 1192 2741 1.
1227 2692 1396 2741 Per-iz.
1422 2693 1655 2741 Harlem.
1679 2691 1813 2739 Edd.
1834 2687 1963 2738 Ven.
1990 2689 2134 2737 Med.
2158 2688 2304 2737 Cald.
2329 2688 2494 2747 Lugd.

294 2758 391 2803 -4
433 2755 570 2803 Esset
604 2756 854 2820 cogitando
885 2758 1041 2805 Vind.
1080 2763 1126 2806 1.
1182 2759 1265 2805 sed
1296 2772 1401 2817 cog.
1436 2757 1632 2805 Medic.
1669 2761 1720 2805 2.
1781 2755 1921 2803 Dein
1956 2754 2298 2803 stomachorum
2335 2754 2407 2802 vel
2437 2755 2496 2802 de

294 2818 510 2870 Memm.
534 2820 727 2869 Medic.
750 2825 797 2869 1.
822 2821 958 2869 unde
984 2822 1117 2885 conj.
1142 2821 1325 2870 Heius.
1360 2823 1459 2870 sive
1490 2823 1603 2883 quid
1640 2820 1997 2869 stomachosum.
2068 2819 2130 2867 In
2153 2819 2304 2866 Voss.
2324 2823 2496 2866 stoma-

294 2883 541 2933 chaudum.
608 2886 738 2935 Mox
772 2892 1061 2950 succurretq.
1100 2888 1268 2937 Periz.
1309 2887 1543 2936 Har-iem.
1580 2886 1715 2935 Edd.
1752 2886 1883 2934 Ven.
1922 2889 1968 2934 1.
2004 2884 2148 2933 Med.
2188 2883 2336 2933 Ca'ld'.
2371 2883 2493 2932 Basa

1271 3075 1486 3129 No'rAE

295 3187 522 3252 videtur,
579 3192 714 3254 qnod
760 3191 1085 3257 disciplinam
1139 3194 1356 3244 severis-

297 3265 426 3314 sime
452 3276 680 3327 regeret,
704 3278 760 3318 ut
781 3284 938 3334 supra
956 3286 1002 3319 c.
1022 3275 1101 3321 19.
1170 3271 1357 3319 Aliile-

1439 3192 1670 3242 tionibus
1709 3192 2128 3257 acquiescebant,
2167 3198 2225 3241 ut
2249 3189 2497 3251 colligere

1437 3277 1521 3319 est
1556 3285 1619 3318 ex
1661 3270 1999 3319 seditionibus
2020 3275 2136 3331 post
2170 3268 2284 3330 ejus
2320 3266 2498 3314 statim

300 3348 428 3402 gunt
452 3342 821 3409 εὗβουλέστατε,
836 3347 1003 3409 optimi
1020 3347 1225 3410 consilii,
1242 3362 1355 3410 pru·

296 3415 589 3480 (lentissime,
614 3423 971 3472 consultissime.
1104 3427 1110 3433 '

325 3551 328 3552 7
364 3499 385 3525 ¹⁵
423 3493 554 3544 Vale.
578 3495 829 3560 Et[Va1e‚
851 3498 923 3563 et]
945 3500 1154 3548 ordinem
1169 3499 1358 3547 ‹estivo-

299 3585 423 3632 παπ,
447 3571 556 3634 ὅτι]
596 3573 759 3622 Deest
786 3576 1019 3629 verbum,
1043 3590 1133 3625 seu
1161 3575 1359 3639 phrasis

298 3645 449 3695 istius
468 3648 765 3711 conjunctio
776 3666 891 3700 cum
912 3652 1111 3717 reliqua
1125 3652 1362 3715 epistola,

299 3737 454 3785 quam
476 3736 575 3772 non
592 3726 789 3781 retulit,
818 3742 864 3777 v.
891 3742 939 3789 g.
971 3728 986 3754 ‘
1003 3726 1232 3776 ordinem
1258 3743 1361 3777 ser·

301 3796 383 3846 va'
422 3801 515 3848 aut
551 3800 567 3827 ⁴
586 3801 790 3864 retine,’
830 3804 928 3851 ὅτε.
998 3802 1197 3852 AEstiva
1238 3809 1360 3853 sunt

298 3875 435 3935 loca,
458 3875 511 3923 in
548 3876 733 3939 quibus
757 3879 946 3928 milites
988 3887 1171 3930 aestate
1196 3881 1359 3930 conti-

302 3950 581 4015 nebantur,
615 3966 731 4016 quae
776 3955 818 4001 si
860 3953 924 4001 ad
963 3955 1205 4018 exignum
1230 3962 1360 4004 tem·

301 4023 657 4090 pus-fuissent,
695 4030 980 4078 mansiones
1018 4038 1199 4093 postea
1222 4029 1359 4080 dictu

301 4112 454 4153 sunt:
490 4105 534 4153 si
556 4106 750 4156 diutius
772 4108 825 4156 iu
848 4107 948 4155 illis
974 4107 1363 4168 immorandum,

312 4180 520 4230 stativa.

325 4289 326 4294 =
367 4264 386 4290 ⁸
417 4258 664 4318 Τοσαύτην
679 4258 922 4324 ῥᾳθυμίαν]
944 4261 1050 4309 Sub
1073 4260 1228 4311 finem
1250 4260 1358 4310 Au·

304 4337 445 4398 gusti
461 4351 575 4385 -non
597 4339 672 4387 ita
695 4338 931 4386 lubentes
955 4338 1150 4388 militiae
1178 4337 1357 4387 condi·

436 4418 613 4481 Delph.
637 4424 684 4468 et
715 4418 831 4469 Var.
855 4420 984 4468 Clas.

1329 4418 1521 4470 Sueton.

1437 3350 1653 3392 mortem
1700 3347 1917 3406 exortis,
1957 3344 2022 3391 d'e
2058 3342 2243 3406 quibus
2281 3340 2497 3389 Tacitus

1438 3420 1633 3470 Annal.
1669 3435 1706 3470 1.
1743 3429 1805 3469 et‘
1842 3433 1906 3473 ιι.
1953 3426 2008 3468 et
2050 3418 2324 3468 Suetonius
2364 3415 2498 3465 infra

1440 3512 1561 3561 cap.
1582 3502 1663 3546 25.
1729 3498 1883 3547 Unde
1921 3491 2126 3563 videtur
2146 3494 2378 3543 Tiberius
2401 3493 2497 3543 hoc

1441 3574 1579 3637 apud
1607 3575 1899 3637 Augustum
1919 3579 2232 3635 conquestus
2253 3568 2429 3618 fnisse.

1479 3652 1522 3684 =⁸
1563 3653 1696 3701 Unus
1728 3650 1884 3712 homo]
1916 3649 2086 3699 Notus
2128 3648 2277 3696 Ennii
2319 3660 2496 3695 versus

1413 3728 1506 3778 *de
1551 3727 1709 3777 Fabio
1747 3726 1980 3775 Maximo
2025 3724 2215 3773 bellum
2279 3727 2494 3785 gerente

1442 3804 1686 3853 adversus
1730 3802 2061 3863 Annibalem,
2109 3799 2161 3848 in
2200 3814 2300 3863 quo
2324 3806 2496 3847 tamen

1438 3880 1705 3942 Augustus
1730 3892 1824 3942 pro
1858 3879 1874 3906 ‘
1897 3874 2211 3926 cunctando'
2235 3873 2517 3940 scribebat„

1438 3963 1453 3986 ‘
1473 3952 1770 4021 vigilando,’
1812 3960 1868 4002 ut
1900 3952 2219 4003 ostenderet
2244 3951 2496 4000 Romanas

1440 4033 1803 4083 res-meliorem
1827 4031 1879 4080 in
1912 4037 2102 4080 statum
2124 4028 2391 4077 restitutas
2413 4028 2497 4077 Ti·

1445 4110 1577 4159 berii
1602 4107 1889 4173 vigilantia,
1921 4103 2346 4171 quemadmodum
2372 4105 2497 4153 alias

1443 4186 1591 4235 Fabii
1627 4184 1976 4243 cunctatione,
2019 4187 2236 4245 propter
2263 4196 2396 4242 eam,
2429 4182 2495 4230 de

1442 4278 1544 4327 qua
1569 4277 1685 4324 cap.
1712 4265 1790 4310 18.
1811 4260 2123 4310 cautionem.

2257 4412 2366 4460 21¹·
