3019 4922
2374 399 2504 490 405

318 580 512 644 tertio
543 579 777 663 gradu,
808 576 1223 662 propinquos
1266 581 1660 664 amicosque
1692 582 2128 665 complures.³
2220 586 2502 675 Legavit

314 683 633 767 populoW
684 681 1610 766 RomanoquadringentieS,
1658 685 2011 749 tribubus*
2060 689 2281 752 tricies
2312 691 2504 772 quin-

315 787 507 868 quies
565 784 968 849 sestertium:
1043 783 1479 851 Praetorianis
1525 787 1850 863 militibus
1913 791 2176 869 singula
2231 792 2447 857 millia
2474 800 2503 838 Υ

314 906 751 963 nummorum,
797 886 1178 951 cohortibus
1224 889 1536 953 urbanisz
1597 890 2062 974 quingenoS,⁴⁸
2125 895 2500 976 legionariis

314 998 614 1056 trecenos
645 989 670 1026 ¹³
700 1010 1036 1055 nummos:
1084 1010 1286 1074 quam
1328 1012 1656 1058 summam
1684 1002 1706 1029 ²
1758 998 2227 1077 repraesentari
2246 996 2498 1080 jussit:

1200 433 1595 482 OCTAVIUS.

1229 1222 1521 1244 “““““““
1524 1223 1585 1242 Ν

311 1377 413 1425 lam
439 1375 574 1424 Oud.
602 1375 897 1424 auctoribus
914 1375 1107 1424 Medic.
1132 1379 1180 1425 2.
1206 1378 1256 1424 8.
1281 1375 1437 1425 Polit.
1455 1377 1584 1437 Cop.
1611 1377 1822 1440 Cuj.—3
1852 1379 2115 1439 Compluris
2139 1385 2190 1427 et
2214 1393 2330 1428 mox
2354 1380 2501 1441 legio-

312 1443 444 1490 naris
464 1442 677 1490 Memm.
728 1441 896 1488 Etiam
921 1441 1121 1504 quinque
1142 1455 1237 1504 pro
1259 1441 1503 1504 quinquies
1525 1442 1575 1489 in
1594 1443 1787 1491 Medic.
1811 1447 1857 1492 1.
1876 1448 1923 1493 3.
1949 1443 2102 1492 Vind.
2128 1448 2176 1493 2.
2199 1444 2340 1493 Cort.
2364 1444 2499 1492 Edd.

313 1507 463 1555 Rom.
486 1507 617 1555 Ven.
640 1504 785 1555 Med.
810 1506 1042 1569 aliisque.
1098 1506 1284 1555 Totum
1310 1506 1409 1555 hoc
1444 1507 1558 1555 trib.
1598 1509 1707 1556 tric.
1727 1508 1892 1572 quinq.
1926 1516 2222 1569 suspectum
2257 1517 2337 1557 est
2358 1509 2505 1558 'Por-r.

314 1571 402 1634 qui
428 1573 510 1620 vel
528 1571 849 1635 expungend.
877 1578 1075 1624 censet,
1099 1572 1181 1620 vel
1209 1571 1413 1632 legend.
1448 1572 1540 1633 leg.
1561 1587 1667 1635 pop.
1694 1572 1831 1623 Rom.
1853 1588 1936 1635 per
1957 1574 2110 1623 tribus
2131 1574 2367 1624 XXXV.
2391 1589 2505 1637 quu-

310 1637 606 1698 dringenties
630 1636 739 1685 HS.
801 1635 1041 1684 Beroald.
1066 1633 1281 1685 affirmat
1304 1636 1588 1685 dictionem
1621 1637 1834 1687 tribubus
1855 1651 1954 1686 non
1979 1653 2090 1688 esse
2122 1639 2171 1688 in
2198 1639 2502 1704 quibusdam

312 1700 477 1750 Codd.
501 1709 554 1751 et
578 1703 715 1765 Lips.
741 1701 910 1750 Elect.
934 1714 972 1749 1.
1002 1705 1082 1749 12.
1116 1700 1358 1751 emendat
1392 1701 1759 1752 tribulibus.—4
1798 1703 2096 1766 Quinquenos
2119 1705 2280 1752 Fouc.
2336 1703 2503 1753 Abest

313 1766 489 1827 legion.
521 1767 633 1831 Cuj.
686 1767 851 1828 Supra
877 1765 1016 1815 Oud.
1053 1781 1170 1814 cum
1200 1767 1347 1816 Torr.
1382 1768 1558 1815 mallet
1589 1766 1797 1822 nutrium,
1833 1783 1894 1818 ac
1935 1769 2081 1818 abest
2118 1769 2293 1818 cohort-
2316 1784 2346 1817 a
2370 1768 2502 1817 Cod.

314 1832 431 1880 Urs.
488 1832 624 1882 Item
643 1836 814 1881 trecen.
851 1831 978 1881 Mss.
1002 1830 1143 1880 Oud.
1171 1833 1347 1880 Burm.
1373 1846 1487 1881 cum
1515 1832 1647 1882 Edd.
1678 1833 1898 1884 Casaub.
1927 1834 2198 1898 prioribus.
2233 1835 2300 1884 al.
2322 1838 2500 1883 trecen·

1305 2014 1519 2065 NOTA:

343 2181 348 2186 .
378 2149 411 2174 ν
443 2141 650 2206 Populo]
682 2142 800 2192 Hoc
824 2150 925 2204 est,
961 2143 1159 2193 civibus
1187 2143 1373 2199 Roma-

313 2220 412 2275 nis,
434 2219 520 2283 qui
543 2219 795 2283 ejusmodi
818 2219 1145 2283 largitionum
1170 2229 1372 2284 partem

312 2309 503 2358 capere
542 2296 801 2352 solerent„
831 2307 923 2345 aut
969 2304 1193 2360 possent.
1257 2299 1374 2346 Vox

312 2372 535 2434 populus
574 2385 750 2419 omnes
797 2371 939 2420 cives
979 2373 1378 2436 complectitur3

313 2447 379 2498 ad
406 2446 748 2498 diffluentiam
790 2449 976 2513 plebis,
1011 2466 1146 2516 quae,
1178 2452 1376 2501 Senatu

316 2536 372 2576 et
411 2526 685 2591 Equitibus
718 2528 971 2591 exceptis,
1002 2536 1202 2578 ceteros
1233 2530 1375 2578 cives

312 2604 568 2668 continet,
593 2607 878 2667 quanquam
902 2606 990 2654 has
1012 2619 1167 2654 voces
1206 2612 1259 2654 et
1290 2605 1375 2656 bic

313 2681 533 2742 Auctor,
578 2688 633 2730 et
675 2682 760 2730 alii
808 2683 1109 2745 plerumque
1162 2682 1373 2745 promis-

314 2773 414 2808 cue
453 2766 751 2820 usurpent.-
786 2758 1223 2824 Quadringenties
1256 2768 1375 2810 sunt

315 2838 545 2883 1750000
569 2834 656 2883 lib.

272 2902 276 2906 ’
379 2920 406 2945 ¹
446 2911 697 2974 Tribubus]
732 2913 929 2962 Vocem
957 2913 1090 2962 hanc
1116 2928 1144 2961 a
1166 2913 1374 2977 quibus·

314 2987 434 3037 dam
469 2986 733 3038 codicibus
770 2988 946 3038 abesse
974 2990 1261 3039 Beroaldus
1300 2989 1373 3039 af·

314 3064 505 3125 firmat,
530 3080 629 3129 qua
660 3066 862 3115 sublata
890 3068 1164 3133 legeretur,
1192 3068 1376 3132 Populo

316 3143 529 3191 Romano
579 3142 967 3206 quadringenties
1019 3144 1184 3193 tricies
1237 3145 1376 3209 quin·

314 3219 465 3281 quies,
512 3226 695 3280 aperto
739 3232 909 3268 sensu.
996 3220 1194 3283 Verum
1253 3222 1377 3284 quia

313 3294 575 3358 vulgatior
627 3293 806 3344 habita
861 3304 942 3346 est
997 3298 1139 3359 prior
1197 3298 1375 3360 lectio,

311 3371 447 3421 hanc
487 3371 565 3421 ita
611 3378 786 3421 servat
833 3372 1032 3435 Lipsius
1076 3372 1374 3421 Electorum

311 3447 401 3497 lib.
429 3462 470 3498 π.
504 3463 551 3496 c.
583 3452 663 3497 12.
701 3454 758 3497 ut
792 3455 961 3497 tamen
1002 3463 1100 3497 non
1143 3447 1374 3515 tribubus,

316 3524 407 3574 sed
433 3525 687 3574 tribulibus
710 3525 1010 3574 substituat.
1064 3525 1261 3573 Horum
1286 3539 1377 3587 ap-

314 3591 598 3664 pellatione
635 3601 855 3665 Augusti
895 3602 1134 3663 tribuleS,
1165 3602 1230 3650 de
1266 3600 1378 3665 qui-

318 3676 416 3725 bus
461 3692 617 3741 supra
662 3691 709 3726 c.
746 3682 829 3726 40.
870 3677 1182 3741 intelligens,
1226 3683 1379 3726 extra

313 3747 507 3802 sortem
554 3754 787 3810 donatoS.
833 3754 953 3818 quia
993 3753 1262 3817 ceteroqui
1302 3754 1378 3802 bis

313 3830 453 3881 idem
496 3823 718 3895 diceret,
780 3844 895 3879 cum
954 3829 1129 3892 populi
1172 3829 1378 3879 nomine

317 3907 457 3961 aliud
492 3907 616 3956 nibil
641 3906 900 3967 intelligat
934 3921 1085 3969 quarn
1112 3906 1275 3955 tribus
1300 3907 1377 3970 ip-

316 3999 421 4044 sas,
440 3999 556 4047 quae
581 3996 793 4032 numero
810 3981 1029 4045 triginta
1050 3982 1269 4047 quinque
1290 3997 1377 4045 po·

317 4059 495 4124 pulum
513 4058 901 4108 constituebant
920 4061 1230 4120 universum,
1242 4060 1377 4123 quod

317 4141 372 4187 et
397 4137 463 4186 de
496 4137 642 4200 liujus
666 4135 921 4185 divisione
952 4150 1109 4199 supra
1142 4144 1376 4186 notatum

317 4222 417 4264 est.
465 4213 679 4273 ,Verum
703 4212 800 4261 hoc
824 4226 922 4261 nee
948 4228 979 4260 a
1015 4213 1182 4262 Dione
1215 4223 1311 4261 nec
1347 4229 1379 4265 a

316 4294 502 4343 Tacito
548 4290 1048 4357 praetermittendum
1104 4290 1284 4352 fuisse,
1332 4293 1375 4341 si

317 4382 471 4425 tanta
503 4372 817 4424 liberalitate
853 4384 977 4434 erga
1010 4369 1126 4420 illos
1161 4384 1277 4418 usus
1302 4385 1377 4419 es·

1450 2153 1551 2208 set,
1588 2146 1965 2197 verosimillime
1993 2144 2289 2196 Torrentius
2326 2144 2502 2196 existi-

1448 2231 1578 2285 mat,
1601 2230 1655 2273 et
1670 2224 1914 2273 Beroaldi
1940 2224 2244 2285 sententiam
2269 2221 2506 2286 praefert.

1450 2300 1785 2350 Casaubonus
1807 2300 1930 2350 nibil
1962 2301 2219 2364 immutat,
2241 2299 2503 2365 tribusque

1450 2377 1529 2426 sic
1573 2375 1845 2439 distinguit
1887 2392 1919 2426 a
1963 2377 2174 2441 populo,
2213 2384 2272 2425 ut
2305 2375 2504 2425 illarum

1450 2454 1796 2517 appellatione
1812 2454 2162 2519 intelligantur
2181 2470 2210 2503 e
2227 2453 2335 2502 sola
2349 2452 2504 2516 plebe

1451 2532 1784 2594 pauperrimi.
1822 2532 1890 2580 Et
1907 2544 2087 2579 revera
2111 2529 2246 2592 apud
2267 2537 2505 2579 auctores

1449 2607 1637 2669 passim
1663 2607 1936 2657 observare
1960 2616 2058 2668 est,
2080 2607 2234 2657 modo
2248 2601 2382 2668 tres,
2401 2621 2509 2655 mo-

1449 2683 1517 2733 do
1538 2692 1758 2747 quatuor
1778 2683 1954 2747 populi
1978 2683 2185 2733 ordines
2208 2681 2507 2746 innui,quo·

1450 2773 1561 2808 rum
1585 2760 1793 2809 ultimus
1816 2760 1981 2809 tribus
2011 2758 2216 2808 nomine
2239 2772 2505 2823 nuncupe-

1449 2840 1550 2883 tur.
1636 2835 1896 2885 Martialis
1940 2835 2028 2884 lib.
2069 2847 2193 2884 vm.
2233 2834 2387 2898 Epig.
2426 2838 2506 2884 15.

1447 2912 1464 2939 ‘
1491 2912 1598 2961 Dat
1619 2911 1870 2976 Populus,
1891 2910 1981 2960 dat
2003 2918 2179 2975 gratus
2203 2911 2397 2974 Eques,
2415 2910 2508 2961 dat

1450 2988 1600 3039 thura
1633 2989 1872 3045 Senatus,
1905 2988 1977 3038 Et
2007 2988 2175 3037 ditant
2203 2987 2376 3042 Latias
2403 2994 2505 3036 ter·

1451 3066 1524 3115 tia
1567 3066 1701 3115 dona
1749 3064 1970 3114 Tribus.’
2057 3065 2126 3113 Et
2163 3079 2302 3127 saepe
2347 3064 2506 3112 etiam

1449 3144 1666 3194 tribules
1691 3142 1935 3193 dicuntur
1958 3157 1987 3191 e
2013 3141 2163 3205 plebe
2187 3140 2434 3203 vilissimi,
2449 3147 2509 3190 ut

1451 3220 1727 3270 Horatius:
1775 3222 1792 3249 ‘
1834 3220 1904 3269 Et
1948 3234 2064 3270 cum
2109 3219 2300 3283 pileolo
2341 3219 2508 3268 soleas

1450 3298 1670 3345 conviva
1693 3295 1933 3345 tribulis!
1980 3298 2050 3344 Et
2070 3296 2300 3355 Martial.
2323 3295 2509 3354 lib.‚1x.

1450 3372 1605 3434 Epig.
1629 3375 1710 3418 50.
1766 3377 1780 3397 ‘
1812 3370 1966 3419 Nunc
2007 3385 2149 3430 antis,
2192 3378 2246 3420 et
2290 3372 2508 3420 tremulo

1451 3447 1535 3496 vix
1561 3446 1865 3510 accipienda
1886 3445 2119 3498 Tribuli!
2257 3488 2261 3492 .

1517 3530 1537 3565 5
1572 3522 1778 3583 Singula
1799 3522 1974 3585 millio]
2012 3521 2120 3569 HS.
2189 3521 2323 3571 Vide
2346 3522 2396 3571 in
2415 3521 2508 3572 Ju-

1450 3599 1523 3648 lio
1546 3613 1595 3647 c.
1619 3602 1701 3647 26.
1769 3598 1980 3647 Summa
2003 3604 2082 3646 est
2101 3600 2164 3646 43
2192 3597 2279 3648 lib.
2306 3602 2412 3647 15s.
2446 3639 2451 3646 ,

1517 3685 1537 3709 2
1576 3675 1809 3739 Urbanis]
1841 3675 1952 3724 Has
1978 3674 2247 3738 distinguit
2271 3690 2301 3723 a
2327 3675 2509 3739 Legio·

1450 3753 1631 3818 nar-iis,
1660 3751 1794 3817 quod
1826 3751 1905 3800 11ae
1942 3752 1991 3801 in
2016 3750 2310 3814 provinciis,
2333 3751 2509 3806 illaein

1453 3829 1614 3880 Urbis
1653 3829 1967 3893 regionibus,
2010 3829 2074 3877 ad
2120 3842 2294 3877 earum
2331 3835 2509 3887 >custo-

1452 3908 1591 3958 diam
1613 3908 1876 3972 dispositae
1901 3913 2092 3955 essent.
2159 3907 2330 3968 Supra
2356 3920 2403 3955 c.
2428 3909 2512 3955 30.

1518 3992 1541 4018 ⁸
1577 3984 1870 4047 Quingenos]
1907 3982 2015 4032 HS.
2038 3986 2099 4032 21
2126 3983 2221 4031 lib.
2246 3986 2352 4033 17³.
2373 3982 2458 4035 od.

1518 4061 1541 4095 ¹²
1581 4059 1830 4121 Trecenos]
1863 4064 1924 4109 13
1949 4059 2039 4108 lib.
2061 4059 2290 4109 circiter.
2334 4099 2337 4101 >

1518 4144 1541 4170 ⁰
1577 4138 1731 4193 Quam
1752 4135 2001 4198 summum]
2037 4137 2158 4186 Non
2197 4142 2514 4199 postremam

1457 4213 1679 4278 t'antum,
1709 4213 1800 4262 sed
1836 4220 1892 4261 et
1925 4227 2037 4261 eam
2066 4213 2401 4266 casaubonus
2435 4214 2515 4263 in-

1458 4292 1668 4352 telligit,
1691 4305 1805 4355 quae
1820 4304 1884 4339 ex
1909 4288 2008 4340 illis
2023 4290 2257 4341 omnibus
2274 4301 2513 4352 exsurge-

1458 4375 1559 4430 ret,
1581 4373 1637 4418 et
1656 4373 1800 4418 certe
1823 4365 1981 4417 dubio
2003 4368 2148 4419 locus
2172 4380 2275 4417 non
2309 4365 2515 4415 videtur
