3019 4922
518 408 649 475 366
1369 426 1432 473 o.
1479 424 1837 473 sumomt

518 591 877 655 usurpasse
907 589 1075 646 eum,
1119 569 1330 634 literae
1375 570 1592 651 ipsius
1639 570 2117 653 autographae⁰
2161 575 2515 635 ostentant.
2606 563 2687 636 In

520 675 760 755 quibus
791 672 1162 747 identidem,
1195 692 1347 734 cum
1393 672 1657 754 aliquos
1687 693 2026 755 nunquam
2070 673 2408 737 soluturos
2440 675 2701 756 signifi--

520 795 669 838 care
711 776 870 851 vult,
918 773 1065 836 ‘Ad
1097 773 1441 838 Kalendas
1489 773 1817 839 Graecasv
1863 774 2226 839 soluturos'
2257 777 2389 855 ait3
2428 783 2494 839 et
2541 796 2694 840 cum

517 877 826 953 hortatur,
855 877 1123 940 ferenda
1165 895 1312 943 esse
1340 879 1719 958 praesentia,
1761 877 2264 961 qualiacumque
2293 880 2445 955 sint,
2475 884 2493 911 ‘
2517 878 2697 941 Con-

519 981 685 1042 tenti
728 981 1006 1041 simus¹0
1047 980 1173 1041 hoc
1213 977 1581 1059 Catone3’q
1627 985 1693 1044 et
1719 981 1804 1043 ad
1836 980 2326 1063 exprimendam
2355 981 2693 1045 festinatae

517 1082 613 1144 rei
665 1082 1105 1157 velocitatem,
1166 1084 1182 1114 ‘
1211 1080 1533 1157 CeleriuS‚
1599 1101 1803 1163 quam
1857 1082 2168 1164 asparagi
2231 1080 2651 1164 coquuntur?
2677 1088 2696 1117 ¹

519 1182 719 1248 Ponit
747 1184 1018 1249 assidue
1051 1191 1118 1246 et
1140 1190 1165 1218 ²
1211 1201 1330 1265 pro
1359 1183 1562 1246 stulto
1609 1191 1625 1220 ‘
1649 1185 1990 1248 baceolum
2010 1183 2048 1247 :’
2073 1191 2092 1230 ³
2113 1193 2134 1220 ¹
2179 1190 2249 1247 et
2277 1204 2399 1267 pro
2429 1183 2701 1267 pullo4⁸

1424 1361 1508 1380 ”O
1512 1361 1569 1380 O!
1573 1361 1779 1382 NOOOOO

518 1480 619 1529 dic.
645 1484 692 1528 1.
717 1480 844 1542 Cop.
868 1484 922 1527 et
941 1478 1231 1540 autographo
1252 1477 1405 1526 vind.
1441 1482 1485 1525 1.
1518 1477 1814 1541 antigraphae
1837 1479 2065 1527 Harlem.
2100 1478 2235 1527 Edd.
2257 1478 2389 1526 Ven.
2412 1482 2462 1527 2.
2486 1481 2536 1526 3.
2582 1478 2695 1526 Me-
2798 1515 2804 1521 .

518 1545 641 1593 diol.
665 1552 720 1592 et
743 1544 808 1592 al.
836 1552 890 1592 ut
919 1558 1033 1605 cap.
1065 1548 1146 1592 71.
1195 1542 1329 1590 Item
1359 1557 1420 1590 ex
1448 1543 1576 1605 quib.
1608 1543 1735 1591 Exc.
1768 1543 2007 1604 Cuj.—1o
2047 1542 2435 1591 contentissima
2460 1545 2612 1590 Voss.
2633 1557 2693 1590 ac

515 1625 676 1658 sumus
697 1609 745 1656 in
761 1608 875 1658 cod.
902 1608 1018 1656 Alv.
1044 1607 1235 1657 Nonnii
1253 1622 1368 1655 cum
1395 1608 1563 1655 Periz.
1580 1622 1608 1654 a
1630 1622 1697 1654 m.
1723 1613 1894 1669 pr.—l
1933 1608 2101 1670 Vulgo
2123 1607 2321 1656 velocius
2338 1625 2384 1669 q.
2412 1623 2459 1655 α.
2492 1622 2692 1670 coquun-

518 1680 614 1724 tur.
648 1675 800 1723 Nost.
825 1674 945 1721 lect.
965 1674 1157 1721 celerius
1181 1672 1407 1720 restituit
1427 1673 1617 1734 primus
1640 1671 1779 1720 Oud.
1801 1670 2092 1721 faventibus
2117 1682 2333 1736 utroque
2360 1672 2532 1721 Pulm.
2567 1672 2694 1720 Cod.

519 1739 738 1787 membb.
758 1738 979 1787 Casaub.
999 1736 1438 1797 Mediceis,Vind.
1461 1744 1695 1798 utroque,
1717 1736 1872 1785 Polit.
1890 1738 2042 1786 Fouc.
2063 1737 2176 1799 Cuj.
2196 1738 2343 1795 Voss.
2366 1737 2496 1800 Cop.
2548 1736 2696 1785 Idem

516 1808 774 1865 coquuntur
809 1803 1039 1865 praetulit
1076 1816 1189 1850 cum
1214 1817 1293 1864 pr.
1314 1801 1489 1851 Graev.
1528 1802 1624 1849 Ed.
1657 1802 1961 1850 attetoritate
1999 1801 2273 1850 eorundem
2296 1802 2465 1850 Pulm.
2501 1801 2697 1851 Medic.

515 1868 671 1916 vind.
695 1872 743 1916 2.
767 1868 905 1915 Dun.
926 1868 1082 1915 Fouc.
1104 1867 1313 1915 Memm.
1338 1874 1392 1914 et
1418 1865 1569 1914 Huls.
1590 1866 1640 1913 in
1664 1865 1842 1928 quibus
1864 1866 2058 1915 duobus
2080 1871 2319 1927 cocuntur,
2343 1865 2409 1914 de
2435 1881 2591 1914 more.
2628 1865 2692 1913 In

519 1932 633 1993 Cuj.
653 1933 949 1994 uspu·aci.—2
985 1932 1050 1979 Et
1075 1940 1192 1979 ante
1214 1946 1306 1993 pro
1325 1931 1470 1979 stulto
1507 1931 1652 1978 abest
1676 1931 1830 1979 Fouc.
1859 1947 1943 1993 per
1978 1931 2172 1980 stultum
2204 1930 2454 1980 Huls.-—3
2488 1932 2590 1994 Sic,
2616 1931 2696 1978 vel

517 1997 707 2045 bocceol.
744 1998 872 2045 Mss.
905 1998 1051 2044 Tot-r.
1091 2010 1206 2044 etim
1238 1996 1449 2044 Memm.
1485 1995 1601 2044 Pal.
1637 1999 1686 2043 2.
1720 2001 1774 2042 et
1797 1996 1926 2055 aliis,
1953 2004 2007 2044 et
2040 1996 2173 2044 Edd.
2196 1996 2384 2051 miultis,
2410 1996 2696 2058 recipiente

518 2061 657 2109 Oud.
714 2060 898 2108 Mallet
922 2061 1118 2109 Erasm.
1140 2061 1359 2120 bocetum,
1390 2059 1474 2108 cui
1495 2058 1669 2107 favent
1688 2059 1864 2108 Burm.
1903 2062 2027 2109 Ern.
2058 2060 2260 2109 Ruhnk.
2291 2059 2443 2108 Wolf.
2463 2059 2696 2109 buteolum

518 2125 620 2174 duo
644 2125 774 2173 Mss.
794 2126 938 2173 Τοιϊ.
963 2126 1075 2172 Pal.
1099 2130 1143 2173 l.
1168 2126 1328 2173 Fouc.
1352 2124 1520 2173 Periz.
1544 2119 1776 2174 Harlem.
1802 2125 1934 2175 Edd.
1960 2126 2107 2174 Rom.
2130 2125 2294 2186 Lugd.
2311 2133 2366 2174 et
2385 2125 2594 2174 minime
2618 2139 2698 2173 re-

508 2188 789 2250 jiciendum
809 2190 1010 2237 censuit
1033 2188 1251 2238 Casanb.
1276 2189 1518 2237 Beroald.
1540 2188 1696 2237 docet
1712 2191 1834 2238 alios
1846 2189 2082 2239 bliteolum
2104 2191 2297 2253 legere,
2315 2190 2405 2238 sed
2425 2190 2537 2251 ipse
2562 2204 2695 2252 prae-

517 2252 621 2301 fert
645 2255 911 2312 bluceolum,
936 2268 1152 2316 eumque
1175 2261 1455 2316 sequuntur
1475 2254 1625 2304 Junt.
1648 2254 1767 2303 Ald.
1787 2255 1964 2318 Steph.
1985 2254 2162 2302 Dolet.
2184 2254 2303 2302 Seb.
2325 2255 2526 2316 Gryph.
2562 2256 2697 2302 Con-

512 2317 634 2378 jicit
661 2319 772 2367 Urs.
795 2318 1050 2366 scribend.
1076 2319 1341 2382 balteolum,
1363 2318 1550 2367 Sabell.
1573 2319 1876 2375 baccheolum,
1897 2328 1950 2368 et
1967 2319 2132 2368 Scriv.
2153 2327 2296 2367 notat
2319 2320 2580 2367 Becanum
2604 2319 2700 2367 bla-

517 2383 686 2431 reolum
723 2383 978 2433 maluisse.
1029 2383 1093 2431 In
1130 2384 1244 2432 Pal.
1273 2388 1320 2431 3.
1361 2383 1582 2448 denique
1616 2385 1993 2433 Lacetaniam—4
2028 2385 2097 2432 Et
2116 2386 2242 2447 opud
2269 2384 2450 2446 pullum
2484 2384 2696 2433 Memm.

1506 2533 1721 2583 NOTAE

579 2638 603 2662 ⁰
634 2629 984 2694 Autographae]
1016 2629 1186 2694 Ipsius
1213 2643 1365 2678 manu
1402 2631 1565 2693 scrip·
1643 2637 1733 2679 aut
1763 2630 1817 2679 in
1855 2630 2102 2679 Senatum
2123 2630 2323 2692 legeret
2345 2628 2585 2692 aliquem,
2609 2642 2695 2676 cu-

520 2713 604 2755 tae.
1439 2721 1442 2726 ·
1636 2708 1725 2771 jus
1738 2722 1904 2756 mores
1924 2722 2024 2757 non
2045 2707 2315 2756 admodum
2342 2706 2697 2769 probarentur.

580 2787 607 2820 P
640 2782 884 2829 Kalendas
936 2781 1155 2844 Groecas]
1220 2782 1355 2833 Quia
1406 2782 1563 2831 nullae
1645 2783 1796 2836 Quod
1823 2792 1992 2833 tamen
2032 2784 2164 2833 dicit
2197 2783 2293 2832 hoc
2327 2784 2438 2831 loco
2472 2783 2488 2808 ‘
2509 2779 2695 2829 simns'

517 2864 666 2905 eraut
690 2857 826 2919 apud
863 2858 1106 2907 Graecos:
1143 2859 1191 2906 bi
1215 2860 1407 2922 quippe
1445 2873 1565 2907 suos

518 2947 720 2982 menses
744 2934 843 2981 alio
866 2948 1015 2998 quam
1050 2935 1222 2983 Latini
1256 2936 1406 2984 modo
1430 2950 1568 2983 com-

518 3009 789 3070 putabant,
811 3023 840 3055 a
864 3010 1152 3071 neomenia,
1186 3023 1286 3057 non
1308 3009 1567 3072 kalendis,

517 3082 845 3147 incipientes,
867 3087 963 3133 διο.

583 3168 608 3201 q
633 3158 740 3207 Hoc
766 3159 968 3221 Catone]
1002 3160 1105 3210 Qui
1126 3161 1267 3210 illum
1291 3162 1442 3224 Reip.
1466 3167 1569 3208 sta·

521 3241 650 3297 tum,
684 3235 739 3282 in
778 3250 878 3298 quo
919 3236 1138 3300 vixerat,
1163 3237 1571 3286 constantissime

519 3311 843 3361 retinendum
862 3314 1129 3376 pugnavit,
1146 3328 1243 3363 nee
1266 3319 1462 3362 mutato
1485 3327 1567 3361 su-

520 3396 720 3450 perstes
742 3386 871 3449 fuit3
907 3388 1091 3452 quibus
1128 3389 1295 3437 verbis
1331 3388 1571 3437 convenit

520 3464 694 3524 etiam,
728 3464 866 3527 quod
899 3464 966 3512 de
991 3463 1225 3527 Augusto
1250 3464 1456 3512 Catonis
1478 3463 1570 3512 do-

520 3554 655 3588 mum
692 3540 919 3602 ingresso
952 3548 1127 3588 narrat
1149 3540 1447 3589 Macrobius
1479 3539 1571 3588 lib.

521 3627 587 3663 11.
611 3630 659 3664 c.
681 3620 730 3665 4.
782 3616 1027 3664 Straboni
1051 3615 1184 3664 enim
1207 3617 1342 3664 male
1364 3615 1432 3663 de
1456 3629 1571 3677 per-

521 3692 719 3741 vicacia
773 3692 983 3741 Catonis
1046 3692 1356 3740 existimanti
1406 3690 1570 3739 dixit:

521 3768 542 3804 ‘⁴
563 3768 807 3831 Quisquis
842 3775 1152 3832 praesentem
1192 3767 1421 3817 civitatis
1466 3776 1571 3816 sta·

525 3852 632 3893 tum
655 3845 957 3894 commutari
978 3859 1079 3892 non
1101 3846 1261 3906 volet,
1291 3849 1346 3892 et
1368 3843 1492 3892 civis
1517 3849 1573 3892 et

525 3922 602 3968 vir
655 3921 816 3969 bonus
861 3919 975 3971 est.'
1040 3923 1229 3970 Sensus
1271 3927 1351 3969 est
1394 3919 1572 3983 igitur,

523 3995 944 4059 quemadmodum
969 3997 1097 4046 Cato
1131 3996 1374 4060 praesenti
1402 4009 1572 4044 rerum

525 4078 660 4119 statu
684 4080 958 4121 contentus
981 4073 1130 4122 alium
1154 4073 1381 4135 nolebat,
1418 4072 1496 4121 ita
1518 4079 1574 4122 et

524 4160 616 4193 nos
652 4145 788 4193 idem
824 4148 1054 4196 velimus.
1118 4149 1447 4198 casaubonus
1483 4148 1574 4197 ad·

525 4221 624 4281 dit,
660 4235 834 4270 vocem
858 4222 988 4271 hanc
1016 4224 1079 4271 ab
1111 4239 1175 4273 eo
1214 4225 1430 4287 primum
1454 4239 1576 4287 pro·

525 4299 705 4361 latam,
744 4311 858 4347 cum
900 4297 1135 4350 tribubus
1174 4301 1575 4360 commendaret.

1647 2860 1710 2907 ab
1734 2874 1796 2907 eo
1818 2867 2119 2923 usurpatum
2155 2874 2248 2922 pro
2281 2857 2297 2883 ‘
2316 2856 2523 2918 sumus,’
2559 2854 2695 2904 aliud

1646 2935 1766 3000 quid
1792 2937 2002 2985 innuere
2025 2935 2274 2985 videatur.
2307 2934 2588 2996 Augustus,
2612 2931 2699 2995 qni

1647 3012 1775 3060 tales
1817 3012 1968 3067 viros,
2009 3012 2173 3075 qualis
2212 3016 2328 3059 erat
2361 3011 2511 3069 Cato,
2545 3005 2696 3057 obfir'-

1646 3094 1785 3134 mato
1819 3101 2002 3151 nempe
2042 3094 2096 3135 et
2129 3081 2323 3135 indicto
2352 3085 2595 3134 adversus
2620 3093 2707 3147 ty«

1649 3161 1912 3211 rannidem
1946 3162 2081 3219 odio,
2116 3161 2471 3211 verosimiliter
2512 3175 2613 3209 non
2647 3174 2697 3208 a-

1650 3237 1838 3291 mabat,
1860 3239 1903 3285 si
1938 3253 2088 3301 quem
2121 3239 2321 3299 legeret
2351 3237 2404 3283 in
2430 3236 2696 3296 Senatum,

1650 3312 1850 3362 modica
1868 3314 2060 3362 virtute
2083 3319 2375 3370 contentus,
2394 3318 2594 3359 tantam
2611 3323 2696 3358 no·

1650 3389 1809 3450 lebat,
1826 3395 2017 3453 quanta
2038 3388 2207 3438 fuerat
2231 3389 2280 3436 in
2305 3388 2505 3436 Catone
2529 3403 2543 3435 τ
2584 3401 2699 3435 cum

1651 3467 1812 3529 igitur
1844 3467 1860 3493 ‘
1880 3466 1920 3512 si
1943 3465 2087 3529 quis,'
2119 3472 2179 3513 ut
2196 3463 2270 3513 ait
2289 3463 2533 3511 Valerius
2557 3462 2698 3509 Max.

1651 3542 1741 3591 lib.
1760 3555 1820 3589 ιι.
1840 3556 1883 3590 c.
1899 3548 1946 3591 5.
1969 3543 2019 3588 in
2043 3539 2167 3598 fine,
2192 3545 2452 3587 ‘sanctum
2475 3543 2529 3585 et
2554 3551 2697 3599 egre-

1654 3619 1791 3682 gium
1817 3618 1979 3667 civem
2005 3614 2293 3679 significare
2317 3614 2459 3668 velit,
2494 3614 2588 3661 sub
2609 3627 2699 3661 no-

1653 3696 1787 3744 mine
1811 3694 2022 3744 Catonis
2043 3690 2291 3752 definiat,’
2314 3690 2431 3739 ideo
2452 3690 2589 3739 hunc
2606 3690 2701 3739 Ca·

1653 3781 1843 3833 tonem,
1874 3769 1926 3818 id
1963 3777 2043 3818 est
2064 3769 2249 3831 civem,
2283 3767 2355 3815 ita
2377 3766 2567 3814 bonum
2590 3779 2700 3814 esse

1653 3845 2034 3907 significaverit,
2088 3851 2148 3892 ut
2201 3843 2463 3891 meliorem
2518 3842 2698 3892 nollet.

1652 3920 1803 3970 Unde
1821 3921 2014 3969 dictum
2038 3918 2162 3967 illud
2187 3918 2251 3967 ab
2265 3917 2445 3966 eodem
2462 3915 2699 3979 Augusto

1655 3997 1718 4046 ad
1738 3997 1839 4047 alia
1855 4010 2055 4061 quoque
2075 3995 2378 4044 translatum
2405 3998 2503 4042 est.
2547 3993 2698 4041 Hunc

1654 4075 1809 4124 etiam
1846 4076 2016 4125 locum
2055 4073 2156 4123 alia
2192 4073 2390 4121 ratione
2426 4072 2698 4121 Turnebus

1654 4151 1885 4214 explicat
1906 4148 2327 4199 Adversarius-nm
2359 4146 2448 4196 lib.
2476 4159 2632 4196 xxxv.
2656 4161 2699 4196 c.

1656 4230 1736 4275 15.

1716 4306 1738 4365 ξ’
1767 4300 2042 4366 Boceolsm]
2081 4299 2363 4351 Beroaldus
2382 4298 2514 4363 legit
2537 4299 2699 4349 blacen-
