3019 4922
2445 349 2533 416 63

309 503 977 587 meritas-civitates,
995 508 1064 573 in
1093 505 1462 594 provinciae
1489 507 1808 575 formam¹
1839 508 2112 594 redegit,
2143 509 2339 594 eique
2367 530 2532 595 qua·

320 607 743 691 driugenties
763 605 791 643 ¹³
840 609 911 674 in
943 611 1240 692 singulos
1269 629 1480 675 annos
1506 612 1830 695 stipendii
1855 614 2130 678 nomine
2162 612 2535 697 imposuit.⁴

326 709 739 790 Germau05‚
752 713 877 796 qui
898 718 1080 778 trans
1105 713 1442 778 Rhenum⁵
1460 714 1775 794 incolunt,
1799 717 2057 799 primus
2074 716 2533 782 Romanorum

329 822 529 899 ponte
558 815 906 882 fabricato
936 832 1310 900 aggressus»,
1353 817 1674 883 maximis
1703 816 1934 883 affecit
1966 819 2302 884 cladibus.
2390 819 2532 904 Ag-

332 938 590 1002 gressus
621 917 777 986 est⁶
806 927 876 986 et
903 920 1279 997 BritannoS,
1309 921 1617 1003 ignotos⁷
1662 928 1884 1001 antea,
1909 922 2380 1007 superatisque
2409 943 2531 1008 pe-

1294 360 1464 411 mm
1478 361 1589 413 US.

1253 1102 1619 1125 eueasoeoeee

329 1218 457 1268 prov.
477 1204 529 1265 s.
574 1202 817 1267 praebent
861 1201 1011 1253 Huls.
1046 1203 1378 1256 Iisdem—4
1415 1204 1504 1255 Uti
1539 1205 1683 1269 Lips.
1718 1205 1845 1257 Ant.
1876 1205 2023 1255 Lect.
2051 1203 2144 1255 lib.
2170 1219 2225 1254 v.
2261 1219 2308 1255 c.
2347 1208 2428 1256 18.
2461 1219 2530 1256 ex

339 1269 509 1334 Ursini
540 1267 660 1319 cod.
683 1268 856 1319 Vatic.
891 1276 945 1318 et
978 1269 1235 1334 Eutropio
1264 1270 1405 1321 hunc
1435 1272 1536 1320 loc.
1569 1272 1816 1331 restituit,
1841 1272 1915 1321 sic
1937 1284 2052 1321 eum
2077 1270 2297 1333 protulit
2327 1286 2530 1335 qnoque

334 1333 397 1382 P.
439 1333 698 1396 Pitboeus,
734 1341 1150 1399 receperuntque
1194 1350 1372 1386 omnes
1414 1336 1734 1387 recentiores
1778 1335 1915 1386 Edd.
1981 1335 2168 1385 Mallet
2204 1334 2351 1386 Torr.
2396 1336 2532 1398 eique

336 1399 533 1449 CCCC.
570 1397 684 1448 HS.
704 1399 758 1448 in
777 1413 883 1448 sm.
903 1400 1166 1450 &somine
1186 1401 1353 1465 impos.
1390 1407 1446 1451 et
1468 1401 1615 1465 Lips.
1647 1401 1703 1450 -in
1727 1399 1881 1451 Adm.
1909 1401 1947 1450 l.
1980 1413 2038 1450 u.
2079 1415 2127 1451 c.
2166 1403 2217 1449 8.
2256 1400 2532 1452 substituit

330 1470 499 1528 quater
532 1464 727 1520 millies.
768 1465 1079 1514 adversante
1123 1466 1305 1515 Burin.
1368 1467 1707 1529 Exemplaria
1748 1467 1923 1529 vuloeg.
1967 1471 2150 1516 carent
2187 1479 2422 1529 numero,
2467 1481 2529 1516 ac
2597 1516 2608 1525 ,

330 1544 498 1578 nomen
522 1529 786 1590 exhibent,
803 1530 1062 1595 quomodo
1084 1537 1142 1580 et
1168 1530 1278 1581 Pal.
1298 1530 1421 1595 duo,
1438 1532 1600 1583 Fouc.
1623 1531 1774 1582 codd.
1798 1530 1987 1588 Wolffi,
2021 1531 2121 1580 nisi
2147 1529 2285 1595 quod
2311 1531 2458 1580 Med.
2482 1536 2529 1581 l.

331 1597 379 1645 8.
411 1593 573 1644 Vind.
612 1599 658 1644 1.
700 1609 816 1645 cnm
857 1608 961 1645 uno
993 1595 1351 1654 'rori-entiam,
1389 1603 1446 1647 et
1481 1597 1599 1646 Pal.
1629 1601 1680 1646 2.
1716 1605 1983 1647 exaratum
2018 1597 2293 1647 ostendant
2323 1595 2533 1648 nomina.

332 1659 566 1724 Utraque
589 1674 691 1709 vox
711 1660 934 1724 quadi-ig.
958 1665 1013 1709 et
1033 1676 1200 1712 nomen
1221 1660 1374 1711 deest
1400 1663 1454 1712 in
1480 1662 1665 1724 Copes.
1686 1660 1859 1712 Periz.
1883 1661 2113 1712 Harlem.
2140 1660 2295 1711 Hnls.
2321 1675 2383 1709 ac
2403 1675 2530 1711 non·

331 1724 483 1774 nullis
508 1723 644 1775 Edd.
668 1731 773 1774 tam
797 1725 1058 1774 veteribus
1090 1741 1242 1792 quam
1283 1727 1772 1777 recentioribus.-6
1803 1726 1977 1776 Locus
2009 1734 2283 1789 suspectus
2313 1726 2442 1776 Ern.
2472 1733 2530 1776 et

334 1789 636 1847 Generatim
663 1791 751 1855 qui
788 1790 1014 1856 conjecit
1054 1806 1101 1855 q.
1143 1793 1278 1855 ripas
1316 1790 1413 1842 Ra.
1460 1792 1558 1842 inc.
1626 1793 1783 1856 Vulg.
1819 1790 2056 1841 defendit
2093 1792 2233 1842 Ond.
2265 1798 2322 1840 et
2345 1797 2531 1857 postea

332 1853 589 1904 wolfi—6
617 1855 846 1905 Verbum
864 1861 940 1907 est
961 1871 1063 1905 non
1088 1856 1308 1906 habetur
1323 1857 1375 1906 in
1397 1858 1545 1908 Med.
1567 1861 1615 1908 1.
1630 1857 1807 1907 Periz.
1825 1857 1958 1906 Ven.
1979 1862 2025 1908 l.
2046 1857 2082 1908 J
2087 1864 2195 1905 unt.
2219 1855 2338 1905 ΑΜ.
2359 1855 2527 1919 Lugd.

334 1918 533 1986 Grypu.
552 1926 740 1971 eontra
758 1925 808 1972 et
829 1922 1073 1986 ignorant
1095 1922 1331 1974 Harlem.
1355 1921 1507 1974 Cald.
1530 1923 1662 1974 Ven.
1678 1927 1727 1973 2.
1739 1926 1789 1973 3.
1806 1922 1939 1972 Bon.
1957 1922 2080 1971 Bas.
2100 1928 2158 1973 et
2172 1920 2402 1972 alim—⁷
2439 1921 2525 1983 Ig-

1318 2083 1538 2136 No'rAE

390 2179 406 2212 ¹
424 2179 1006 2246 Inprwisciaeformam]
1037 2181 1261 2247 Legibus
1280 2197 1387 2233 ma·
1463 2184 1693 2250 denique
1714 2184 1868 2236 modo
1907 2200 2003 2251 per
2032 2183 2318 2249 genitivum
2357 2183 2529 2251 plura·

330 2255 735 2329 gistratibusque
757 2259 1003 2309 Romanis
1025 2259 1387 2311 administrati·
1466 2262 1568 2311 lem
1592 2269 1935 2325 contractum,
1967 2277 2018 2311 v.
2035 2277 2085 2326 g.
2110 2260 2405 2311 sestertium
2431 2274 2528 2324 pro

330 2333 443 2383 ⁶²¹⁰
465 2333 709 2399 mbje‘cit.
1467 2340 1826 2393 sestertiorum
1859 2339 2049 2389 additis
2081 2336 2447 2399 numeralibus,
2466 2344 2528 2386 ut

386 2408 413 2443 ¹¹
438 2410 869 2479 Quadi-ingentia]
909 2411 1049 2467 Quid
1070 2411 1175 2464 sint
1192 2419 1389 2465 sester-
1467 2426 1590 2469 octo
1610 2417 1773 2468 millia
1795 2415 2110 2480 sestertium,
2131 2421 2355 2466 centena
2370 2413 2530 2463 millis

330 2487 388 2537 tii
409 2502 566 2553 supra
588 2489 785 2541 dictum
807 2499 894 2541 est
925 2507 1039 2557 esp.
1060 2496 1114 2543 4.
1180 2492 1261 2544 Ut
1297 2510 1387 2544 an·
1467 2495 1783 2550 sestertium,
1804 2496 1903 2543 διο.
1970 2492 2042 2542 Et
2074 2508 2107 2541 a
2132 2491 2362 2540 millione
2385 2489 2528 2539 inde-

328 2571 430 2615 tem
457 2567 662 2617 illorum
679 2568 810 2619 ratio
831 2568 1264 2620 numerandorum
1281 2571 1383 2622 cla·
1464 2569 1614 2620 finite
1637 2567 1971 2638 procedendo
1992 2573 2211 2617 utuntur
2243 2564 2527 2629 adverbiis,

327 2641 430 2692 rior
449 2641 560 2708 fiat,
581 2645 867 2695 notandum
891 2652 1001 2696 este
1036 2646 1188 2697 modo
1210 2661 1385 2697 nume·

325 2732 493 2769 rorum
528 2720 763 2771 ordinem
804 2720 1027 2794 simplici
1062 2723 1145 2772 via
1166 2722 1230 2771 ab
1255 2723 1386 2772 anti·

324 2799 435 2863 quis
458 2800 792 2850 observatum
814 2799 866 2849 in
884 2800 1203 2851 numerando
1223 2816 1240 2862 ;
1276 2816 1383 2850 mo·

325 2874 411 2937 do,
421 2874 697 2927 brevitatis
711 2877 1081 2941 gratia,multa
1091 2876 1388 2941 legentibus

323 2949 665 3016 intelligenda
686 2953 973 3018 reliquisse.
1028 2954 1166 3005 Nam
1187 2953 1252 3003 ab
1276 2954 1385 3004 uni·

324 3034 437 3077 tate
459 3027 527 3078 ad
553 3028 893 3078 millenarium
928 3043 1092 3095 usque
1118 3044 1384 3081 numerum

320 3104 545 3171 simplici
576 3106 662 3155 via
682 3107 1038 3169 procedebant
1068 3108 1168 3157 boc
1198 3107 1382 3158 modo:

321 3183 550 3233 sestertii
575 3186 658 3232 10.
676 3187 759 3233 20.
782 3188 898 3234 500.
920 3188 1065 3235 1000.
1097 3199 1127 3234 a
1148 3185 1384 3235 millena·

323 3258 398 3308 rio
419 3274 641 3310 numero
660 3258 728 3309 ad
749 3274 868 3310 eum
891 3276 1043 3328 quem
1064 3261 1244 3325 lingua
1265 3275 1384 3310 ver-

321 3338 504 3387 nacula
521 3335 740 3386 dicimus
753 3337 956 3387 millias.
987 3336 1180 3387 Tribus
1198 3336 1382 3387 modis.

322 3411 518 3477 Primo,
533 3414 619 3463 vel
637 3411 803 3462 adhuc
816 3412 1145 3477 simpliciter,
1163 3420 1222 3464 nt
1242 3413 1384 3465 mille

323 3488 568 3551 sestertii,
590 3488 670 3538 bis
692 3486 834 3538 mille
854 3487 1106 3551 sestertii,
1126 3491 1229 3539 dcc.
1291 3490 1381 3539 Se·

322 3569 511 3631 cundo,
553 3574 743 3618 neutro
788 3568 997 3633 plurali,
1036 3566 1280 3618 sestertia
1323 3573 1383 3617 ut

322 3643 441 3703 duo,
465 3644 569 3694 tria
592 3644 851 3708 sestertia,
873 3636 986 3694 διο.
1029 3642 1382 3707 Intelligendo

321 3721 513 3771 millis:
548 3727 643 3771 aut
672 3721 864 3783 potins,
888 3720 1168 3772 secundum
1190 3720 1383 3771 Budae-

324 3812 425 3859 nm,
438 3797 569 3847 nihil
582 3796 922 3860 intelligendo
938 3797 1231 3862 quicquam.
1258 3795 1383 3847 Ses-

323 3874 483 3923 tertia
506 3874 645 3923 enim
665 3871 863 3935 sIugula
893 3871 950 3921 in
983 3880 1170 3923 neutro
1192 3872 1380 3937 plurali

326 3949 466 3999 mille
495 3963 730 3998 nummos
754 3950 1027 4001 sestertios
1051 3951 1259 3999 valent:
1295 3964 1381 3999 ea·

326 4040 427 4089 que
444 4032 588 4086 suut,
610 4039 725 4090 quoe
747 4040 930 4091 magna
947 4034 1194 4077 vocantur
1212 4026 1277 4075 ab
1290 4027 1381 4084 ali-

333 4100 553 4164 quibust
586 4100 640 4149 bi
674 4114 795 4151 vero
827 4102 1056 4153 sestertii
1089 4115 1274 4166 nempe
1305 4101 1381 4150 di·

339 4183 528 4225 cuntur
544 4175 712 4239 parvi,
734 4177 867 4241 qnod
888 4178 966 4229 bis
987 4178 1126 4230 mille
1148 4179 1380 4229 sestertii

344 4249 444 4297 duo
468 4257 666 4299 tantum
686 4254 915 4304 sestertia
930 4256 1156 4305 valeant.
1202 4254 1381 4304 Tertio

1465 2654 1528 2697 ut
1549 2646 1743 2709 decies,
1758 2644 1976 2707 centies,
1991 2644 2196 2705 millies,
2215 2642 2301 2693 ubi
2320 2657 2527 2707 semper

1463 2721 1808 2786 intelligenda
1846 2720 2062 2770 veniunt
2102 2727 2328 2772 centena
2365 2720 2527 2770 millia

1464 2813 1745 2862 nummum,
1780 2797 1864 2847 vel
1891 2796 2203 2846 ‘sestertium
2246 2809 2526 2846 nummum.

1465 2875 1605 2926 Nam
1642 2875 1750 2924 sive
1788 2880 2054 2939 separata,
2084 2874 2191 2924 sive
2225 2872 2525 2937 conjuncta,

1464 2954 1604 3003 idem
1645 2960 1833 3004 sonant
1875 2953 1989 3002 haec
2042 2952 2160 3003 tria.
2244 2951 2525 3001 Postrema

1462 3038 1641 3081 autem
1670 3032 1785 3080 baec
1818 3027 2121 3079 numerandi
2154 3026 2287 3078 ratio
2318 3028 2523 3078 auctori

1464 3114 1646 3159 nostro
1677 3106 1948 3157 familiaris
1977 3112 2076 3169 est,
2098 3119 2319 3170 raroque
2350 3104 2525 3168 ipsum

1460 3187 1669 3252 quoties
1691 3187 1757 3236 de
1777 3183 2077 3250 ingentibus
2098 3182 2307 3232 summis
2332 3181 2525 3246 agitur,

1464 3265 1621 3315 aliter
1639 3265 1869 3315 locutum
1892 3260 2144 3312 invenias.
2190 3260 2266 3310 Ut
2281 3258 2391 3309 Hs.
2407 3258 2527 3308 mil·

1462 3341 1561 3392 lies
1593 3342 1789 3403 intulit,
1816 3337 2236 3404 quadringenties
2275 3334 2524 3401 stipendii

1463 3417 1666 3468 nomine
1690 3416 1953 3481 imposuit,
1969 3418 2069 3465 &m
2133 3412 2342 3478 Hpsius
2371 3412 2526 3462 aliter

1462 3501 1643 3544 censet
1668 3494 1968 3544 Suetonium
1989 3490 2259 3555 scripsisse
2281 3488 2522 3538 nimirum

1463 3569 1563 3619 hoc
1593 3570 1763 3625 modo,
1790 3568 1846 3618 id
1880 3575 1982 3628 est,
2022 3574 2206 3631 quater
2242 3564 2428 3613 millies
2458 3578 2524 3611 ea

1463 3659 1662 3695 summa
1696 3644 1876 3694 decem
1910 3643 2163 3692 milliones
2187 3639 2391 3689 reddit:
2426 3637 2519 3687 sed

1460 3721 1605 3786 prior
1650 3719 1804 3770 lectio
1858 3718 2064 3770 videtur
2120 3715 2319 3765 melior.
2401 3713 2522 3765 Nee

1462 3796 1599 3846 enim
1624 3795 1785 3845 voluit
1803 3796 1983 3845 Gaesar
2001 3790 2166 3841 nimiis
2183 3788 2394 3840 tributis
2412 3798 2523 3840 sta-

1462 3873 1557 3922 tim
1578 3885 1888 3935 exasperare
1904 3869 2085 3918 Gallos
2101 3865 2377 3930 subjectos.
2412 3866 2520 3918 Ad·

1465 3950 1532 3999 de
1554 3959 1610 3999 et
1631 3949 1754 3997 illud
1777 3947 2047 4010 indicium,
2067 3944 2205 4010 quod
2241 3944 2416 4009 plures
2436 3958 2522 3994 co·

1463 4025 1628 4086 dices,
1646 4025 1831 4073 omissa
1863 4021 2042 4073 tributi
2070 4022 2381 4087 quantitate,
2401 4021 2522 4070 sim-

1459 4099 1670 4164 pliciter
1702 4098 1928 4150 habeant
1956 4098 2186 4165 stipendii
2216 4111 2401 4153 nomeu,
2431 4095 2520 4145 alii

1457 4176 1648 4227 nomina
1668 4176 1915 4243 imposuit.
