3019 4922
505 356 595 425 48
1367 371 1431 417 c.
1475 367 1836 431 suarouu

509 517 1020 599 obstinatosque
1051 521 1076 550 ²
1137 512 1225 582 ad
1267 514 1706 589 resistendum
1751 514 2252 587 concucurrisse
2278 522 2298 563 ³
2322 574 2332 583 .
2356 517 2692 596 cernebat,

506 621 684 697 hano
730 618 1003 703 quidem
1046 617 1377 685 actionem
1418 617 1757 702 deposuit.
1843 617 2008 702 [16.]
2053 617 2362 693 Ceterum
2408 618 2692 687 Caecilio

505 724 834 803 Metello,²
876 722 1172 787 Tribuno
1215 722 1455 806 plebiS,
1500 721 2104 800 turbulentissimas
2147 722 2334 804 leges
2370 721 2694 791 adversus

505 828 954 911 collegarum*
981 825 1533 901 intercessionem
1576 824 1833 903 fetenti,
1880 829 2225 897 auctorem
2248 829 2694 907 propugnato·

502 949 785 1014 remque
820 950 896 995 se
925 927 1451 1011 pertinacissime
1472 926 1818 1011 praestitit3
1863 927 2076 1003 donec
2098 904 2296 1007 ambo
2314 933 2348 977 4-
2374 925 2694 1005 adminis-

502 1033 786 1101 tratione
853 1030 1282 1115 Reipublicae
1311 1027 1337 1065 ¹³
1405 1028 1679 1101 decreto
1745 1029 2036 1105 Petrum
2103 1036 2694 1111 summoverentur.

504 1135 612 1203 Ac
633 1143 659 1182 ⁵
689 1134 901 1207 nihilo
945 1134 1165 1211 minus
1193 1151 1576 1216 permanere
1620 1133 1692 1207 in
1742 1134 2164 1217 magistratu„
2197 1139 2280 1209 et⁴
2308 1133 2425 1219 jus
2474 1130 2691 1214 dicere

502 1257 729 1316 ausuS,
760 1243 837 1303 ut
867 1236 1194 1320 comperit
1219 1242 1514 1319 paratos,
1543 1237 1662 1320 qui
1681 1239 1749 1315 vi
1780 1257 1861 1315 ac
1891 1257 2014 1320 per
2042 1256 2230 1313 arma,
2247 1234 2691 1325 prohiberent,

501 1339 803 1411 dimissis
856 1338 1254 1417 lictoribus:
1314 1338 1707 1423 abjectaque
1757 1335 2141 1424 praetexta‚‘¹
2194 1339 2464 1415 domum
2519 1337 2693 1411 clam

499 1443 768 1526 refugit,
796 1461 920 1526 pro
942 1441 1329 1515 conditione
1354 1449 1722 1533 temporum
1755 1432 2126 1525 Quietums.
2192 1439 2694 1526 Multitudinem

498 1566 792 1631 quoque,
821 1545 1029 1613 biduo
1050 1552 1208 1629 post
1228 1551 1474 1630 sponte
1502 1554 1572 1617 et
1603 1545 1770 1610 ultro
1798 1544 2275 1631 confluentem„
2291 1543 2708 1631 operamque

438 1704 442 1708 Α
496 1648 628 1712 sibi
652 1649 719 1711 in
748 1646 1118 1721 asserenda
1140 1646 1461 1730 dignitate
1479 1654 1502 1681 ⁶
1524 1647 2002 1712 tumultuosius
2029 1647 2487 1731 pollicentem,
2513 1663 2695 1708 com-

496 1749 783 1836 pescuit.
874 1748 1083 1828 Quod
1112 1768 1266 1815 oum
1295 1753 1538 1833 praeter
1570 1749 1956 1833 opinionem
1983 1752 2347 1829 evenisset,
2379 1749 2691 1824 SenatuS,

1412 1915 1649 1937 &meno
1654 1915 1739 1937 000
1741 1915 1774 1937 0

495 2018 591 2064 -1
636 1994 842 2065 Relictos
873 2014 1006 2063 Voss
1010 2018 1128 2065 .--2
1156 2014 1300 2063 Ferr-
1323 2015 1469 2079 legit,
1474 2016 1768 2079 frequentes
1798 2015 2056 2065 destinatos
2074 2016 2157 2075 ad,
2188 2013 2323 2077 thod
2358 2013 2550 2078 probat
2570 2012 2694 2061 Tor-

494 2085 634 2130 rent.
701 2079 910 2128 Deinde
934 2079 1272 2141 desistendum,
1295 2095 1390 2143 pro
1407 2095 1499 2131 res.
1522 2081 1677 2130 vind.
1702 2086 1726 2129 1
1734 2086 1846 2130 .—-3
1868 2081 1953 2130 Ita
1969 2082 2182 2129 Memm.
2207 2079 2420 2129 Mate.
2440 2077 2690 2137 meurisse,

495 2144 650 2194 vind.
670 2149 719 2195 2.
739 2146 886 2195 Cort.
921 2145 1078 2207 Vulg.
1113 2145 1421 2204 concurrisse,
1455 2160 1609 2210 qnam
1649 2146 1815 2195 secuti
1850 2154 1975 2195 sunt
2009 2146 2188 2196 Burm.
2218 2145 2337 2208 Rip.
2339 2149 2438 2194 -4
2473 2145 2601 2194 Cum
2640 2143 2692 2191 in

495 2209 662 2259 tribus
684 2210 828 2259 Med.
852 2224 1002 2273 aeque
1019 2223 1081 2259 uc
1107 2209 1295 2274 Copos.
1320 2218 1377 2260 et
1392 2211 1545 2260 Voss.
1565 2219 1814 2260 exaretur
1834 2212 1898 2258 ab
1914 2211 2278 2272 ministratione,
2297 2216 2356 2259 et
2371 2211 2553 2272 Camp-
2574 2221 2696 2270 quo·

468 2276 597 2350 ‘que
618 2290 649 2323 a
670 2275 877 2324 Μίαν.
899 2275 1105 2324 omnino
1129 2276 1272 2339 recip
1278 2276 1482 2325 iendam
1506 2276 1711 2325 censuit
1744 2275 1886 2325 Oud.
1927 2277 2236 2340 scripturam
2275 2275 2420 2325 Cort.
2451 2274 2514 2324 ab
2541 2271 2693 2322 admi.-

493 2339 797 2401 nistratione,
834 2347 893 2388 ut
910 2340 1013 2401 legi
1032 2341 1299 2405 possejam
1325 2340 1526 2390 monuit
1549 2342 1724 2392 Burm.
1749 2347 1804 2391 et
1826 2347 1886 2391 ut
1906 2341 1959 2390 in
1984 2342 2142 2390 Bet-n.
2161 2344 2208 2391 1.
2224 2340 2451 2402 Guelph.
2478 2344 2695 2401 utroque

493 2411 680 2469 postea
711 2375 916 2456 invenit
937 2404 1099 2456 Wolf.
1102 2411 1196 2455 ——5
1232 2409 1301 2456 At
1322 2407 1472 2458 Junt.
1511 2405 1638 2458 Ald.
1662 2406 1792 2472 Arg.
1793 2411 1892 2456 ——6
1924 2408 2007 2456 Aa
2040 2407 2233 2456 eundem
2261 2410 2433 2457 coetum
2455 2401 2623 2454 Rhed.
2646 2404 2694 2452 1.

1484 2535 1699 2587 NOTAE

491 2632 581 2698 qui
603 2630 901 2697 frequentes
922 2597 1017 2698 pro
1041 2635 1183 2683 more
1208 2634 1447 2696 aderant,
1470 2634 1548 2697 ip·

491 2726 650 2776 soque
685 2726 829 2775 saepe
866 2711 1080 2776 populo,
1119 2712 1435 2777 Capitolium
1471 2728 1551 2762 sa·

486 2787 772 2839 crificaturi
790 2788 1228 2840 conscendebant.

551 2874 573 2898 ²
610 2864 805 2913 Caecilio
841 2864 1062 2928 Metello]
1094 2864 1333 2915 Catilinae
1374 2866 1553 2930 conju-

488 2938 705 2989 rationis
760 2940 1031 2988 occasione
1101 2940 1277 3004 plures
1333 2940 1554 2991 excitati

489 3021 616 3065 tunc
654 3015 902 3079 temporis
927 3015 990 3064 erl
1014 3029 1171 3064 novas
1210 3031 1295 3065 res
1317 3016 1552 3080 insurge-

485 3090 635 3153 bant,
669 3098 989 3156 quapropter
1027 3092 1277 3142 Metellus
1322 3092 1443 3156 iste,
1463 3092 1552 3142 cui

487 3168 672 3232 Nepos
710 3181 997 3231 cognomen
1029 3167 1150 3225 fnit,
1186 3168 1402 3233 petendi
1437 3169 1549 3218 Tri·

485 3242 713 3295 bunatus
755 3257 880 3306 ergo
917 3256 1156 3293 reversus
1189 3250 1272 3293 est
1307 3258 1375 3293 ex
1404 3243 1550 3312 Asia,

487 3321 580 3385 ubi
599 3328 724 3371 tunc
740 3320 964 3385 degebat
978 3337 1096 3374 cum
1114 3323 1383 3386 Pompeio.
1417 3324 1557 3389 Dig-

487 3397 709 3453 nitatem
747 3397 968 3462 adeptus
1000 3399 1166 3463 legem
1190 3397 1330 3449 ferre
1353 3399 1555 3449 niteba-

488 3479 598 3530 tur,
617 3487 719 3537 qua
728 3472 950 3537 jubebat
966 3474 1207 3523 accersiri
1221 3489 1337 3524 cum
1354 3475 1554 3525 exerci-

485 3554 548 3611 tu
566 3548 875 3613 Pompeium
897 3561 960 3598 ex
984 3549 1128 3615 Asia,
1142 3550 1240 3600 hoc
1263 3556 1551 3615 praetextu,

485 3633 547 3676 ut
565 3623 786 3690 videret,
811 3639 876 3674 ne
899 3625 1023 3691 quid
1049 3626 1369 3692 Respublica
1390 3628 1552 3677 detri-

483 3705 648 3764 menti
672 3711 906 3770 caperet,
943 3705 1035 3755 sed
1056 3721 1261 3771 revera,
1283 3713 1344 3757 ut
1377 3705 1546 3757 fretus

484 3784 723 3833 exercitu
746 3781 1023 3847 Pompeius
1048 3783 1305 3847 Rempub.
1324 3781 1546 3831 arbitra-

376 3919 381 3923 ,
484 3863 546 3912 tu
576 3873 668 3909 suo
704 3866 1058 3923 componeret.
1122 3860 1345 3910 Metello
1369 3867 1545 3910 antem

483 3933 586 3998 ipsi
615 3936 792 3985 Caesar
828 3934 990 4000 affuit,
1024 3943 1083 3986 ut
1115 3936 1354 4001 Pompeii
1385 3951 1543 3987 aucu-

482 4022 699 4077 paretur
725 4014 1155 4065 benevolentiam.

550 4095 574 4123 ⁸
611 4088 936 4152 Collegarum]
980 4089 1190 4139 Catonis
1229 4091 1543 4155 praesertim,

483 4164 573 4230 qni
593 4178 708 4214 cum
732 4180 765 4214 a
782 4163 1048 4215 tribunatu
1064 4167 1314 4230 petendo,
1331 4166 1542 4217 hortau-

484 4239 619 4327 tibus
639 4242 770 4292 licet
789 4242 987 4305 amicis,
1009 4256 1064 4292 se
1087 4242 1421 4296 abstinuisset
1440 4245 1542 4295 huc

1631 2649 1813 2699 nsque,
1847 2635 1991 2684 illum
2029 2633 2314 2696 composito
2348 2631 2599 2695 petierat,
2634 2635 2693 2680 ut

1631 2711 1871 2773 Metello,
1921 2726 2075 2776 quem
2133 2709 2509 2771 turbulentum,
2560 2713 2617 2756 et
2662 2721 2696 2753 a

1633 2787 1886 2851 Pompeio
1922 2800 2078 2849 super
2111 2786 2207 2834 hac
2238 2798 2294 2833 re
2329 2782 2695 2848 suspicabatur

1631 2863 1893 2925 edoctum,
1920 2860 2299 2912 intercederet:
2334 2859 2610 2909 tribunitia
2641 2873 2695 2907 e·

1632 2938 1735 2987 nim
1761 2944 1994 3004 potestas
2016 2937 2082 2986 ad
2104 2934 2494 2999 impediendum
2530 2933 2692 2997 magis

1631 3023 1712 3066 est
1736 3031 1889 3081 quam
1912 3015 1978 3064 ad
2002 3013 2269 3078 agendum.

1692 3092 1716 3127 δ
1749 3092 2175 3143 Administratione
2199 3087 2513 3152 Reipublicoe]
2547 3087 2695 3137 Prae-

1631 3176 1751 3219 tura
1785 3184 1971 3236 nempe
1995 3170 2185 3232 Caesar,
2215 3177 2271 3217 et
2304 3167 2557 3217 Metellus
2604 3164 2694 3212 tri·

1629 3246 1841 3296 bunstn.

1696 3330 1719 3356 ⁰
1755 3322 1979 3373 Dimissi-s
1996 3320 2260 3385 lictoribus]
2287 3321 2407 3372 Quo
2427 3328 2602 3387 posset
2620 3322 2694 3386 ig-

1627 3404 1779 3447 notus
1801 3399 2044 3448 evadere.
2207 3453 2210 3458 ,

1690 3472 1715 3508 ‘¹
1751 3474 2028 3539 Praetexta]
2065 3473 2474 3540 Magistratuum
2510 3477 2694 3526 Sacer-

1625 3550 1924 3616 dotumque,
1963 3551 2101 3601 sicut
2136 3555 2190 3599 et
2224 3564 2505 3613 puerorum
2549 3552 2691 3600 nobi-

1620 3627 1767 3690 lium,
1787 3629 1945 3677 vestis
1968 3628 2080 3677 haec
2105 3633 2252 3687 erat,
2238 3643 2251 3655 ·
2276 3642 2497 3691 quorum
2518 3636 2693 3678 tamen

1627 3704 1850 3753 omnium
1879 3710 2153 3767 praetextae
2181 3707 2354 3753 utrum
2378 3704 2690 3753 discriminis

1625 3782 1764 3831 inter
1812 3797 1868 3831 se
1913 3781 2175 3848 quidpiam
2222 3780 2497 3842 haberent,
2551 3779 2689 3830 band

1624 3861 1906 3925 comperio.

1689 3938 2003 3987 Aeser-enda
2021 3934 2280 4000 dignitate]
2314 3935 2437 3986 Hoc
2472 3942 2577 3999 est,
2609 3933 2694 3983 de·

1622 4012 1885 4063 fendenda
1917 4027 2008 4063 seu
2043 4011 2358 4061 vindicanda
2399 4012 2694 4076 dignitate3

1622 4090 1762 4139 illam
1786 4090 1942 4152 enim,
1962 4089 2005 4137 si
2029 4090 2393 4139 tumultuosius
2413 4088 2548 4154 ‘quid
2575 4102 2691 4153 ege·

1621 4166 1745 4230 rint,
1767 4166 1923 4229 vulgo
1946 4171 2244 4229 praetexunt
2266 4165 2570 4229 optimates.
