3019 4922
1353 381 1648 432 sumus.
2505 368 2592 434 91

380 524 669 591 chiam?
747 525 1036 591 Munere
1055 509 1177 590 q'in
1211 526 1384 592 Foro
1403 537 1432 579 ⁹
1459 527 1870 612 depugnavit
1902 529 2148 595 Furius
2177 530 2591 616 Leptim-⁴5¹9

386 629 601 713 stirpe
630 630 993 715 praetoria:
1022 636 1085 695 et
1116 629 1228 709 Q.¹
1255 630 1620 717 Calpenu8‚
1651 633 1936 701 Senator
1964 635 2348 720 quondam,⁸
2377 639 2589 701 actor-

392 752 523 815 que
568 753 948 798 causarum.
1037 733 1507 819 Pyrrhichamt
1552 737 1954 803 saltaverunt
2002 737 2192 804 Asiae
2224 737 2588 821 Bithyniae-

394 856 526 919 que
555 838 934 922 principum
962 837 1173 902 liberi.
1265 838 1522 903 Ludis¹¹
1567 840 1930 905 Decimus²
1979 841 2326 918 Laberius,
2359 841 2589 923 Eques

398 937 781 1018 RomanuS,
813 943 1088 1006 mimum
1113 950 1132 989 ³
1166 962 1357 1007 suum
1380 950 1408 977 V
1441 945 1672 1027 egit:w
1703 944 2128 1029 donatusque
2156 945 2538 1028 quingentis
2559 953 2587 979 ¹

1302 1141 1668 1161 ‘Omne

398 1254 529 1304 Vide
561 1268 722 1318 supra
763 1270 880 1319 cap.
924 1260 1106 1307 31.-9
1138 1257 1271 1307 Duae
1311 1257 1563 1308 dictiones
1604 1258 1655 1307 in
1701 1257 1814 1308 For.
1857 1256 2045 1307 absunt
2083 1270 2114 1305 e
2145 1255 2278 1306 libro
2307 1258 2588 1310 'rom—10

396 1322 583 1383 Scripti
622 1321 841 1370 Casaub.
877 1322 1138 1384 Lettinius,
1157 1323 1271 1372 Pal.
1296 1329 1343 1373 1.
1363 1324 1607 1385 Lectinus,
1641 1322 1740 1373 Ed.
1768 1324 1915 1372 Rom.
1949 1322 2311 1386 Lemnia—1
2346 1323 2413 1374 A.
2452 1326 2589 1388 Calp.

400 1387 509 1435 Pal.
530 1389 577 1435 3.
601 1385 750 1436 Harl.
772 1387 945 1436 Periz.
965 1388 1012 1435 V
1016 1402 1099 1438 en.
1121 1396 1245 1451 tres,
1262 1389 1396 1438 Bon.
1417 1389 1581 1451 Lugd.
1598 1388 1744 1440 Junt.
1772 1390 1892 1439 Bas·
1910 1387 2029 1438 Ald.
2071 1388 2317 1437 Meliores
2341 1387 2492 1438 codd.
2521 1391 2586 1445 Q.

398 1451 531 1515 quod
566 1466 746 1501 omnes
783 1453 1006 1515 probant
1039 1453 1286 1503 editores.
1353 1454 1404 1504 S.
1439 1456 1579 1518 Calp.
1615 1453 1782 1503 Rbed.
1819 1458 1869 1503 2.
1907 1454 1968 1508 Q.
1995 1454 2316 1517 calphurnius
2348 1454 2513 1503 Rhed.
2540 1460 2587 1506 1.

401 1518 501 1566 Pro
527 1517 733 1567 nomine
761 1519 897 1581 Calp.
919 1518 1133 1583 conjicit
1165 1520 1315 1571 Rcin.
1348 1521 1647 1583 Calpetuuus.
1681 1519 1812 1568 Tum
1837 1519 2019 1568 Barth.
2036 1518 2152 1568 cod.
2170 1517 2413 1568 mendose
2425 1525 2590 1569 suntor

394 1583 555 1645 quand.
589 1582 716 1631 Mox
737 1583 881 1632 Med.
908 1587 954 1634 1.
970 1589 1238 1649 auctorque,
1253 1594 1308 1635 et
1325 1585 1542 1648 corrigit
1567 1583 1706 1635 Oud.
1729 1600 1826 1634 seu.
1850 1590 2066 1647 actorque
2086 1586 2254 1647 quoad.
2272 1590 2416 1634 c.—2
2442 1584 2588 1634 Harl.

398 1661 507 1696 cum
555 1647 714 1697 editis
757 1649 1015 1697 nonnullis
1054 1650 1343 1700 Decuis.-3
1380 1649 1572 1701 Xenum
1613 1665 1751 1699 suum
1793 1650 1952 1698 Fouc.
2022 1650 2149 1698 Mox
2191 1651 2312 1699 dona
2451 1665 2477 1699 e
2516 1656 2591 1700 est

396 1713 537 1763 Med.
565 1712 686 1777 duo,
707 1713 879 1763 Periz.
904 1715 1049 1765 Cort.
1078 1717 1259 1781 Camp.
1285 1715 1432 1766 Harl.
1454 1717 1611 1766 Fouc.
1635 1724 1690 1765 et
1725 1715 1923 1779 priores
1956 1713 2089 1764 Edd.
2113 1723 2306 1779 praeter
2327 1715 2509 1780 Steph.
2532 1723 2590 1766 et

1379 1881 1426 1930 N
1436 1880 1600 1931 OTAE

394 1997 496 2040 tres
512 2005 713 2055 pugnas
730 1998 783 2041 et
800 1993 1236 2055 exercitationes;
1261 1993 1327 2044 de
1348 1994 1454 2056 illis,
1527 1995 1830 2059 spectaculo
1864 1993 1977 2057 ipso
2016 1993 2271 2044 creditum
2313 2001 2395 2045 est
2427 1992 2590 2044 admi-

389 2069 524 2117 cuim
562 2067 770 2118 videtur
806 2071 889 2120 hic
923 2077 1119 2120 tantum
1161 2071 1449 2135 intelligen-
1528 2071 1761 2135 rabilius,
1792 2077 1853 2120 ut
1884 2070 2043 2122 habet
2087 2071 2288 2121 Plinius
2329 2072 2418 2123 lib.
2463 2086 2589 2123 xlx.

391 2145 488 2193 dus
529 2155 708 2194 auctor
751 2155 960 2207 noster;
1016 2147 1251 2209 proxime
1293 2148 1450 2212 siqui·->

392 2224 505 2274 dem
535 2226 684 2275 addit
721 2228 736 2254 ‘
765 2226 1040 2285 Athletas:
1065 2241 1279 2291 quorum
1302 2243 1448 2278 exer-

389 2303 574 2353 citatio
597 2303 869 2368 pedestris,
888 2312 945 2354 ut
963 2320 1164 2366 cursus,
1182 2306 1339 2362 lucta,
1352 2308 1452 2355 &c-

390 2379 511 2428 licet
535 2379 725 2443 alioqui
748 2381 1015 2442 pedestres
1054 2396 1155 2430 una
1177 2388 1231 2430 et
1266 2396 1448 2447 eques-

393 2464 495 2505 tres
520 2453 719 2506 fuerint
742 2456 849 2505 ludi
884 2456 1180 2521 Circenses,
1217 2456 1355 2507 unde
1392 2466 1448 2509 et

389 2533 614 2597 gymnici
640 2548 843 2599 quoque
866 2533 994 2584 dicti
1016 2541 1155 2599 sunt,
1193 2534 1330 2600 quod
1356 2551 1448 2585 nu-

390 2608 459 2670 di,
481 2609 563 2657 vel
588 2623 775 2673 magna
799 2619 949 2673 parte
970 2611 1189 2659 vestium
1215 2612 1279 2660 ad
1304 2612 1449 2676 agili-

391 2691 545 2735 tatem
570 2692 746 2742 exuta,
768 2684 955 2736 fierent
976 2686 1042 2736 ab
1065 2685 1233 2738 initio.
1444 2741 1449 2747 ,

449 2769 473 2794 ⁰
505 2762 755 2825 Athletas]
815 2752 1028 2812 'Horum
1097 2764 1448 2828 appellatione

390 2841 651 2904 gymnicos
675 2855 852 2890 omnes
889 2841 1078 2890 Pollux
1117 2842 1337 2907 intelligi
1363 2857 1448 2893 vo·

388 2919 509 2967 luit:
535 2924 655 2968 sunt
671 2928 845 2968 autem
862 2918 1144 2982 παλαισταὶ,
1159 2920 1208 2969 id
1227 2928 1324 2984 est,
1341 2922 1449 2972 luc·

389 3004 604 3057 talares,
622 2997 819 3060 δρομεῖς,
831 3011 1085 3060 cursores,
1096 2996 1288 3060 πυκταὶ,
1300 2999 1447 3063 pugi·

389 3074 479 3134 ies,
523 3074 714 3138 pugnis
758 3074 822 3123 ab
867 3074 1017 3123 initio
1050 3073 1240 3123 deinde
1290 3076 1450 3126 cestis

390 3159 702 3214 pugnantes,
717 3149 783 3198 de
804 3149 987 3214 quibus
1002 3150 1094 3200 lib.
1114 3163 1165 3199 v.
1186 3150 1448 3217 AEneidos,

388 3225 707 3295 (quanquam
746 3229 921 3276 horum
956 3241 1140 3276 nomen
1186 3242 1288 3276 non
1331 3243 1448 3292 spe.

387 3307 507 3366 ciei,
529 3306 624 3356 sed
650 3305 875 3370 generis,
893 3312 950 3354 ut
976 3307 1318 3368 Athletarum,
1335 3320 1446 3356 esse

385 3382 711 3433 contendunt
734 3380 863 3447 alii,)
896 3380 1186 3451 δισκρβόλοι,
1222 3384 1310 3448 qui
1343 3384 1447 3433 dis-

386 3477 502 3512 cum
515 3462 571 3511 in
591 3462 808 3512 sublime
817 3462 1117 3527 jactabant,
1143 3460 1448 3528 &armokqui

383 3542 541 3591 saltus
561 3542 877 3606 pernicitate
900 3539 1301 3600 contendebant,
1330 3557 1447 3607 quae

388 3619 557 3667 omnia
580 3618 829 3669 aGraecis
852 3631 1106 3682 accepere
1129 3618 1362 3669 Romani.

451 3701 478 3735 Ρ
513 3693 887 3758 Naumachiam]
913 3695 1165 3744 Navalem
1187 3709 1411 3760 pugnam
1433 3709 1448 3757 ;

390 3771 636 3835 Graecum
656 3772 958 3822 vocabulum
976 3780 1073 3822 est.

454 3855 478 3888 (Ι
512 3845 739 3909 Munere]
796 3847 915 3896 Hoc
964 3854 1066 3912 est,
1106 3846 1447 3911 gladiatorum

395 3926 715 3989 spectaculo,
750 3932 815 3989 ,ut
856 3939 903 3974 c.
950 3927 1029 3974 10.
1049 3932 1301 3979 notatum
1352 3932 1450 3977 est.

401 4001 516 4050 Hoc
552 4009 722 4051 autem
769 4002 821 4050 in
864 4001 1095 4066 Romano
1133 4000 1245 4052 soro
1288 4001 1452 4052 voluit

406 4076 627 4126 exbiberi
662 4092 724 4127 ea
756 4076 1163 4141 magnificentia,
1196 4086 1257 4129 ut
1284 4086 1450 4129 totum

409 4169 504 4204 nou
527 4156 674 4205 modo
698 4154 883 4217 forum,
906 4155 996 4204 sed
1021 4170 1166 4205 sacra
1188 4157 1344 4207 etiam
1368 4156 1452 4209 via

418 4231 477 4278 ab
507 4246 591 4278 sua
632 4231 781 4280 domo
817 4231 884 4282 ad
923 4233 1109 4281 clivum
1151 4247 1311 4297 usque
1355 4234 1450 4284 Ca-

425 4305 671 4368 pitolinum
712 4308 837 4358 velis
881 4307 1274 4375 obtenderetur,
1316 4310 1451 4374 quod

1528 2164 1643 2214 cap.
1674 2154 1715 2199 Ι.
2584 2181 2587 2186 .

1592 2233 1612 2260 ¹·
1645 2228 1824 2278 Furius
1860 2228 2110 2293 Leptinus,
2149 2228 2299 2290 stirpe
2334 2227 2590 2291 proetoriu]

1531 2304 1690 2369 Cujus
1724 2320 1753 2355 e
1796 2304 1993 2355 familia
2025 2305 2292 2355 Praetores
2331 2306 2454 2355 lecti
2474 2304 2588 2354 sue·

1531 2386 1661 2431 rant.

1593 2467 1612 2491 ⁸
1639 2458 1887 2523 Calpenus,
1903 2458 2106 2508 Senator
2118 2456 2374 2522 quondam]
2388 2458 2587 2509 Senatu

1530 2542 1589 2585 ut
1616 2537 1768 2597 vulgo
1803 2538 2132 2599 suspicantur
2166 2542 2334 2585 motus
2354 2551 2370 2595 ;
2390 2559 2391 2563 =
2413 2535 2587 2585 multis

1528 2612 1665 2661 euim
1709 2611 1991 2676 ignominia
2030 2611 2223 2660 notatis
2265 2611 2493 2660 dedecus
2534 2611 2588 2660 id

1526 2687 1740 2752 insuper
1756 2687 2014 2752 adjectum
2032 2693 2140 2736 est:
2167 2701 2460 2751 quanquam
2483 2702 2604 2737 non·

1526 2764 1622 2813 nisi
1658 2765 1901 2826 suspicio.
1951 2765 2094 2813 Nero
2117 2763 2254 2812 enim
2276 2766 2391 2812 400.
2426 2763 2588 2812 Sena·

1527 2848 1667 2892 tores
1701 2850 1756 2891 et
1790 2845 1906 2892 600.
1947 2841 2168 2906 equites,
2205 2840 2436 2904 aliosque
2480 2838 2589 2890 for-

1526 2927 1667 2970 tunae
1702 2935 1764 2970 ac
1798 2917 2205 2969 existimationis,
2237 2917 2475 2980 integroe,
2519 2918 2589 2968 ad

1524 2996 1719 3048 ferrum
1744 2996 2002 3058 exhibuit,
2022 2995 2074 3044 in
2100 2995 2313 3045 Nerone
2337 3008 2451 3057 cap.
2476 2998 2555 3045 12.
2588 3033 2594 3038 ,

1587 3077 1604 3108 ⁸
1639 3073 1944 3139 Pyrrhicam]
1979 3073 2058 3121 Ea
2080 3070 2364 3121 saltationis
2384 3071 2591 3135 species

1527 3161 1628 3214 est,
1641 3166 1825 3200 nomen
1838 3151 1902 3200 ab
1921 3150 2191 3198 inventore
2214 3148 2420 3209 sortita,
2438 3162 2593 3210 quem

1530 3228 1618 3277 alii
1641 3228 1902 3292 Pyrrhum
1920 3225 2136 3275 Achillis
2153 3223 2336 3285 filium,
2352 3224 2438 3272 alii
2459 3225 2592 3288 Pyr-

1530 3307 1676 3359 rhum
1702 3307 1956 3370 quendam
1982 3306 2305 3362 Cretensem,
2326 3303 2406 3351 vel
2429 3303 2590 3372 etiam

1529 3400 1557 3432 a
1571 3383 1770 3433 ratione
1786 3381 2026 3440 saltandi,
2041 3379 2177 3447 quod
2191 3379 2482 3442 Pyrrhichii
2499 3394 2590 3443 pe-

1530 3459 1608 3508 dis
1653 3460 1860 3508 modulo
1891 3459 2088 3508 soleret
2129 3456 2334 3520 agitari,
2377 3456 2442 3505 de
2486 3472 2590 3519 quo

1530 3534 1665 3600 pede
1689 3535 1870 3585 Quint.
1896 3534 1987 3582 lib.
2010 3546 2092 3583 ix.
2113 3547 2228 3595 cap.
2253 3536 2330 3583 14.
2359 3533 2470 3585 haec
2488 3529 2592 3581 fuit

1529 3613 1753 3674 saltatio,
1772 3620 1829 3662 ut
1852 3611 2021 3674 plures
2039 3609 2358 3670 existimant,
2372 3617 2592 3672 armata,

1532 3706 1627 3755 pro
1649 3688 1928 3755 juvenibus
1961 3688 2024 3736 ad
2061 3686 2333 3735 militarem
2360 3675 2610 3750 discipli-'

1528 3783 1644 3818 nam
1664 3765 1996 3817 exercendis:
2023 3764 2149 3813 varii
2167 3765 2304 3813 enim
2328 3763 2464 3814 illius
2481 3780 2593 3827 mos

1528 3853 1614 3897 tus
1649 3853 1704 3896 et
1736 3843 1900 3894 flexus
1937 3841 2158 3891 vitandae
2189 3840 2271 3890 vel
2304 3838 2590 3901 inferendae

1533 3925 1700 3989 plagae
1721 3920 2012 3971 reddebant
2032 3919 2266 3968 idoneos.

1596 4008 1619 4034 ¹¹
1651 3997 1827 4060 Medis]
1859 3996 2109 4058 Scenicis,
2129 4001 2190 4045 ut
2213 4001 2379 4060 patet.

1596 4085 1616 4108 v
1651 4077 1855 4125 Mimum
1886 4073 2046 4137 suum]
2080 4072 2311 4134 Scaliger
2343 4070 2431 4119 lib.
2455 4069 2592 4120 Ροδ-

1533 4153 1665 4204 tices
1702 4167 1742 4202 ι.
1777 4166 1893 4215 cap.
1920 4155 1998 4201 10.
2052 4149 2266 4199 Mimum
2305 4147 2435 4197 dicit
2473 4160 2601 4196 esse.

1534 4230 1735 4297 poema,
1773 4227 1988 4295 quodvis
2025 4240 2186 4288 genus
2221 4223 2438 4274 actionis
2476 4222 2590 4272 imi-

1533 4316 1669 4375 tans,
1704 4307 1777 4357 ita
1808 4313 1867 4355 ut
1891 4303 2156 4354 ridiculum
2195 4299 2367 4350 faciat.
2434 4297 2588 4350 Unde
