3019 4922
315 563 746 646 coronatique
801 568 867 627 et
921 561 1112 626 thura
1159 563 1446 626 libantes
1507 563 1726 627 fausta
1776 563 1999 626 omina
2048 570 2162 629 et⁵
2216 567 2502 632 eximias

312 666 548 730 laudes
604 671 1067 747 congesserant
1087 663 1133 729 :⁶
1178 668 1197 697 ‘
1230 663 1361 727 Per
1419 664 1610 727 illum
1663 683 1736 727 se
1796 665 2056 729 vivere:
2130 686 2250 748 per
2308 668 2499 733 illum

313 769 671 851 navigare:
718 767 1014 832 libertate
1046 773 1245 849 atque
1290 766 1577 830 fortunis
1616 785 1735 847 per
1776 766 1960 831 illum
1991 768 2162 832 frui.'
2251 769 2403 847 Qua
2432 792 2502 835 re

316 871 673 940 admodum
717 870 1133 934 exhilaratus
1182 870 1689 954 quadragenos⁷
1749 879 2030 934 aureos²¹
2090 874 2504 937 comitibusv

313 974 583 1037 divisit:
621 973 871 1056 jusque
906 972 1261 1057 jurandum
1299 982 1368 1037 et
1414 973 1794 1036 cautionem
1834 975 2059 1054 exegit
2102 993 2143 1037 a
2188 974 2493 1055 singulis,

314 1095 446 1140 non
494 1078 626 1140 alio
672 1076 898 1139 datam
925 1076 948 1113 ⁸
1001 1096 1325 1141 summam
1355 1084 1555 1160 quam
1601 1078 1667 1139 in
1713 1077 2065 1139 emtionem
2110 1074 2503 1142 Alexandri-

313 1196 544 1246 narum
590 1179 966 1241 merciumw
1018 1179 1464 1243 absumturos.
1552 1177 1686 1241 Sed
1716 1186 1785 1241 et
1841 1186 2098 1242 ceteros
2150 1180 2502 1243 continuos

315 1279 457 1342 dies
490 1280 659 1342 inter
688 1280 876 1344 varia
908 1280 1298 1343 munuscula
1328 1293 1514 1361 togas
1560 1281 1835 1361 insuper
1878 1298 1957 1342 ae
1997 1280 2241 1361 pallia⁹
2286 1279 2503 1344 distri·

258 1363 262 1372 ⁷
313 1381 483 1458 buit,
531 1382 675 1464 lege
728 1382 1103 1464 proposita,
1152 1390 1230 1445 ut
1277 1381 1567 1446 Romani
1616 1380 1882 1457 Graece,
1926 1381 2152 1445 Graeci
2198 1382 2502 1447 Romano

313 1482 544 1547 habitu
567 1491 635 1547 et
666 1502 962 1547 sermone
995 1488 1377 1548 uterentur-,²t
1464 1483 1819 1565 Spectavit
1849 1481 2119 1546 assidue
2149 1488 2213 1547 et
2232 1491 2283 1521 ¹0
2311 1503 2504 1547 exer-

314 1593 538 1650 centes
595 1586 949 1668 ephebosff
1005 1606 1286 1668 quorum
1334 1587 1565 1670 aliqua
1613 1586 1828 1650 adbuc
1888 1587 2088 1668 copia
2148 1606 2234 1649 ex
2284 1594 2503 1650 vetere

1198 417 1595 468 OCTAVIUS.

1232 1785 1263 1802 O
1268 1784 1592 1805 OOOOOOOOOOO

314 1930 475 1981 deleri
515 1929 719 1994 quidem,
744 1930 833 1977 sed
860 1930 1067 1979 tandem
1104 1931 1153 1979 in
1194 1938 1368 1981 nostra
1408 1931 1529 1980 lect.
1566 1933 1939 1996 acquievit.-5
1976 1934 2175 1997 Copula
2212 1939 2258 1983 et
2293 1935 2438 1985 abest
2474 1952 2504 1986 a

314 1998 528 2045 Memm.
570 2002 624 2043 et
659 1996 852 2044 Medic.
892 2000 941 2043 3.
985 1996 1092 2043 Om.
1115 1998 1398 2060 eximiasque
1421 1996 1583 2046 Polit.
1629 2000 1820 2059 Omnia,
1844 1999 1980 2062 quod
2006 2000 2264 2048 Scriverio
2289 2002 2508 2063 placuit,

314 2070 392 2110 est
415 2061 466 2108 in
491 2058 687 2108 Medic.
710 2064 757 2108 2.
782 2062 924 2108 Voss.
947 2061 1104 2109 Fouc.
1129 2068 1181 2110 et
1204 2062 1401 2124 aliquot
1416 2062 1564 2109 Torr.
1581 2071 1637 2111 et
1662 2064 1882 2111 Casanb.
1905 2079 2017 2112 cum
2038 2065 2172 2113 Edd.
2196 2065 2340 2115 Med.
2358 2065 2505 2117 Cald.

312 2126 437 2174 Bas,
463 2124 665 2186 Gryph.
683 2125 855 2173 Plant.
878 2126 1209 2188 aliisque.-—6
1246 2130 1596 2187 Ganges-serunt
1619 2126 1778 2176 Vind.
1803 2133 1849 2178 1.
1897 2130 2022 2177 Tum
2042 2145 2128 2191 per
2148 2131 2278 2179 illam
2302 2132 2508 2179 Duo.—

313 2195 341 2239 ⁷
366 2191 728 2250 Quadringenos
750 2204 881 2238 man.
907 2189 1043 2238 doct.
1061 2192 1110 2239 in
1131 2206 1219 2240 ora
1242 2191 1341 2240 Ed.
1367 2193 1538 2241 Plant.
1563 2194 1876 2245 notavit—8
1910 2195 2111 2242 Tantam
2126 2209 2243 2244 sum.
2280 2195 2436 2245 vind.
2462 2202 2508 2245 1.

313 2265 365 2304 et
393 2263 509 2318 post
534 2254 583 2302 in
603 2269 707 2302 sec.
732 2255 1077 2316 emptitiam—9
1113 2256 1277 2304 Pallen
1300 2257 1515 2306 Merum.
1550 2256 1700 2305 Huls.
1725 2259 1912 2308 Medic.
1954 2264 1998 2307 l.
2032 2263 2081 2308 3.
2118 2260 2245 2321 palia
2269 2261 2422 2309 Vind.
2460 2265 2508 2309 1.

313 2319 450 2369 Dein
474 2324 527 2368 ut
550 2329 667 2368 aute
688 2318 824 2366 Ram.
848 2320 996 2369 deest
1020 2319 1281 2385 Cop.—10
1317 2321 1507 2371 Exulat
1530 2326 1576 2371 et
1601 2338 1631 2370 a
1656 2323 1816 2372 Polit.
1839 2323 2034 2373 Medic.
2060 2329 2106 2373 1.
2131 2328 2178 2375 3.
2201 2324 2354 2373 vind.
2375 2330 2425 2375 2.
2448 2332 2506 2374 et

1296 2512 1517 2563 No'rAE

315 2603 531 2655 Romam
592 2608 781 2662 invehi,
824 2608 884 2656 ad
929 2608 1041 2658 illas
1079 2606 1367 2657 frumenta-

315 2681 482 2731 tiones
520 2690 572 2733 et
598 2684 895 2749 divisiones,
918 2685 983 2733 de
1006 2684 1188 2748 quibus
1212 2698 1370 2746 supra

313 2774 359 2807 c.
384 2763 464 2808 37.
498 2768 549 2808 et
575 2762 624 2809 in
646 2762 787 2812 Julio
810 2776 857 2810 c.
880 2765 960 2810 26.
986 2767 1041 2809 et
1062 2763 1143 2809 41.
1178 2770 1231 2808 et
1249 2760 1367 2808 alibi

313 2836 507 2898 passim
548 2838 597 2886 in
662 2839 759 2887 boc
802 2852 979 2901 opere.
1047 2836 1367 2886 Candidatus

313 2919 485 2960 autem
524 2913 639 2961 illos
687 2912 917 2974 intellige
950 2913 1180 2961 candidis
1217 2914 1368 2974 vesti·

311 2988 409 3037 bus
446 2990 676 3051 indutos,
697 3000 752 3039 et
786 3004 878 3054 pro
913 2990 1069 3039 omina
1101 2991 1152 3039 in
1184 2989 1369 3055 aliqui-

311 3064 407 3115 bus
430 3068 533 3129 legi
554 3069 724 3116 omnia.

377 3148 401 3174 ¹¹
438 3143 776 3205 Quadrugenos
797 3142 987 3205 aureos]
1017 3144 1130 3194 Hoc
1150 3153 1232 3196 est
1256 3150 1367 3197 1⁷5.

311 3217 404 3267 lib.
442 3213 648 3268 Aureus
685 3233 815 3267 unus
842 3234 906 3267 ex
941 3220 1157 3276 Budoeo,
1187 3222 1280 3271 lib.
1303 3235 1366 3272 ιι.

309 3295 377 3344 de
403 3294 550 3355 Asse,
563 3304 771 3344 centnm
795 3296 1049 3346 sestertiis
1067 3298 1365 3362 equivalet.

313 3372 451 3426 Vide
472 3374 600 3421 etin
627 3373 837 3422 Othone
860 3387 907 3423 c.
930 3376 983 3422 4.

373 3454 399 3479 V
435 3446 720 3509 Comitibae]
773 3447 889 3497 Suis
946 3446 1147 3497 scilicet
1207 3449 1366 3512 ipsius

313 3523 557 3585 Augusti.
587 3522 793 3580 videsis
832 3523 883 3571 in
921 3523 1065 3575 Julio
1086 3539 1135 3575 c.
1166 3528 1218 3574 4.
1241 3532 1298 3574 et
1316 3526 1367 3575 in

311 3597 547 3662 Caligula
583 3613 629 3648 c.
651 3604 728 3648 19.
751 3599 839 3649 ubi
866 3599 932 3650 de
970 3600 1247 3651 amicorum
1280 3616 1366 3652 co·

312 3674 567 3738 hortibus.

375 3757 409 3782 ⁸¹
444 3751 880 3801 Alexandrinarum
926 3755 1174 3821 mercium]
1243 3756 1368 3806 Fre-

310 3834 531 3891 quentes
570 3834 716 3876 erant
756 3835 882 3877 tunc
922 3832 1170 3893 temporis
1206 3831 1367 3881 Alex·

312 3901 497 3951 andria
527 3903 576 3951 in
611 3901 814 3952 ltaliam
855 3905 1233 3971 navigationes,
1258 3915 1365 3957 tum

313 3991 530 4027 annonae
561 3993 737 4040 causa,
777 3986 889 4029 tum
927 3990 1255 4046 mercaturae,
1277 3999 1365 4033 cu·

306 4054 398 4117 jus
416 4056 589 4117 palma
619 4069 775 4118 penes
812 4057 1194 4108 Alexandrinos
1234 4065 1371 4111 erat.

315 4131 384 4179 Hi
409 4132 723 4182 invehebant
748 4140 996 4193 aromata,
1026 4134 1201 4199 libros,
1221 4137 1367 4184 char-

315 4216 415 4268 tas,
453 4223 730 4271 papyrum,
778 4208 903 4267 lina,
931 4217 1169 4273 stuppas,
1204 4210 1375 4259 sindo-

1445 2610 1736 2673 gyptiacas,
1760 2610 2014 2673 mancipia
2051 2610 2139 2659 illa
2179 2617 2409 2666 venusta,
2435 2608 2501 2658 de

1447 2685 1633 2749 quibus
1658 2701 1813 2748 snpra
1835 2701 1881 2735 c.
1905 2689 1985 2736 83.
2015 2688 2115 2735 διο.

1508 2769 1536 2794 x
1574 2762 1778 2810 Romani
1802 2762 1988 2818 Graeco,
2006 2763 2112 2826 ἐγὼ]
2139 2760 2253 2809 Hoc
2278 2766 2374 2820 est,
2399 2759 2504 2809 Ro-

1446 2838 1583 2886 mani
1624 2838 1832 2901 pallium
1871 2844 2154 2896 sumerent,
2199 2836 2374 2886 Graeci
2425 2841 2503 2884 to·

1448 2928 1580 2976 gam.
1650 2914 1778 2961 Vide
1801 2915 1851 2962 in
1874 2914 1979 2965 Jul.
2005 2929 2050 2961 c.
2073 2918 2156 2963 48.
2209 2912 2338 2961 Inde
2364 2912 2506 2961 vide·
2552 2941 2553 2946 =

1450 2996 1536 3038 tur
1579 2990 1827 3053 quaesitus
1883 2991 2034 3040 ludus
2088 2999 2142 3039 et
2188 2990 2503 3048 delectatio;

1448 3079 1576 3114 vero
1600 3066 1734 3113 enim
1774 3066 1937 3115 simile
1975 3073 2070 3126 est,
2111 3081 2276 3130 neque
2316 3066 2505 3114 Roma:-

1449 3158 1542 3191 nos
1585 3143 1798 3202 Graece,
1834 3158 2002 3207 neque
2040 3143 2255 3194 Graecos
2298 3143 2509 3204 Latine,

1447 3221 1575 3269 satis
1599 3221 1846 3283 expedite
1871 3222 2091 3270 locutos.

1513 3305 1536 3339 1
1568 3298 1860 3345 Exercent&
1894 3296 2110 3359 ephebos]
2153 3296 2393 3347 Groecam
2435 3296 2509 3343 lo·

1447 3369 1641 3434 quendi
1679 3368 1951 3420 formulam
1986 3369 2229 3420 observat
2253 3369 2510 3419 Casaubo-

1447 3459 1561 3505 nus‚
1595 3460 1692 3509 pro
1728 3447 1744 3474 ‘
1764 3456 2071 3495 exercentes
2103 3445 2193 3494 se?
2257 3445 2360 3495 Sed
2392 3445 2505 3507 ,iam

1448 3535 1607 3584 supra
1627 3521 1808 3571 eodem
1834 3521 1987 3571 modo
2018 3523 2070 3570 in
2094 3521 2239 3572 Julio
2257 3536 2308 3571 c.
2334 3524 2418 3569 26.
2452 3526 2509 3569 et

1448 3612 1515 3647 ex
1556 3598 1718 3661 ipsius
1738 3597 1885 3654 Julii,
1924 3605 1984 3647 ut
2012 3598 2236 3653 videtur,
2270 3595 2508 3659 epistola.

1446 3674 1648 3738 Ephebi
1687 3681 1809 3722 sunt
1835 3675 1981 3737 pueri
2011 3689 2044 3723 a
2071 3673 2284 3728 ,decimo
2322 3678 2508 3735 quarto

1448 3752 1619 3803 etatis
1672 3766 1844 3811 anno;
1901 3752 1998 3800 hac
2037 3751 2172 3816 epim
2221 3756 2377 3799 oetate
2431 3747 2510 3796 in·

1446 3829 1679 3893 cipiebat
1733 3827 1953 3892 ἑφηβεία,
2011 3828 2223 3878 auctore
2280 3827 2504 3876 Donato.

1447 3907 1581 3956 Haec
1604 3905 1766 3969 prima
1790 3904 2136 3954 adolescentia
2160 3917 2251 3954 seu
2277 3911 2508 3952 extrema

1448 3983 1704 4047 pueritia:
1745 3982 1860 4030 binc
1884 3981 2018 4045 apud
2043 3983 2300 4030 Romanos
2335 3979 2387 4027 in
2421 3993 2511 4041 pa-

1447 4060 1739 4109 laestrarum
1778 4057 2011 4107 aedifieiis
2052 4055 2334 4104 membrum
2389 4059 2507 4102 erat

1453 4132 1759 4184 exercendis
1801 4132 2051 4196 ejusmodi
2094 4130 2509 4181 adolescentibus

1452 4210 1794 4270 destinatum,
1829 4209 1965 4273 quod
1989 4210 2179 4260 Graeco
2220 4209 2321 4261 ritu
2354 4207 2510 4272 ephe·

313 4299 426 4347 nes,
451 4292 628 4334 vestes
650 4294 755 4335 tam
781 4284 1144 4349 Babylonica,
1160 4293 1269 4337 tum
1293 4288 1373 4337 ΙΕ-
1453 4287 1607 4337 beum
1631 4286 1921 4339 dicebatur·
