3019 4922
500 325 589 392 30

501 488 648 574 ejus
728 486 1006 567 diffisum
1076 493 1219 553 tum
1276 491 1691 569 occasione‚⁹
1757 506 1953 573 quam
2002 487 2334 553 minorem
2380 486 2694 570 opinione

503 589 888 657 offenderat.
962 590 1084 673 [4.]
1130 589 1458 672 Ceterum,
1484 584 1868 676 composita
1898 592 2272 676 seditione¹
2300 591 2509 669 civili,
2536 590 2697 655 Cor-

498 694 748 758 nelium
779 695 1287 772 Dolabellam,¹⁰
1329 696 1748 760 consularem
1797 707 1869 760 et
1913 693 2385 778 triumphalem
2430 694 2694 770 virum,¹

497 795 1068 879 repetundarumy
1117 797 1526 882 postulavit:
1586 798 2047 881 absolutoque,
2108 796 2472 861 Rhodum¹⁵
2515 814 2702 859 sece-

500 898 651 962 dere
676 900 938 979 statuit,
969 906 1041 965 et
1089 901 1175 974 ad
1220 899 1685 965 declinandam
1730 898 2075 978 invidiam,
2109 894 2178 964 et
2220 905 2297 963 ut
2333 917 2460 982 per
2490 898 2698 961 otium

500 1019 585 1065 ac
635 1002 938 1085 requiem
976 1000 1342 1086 Apollonio
1390 1001 1711 1080 ΜοΙοιιὶ,2
1729 1009 1756 1038 ⁸
1797 1002 2173 1067 clarissimo
2219 1008 2379 1066 tunc
2423 997 2696 1099 dicendi

498 1104 844 1187 magistre,
874 1125 1150 1189 operam
1170 1105 1379 1170 daret.
1441 1103 1651 1169 Hunc-
1675 1103 1832 1168 dum
1855 1104 2168 1188 hybernis
2186 1104 2330 1189 jam
2358 1103 2699 1166 mensibus

499 1205 771 1291 trajicit,
790 1208 972 1273 circa
1000 1207 1526 1273 Pharmacusam
1545 1204 1607 1254 Ψ
1632 1205 1925 1274 insulam
1951 1225 1997 1272 a
2024 1205 2461 1290 praedonibus
2478 1210 2511 1252 4
2540 1221 2700 1287 cap·

1357 343 1420 391 G.
1467 342 1831 394 SUE'roNn

495 1506 563 1556 ali
602 1512 711 1557 not.
755 1520 862 1555 cum
896 1504 998 1566 ing.
1029 1520 1135 1554 cum
1161 1521 1254 1556 occ.
1282 1483 1620 1556 Heriem—5⁸>
1652 1506 1805 1571 Vulg.
1840 1505 2094 1570 occasioni,
2127 1507 2219 1557 sed
2243 1505 2369 1556 iilud
2397 1519 2465 1556 ex
2484 1505 2700 1555 Memm.

498 1573 577 1621 Pa
603 1608 617 1623 .
641 1569 858 1621 Medici.
879 1568 1048 1618 Periz.
1070 1570 1225 1619 vind.
1249 1571 1467 1635 aliisque
1486 1569 1638 1622 codd.
1658 1579 1713 1620 et
1728 1571 1864 1622 Edd.
1880 1573 2029 1622 Vett.
2054 1575 2337 1623 restituunt
2356 1570 2496 1622 Oud.
2516 1571 2698 1618 Burm.

496 1636 682 1701 quibus
719 1635 979 1686 accedunt
999 1634 1158 1685 Wolf.
1185 1637 1388 1687 Rulmk.
1412 1639 1628 1699 Baumg.
1695 1637 1838 1687 Nihil
1862 1645 2028 1687 mutat
2053 1638 2274 1688 Casaub.
2298 1638 2391 1686 sed
2430 1636 2565 1699 conj.
2594 1648 2699 1682 cum

495 1705 554 1752 de
574 1702 678 1764 ing.
699 1703 747 1751 d.
772 1705 875 1750 tum
894 1703 1121 1749 occe-10
1158 1702 1442 1750 Dolabellam
1463 1701 1619 1752 codd.
1642 1716 1799 1752 noun.
1833 1717 1895 1752 ac
1931 1703 2115 1767 priscae
2151 1703 2366 1753 edd.—-l
2411 1702 2577 1752 Virum
2598 1713 2699 1747 uon

497 1773 648 1816 extat
669 1765 720 1814 iu
741 1766 914 1815 vatic.
939 1763 1082 1815 Med.
1106 1770 1153 1814 3.
1176 1767 1312 1831 quod
1335 1768 1491 1816 etiam
1516 1767 1745 1817 deletum
1762 1767 1909 1817 malit
1924 1768 2166 1818 'rori-ent.
2185 1766 2501 1832 negantibus
2519 1765 2700 1839 But-m.

498 1830 742 1881 Qum—2
772 1830 861 1880 Sic
898 1831 1111 1881 Memm.
1135 1831 1250 1880 Pal.
1275 1837 1321 1882 1.
1343 1836 1394 1881 2.
1417 1838 1636 1896 uterque
1655 1831 1812 1881 vind.
1840 1832 2086 1890 Medicei,
2110 1833 2261 1883 Voss.
2298 1846 2361 1882 ac
2377 1843 2556 1881 omnes
2581 1828 2699 1877 libri

401 1951 410 1958 ‚
496 1896 683 1962 scripti
717 1897 959 1945 Tot-rent.
995 1902 1052 1945 et
1089 1895 1280 1946 Wolfii.
1347 1897 1582 1951 Tuentur
1616 1898 1775 1948 Saltu.
1815 1897 2063 1959 Rualdus,
2101 1899 2282 1948 But-m.
2317 1897 2441 1959 Bip.
2477 1895 2699 1951 Baumss.

498 1960 677 2011 Graev.
712 1959 805 2011 ned
849 1962 986 2023 vulg.
1022 1963 1147 2012 lect.
1186 1962 1395 2011 Molonis
1429 1961 1670 2013 vendicat
1692 1963 1919 2014 Casaub.
1943 1962 2345 2027 astipulantibus
2368 1961 2527 2012 Grut.
2545 1955 2706 2008 Wolf.

495 2027 624 2078 Var.
659 2033 716 2076 et
750 2026 937 2076 Pitisc.
1003 2026 1156 2076 Hanc
1192 2041 1397 2092 quoque
1438 2027 1564 2077 lect.
1604 2035 1868 2078 testantur
1905 2029 2023 2079 Pal.
2047 2033 2093 2078 3.
2135 2037 2351 2093 utraque
2386 2027 2488 2077 Ed.
2528 2022 2703 2074 Aldin-

495 2091 675 2154 Steph.
696 2099 753 2141 et
775 2092 910 2141 aliae'.
972 2092 1163 2156 Mylom·
1187 2092 1321 2142 Edd.
1342 2093 1526 2156 camp.
1554 2093 1719 2158 Lugd.
1783 2093 1959 2143 Miloni
1983 2094 2214 2144 Har-lem.
2235 2095 2401 2143 Fouc.
2422 2089 2700 2165 MedioLJ.

496 2156 709 2207 Deinde
751 2156 856 2206 Ms.
879 2171 1010 2206 unus
1034 2158 1162 2222 legit
1181 2159 1296 2207 clar.
1319 2157 1413 2207 dic.
1435 2164 1474 2208 t.
1492 2164 1716 2220 τηεμ-3
1749 2159 2147 2210 ΔΡίιαντνιωιιιεωηι
2177 2160 2392 2209 Memm-
2414 2161 2465 2207 2.
2503 2153 2698 2228 Medic:

497 2222 648 2271 Voss·
669 2221 826 2272 vind.
850 2222 948 2271 Ed.
974 2223 1155 2286 Camp.
1177 2231 1402 2286 negante
1420 2224 1640 2273 Casani).
1664 2236 1731 2274 ex
1747 2225 1924 2276 vatic.
1945 2225 2065 2276 Pau.
2087 2224 2244 2274 duob.
2267 2224 2698 2297 huncquesecun

499 2294 622 2337 sunt
640 2302 822 2339 omnes
862 2295 1065 2339 recent.
1103 2287 1336 2341 an—4
1367 2288 1747 2340 Proediatoribus
1780 2290 1936 2340 Huic.
1973 2289 2111 2342 forte
2150 2305 2246 2357 pro
2275 2285 2700 2354 metatos-thus.—

1487 2429 1711 2484 NOTAE

447 2594 451 2598 ,
563 2545 591 2575 ³¹
607 2540 874 2605 Seditione]
902 2540 949 2591 A
969 2541 1167 2607 Lepido
1184 2543 1430 2608 excitata,
1445 2559 1561 2610 cap.

500 2618 737 2682 proxime
754 2618 1096 2681 praecedenti.

562 2702 587 2737 5
619 2694 1025 2760 Repetundaram]
1057 2695 1402 2745 Pecuniarum
1422 2696 1561 2746 scili-

497 2778 602 2833 cet,
618 2784 720 2835 quo
735 2772 937 2820 nomine
956 2772 1144 2836 omnia,
1158 2772 1344 2837 quibus
1367 2773 1561 2823 divitiae

501 2853 760 2906 constant,
805 2848 1145 2911 intelligenda
1191 2850 1424 2898 veniunt.
1506 2849 1563 2899 Si

499 2923 614 2987 quis
638 2923 691 2971 iu
713 2923 1040 2987 magistratu,
1063 2925 1341 2988 legatione,
1357 2927 1437 2974 vel
1463 2927 1565 2976 alio

500 2999 684 3063 quovis
696 2995 868 3049 officio
883 2999 1168 3049 indebitum
1188 2999 1454 3067 'quidpiam
1474 3016 1566 3053 ex-

500 3078 712 3141 egisset,
745 3084 836 3128 aut
863 3088 1139 3144 corruptus
1173 3097 1204 3130 a
1239 3082 1564 3145 provinciali-

499 3152 596 3202 bus
615 3155 922 3218 accepisset,
943 3156 1040 3205 hoc
1063 3158 1264 3206 nomine
1290 3160 1563 3209 accusaba-

502 3237 604 3291 tur,
623 3237 678 3279 et
698 3232 1097 3293 repetundarum
1110 3234 1392 3285 <dicebatur
1408 3245 1563 3285 accu-

501 3312 659 3357 satus.
698 3297 850 3359 Qnsod
868 3314 1041 3357 tamen
1061 3309 1412 3375 quaminutile
1424 3310 1563 3360 foret

501 3383 736 3447 spoliatae
759 3385 1037 3449 provinciae
1060 3388 1186 3435 satis
1209 3387 1378 3436 innuit
1399 3388 1561 3439 Juve-

499 3459 602 3511 nal.
618 3460 729 3511 Sat.
751 3474 792 3512 1.
826 3464 842 3491 ‘
860 3461 967 3532 ξεᾱ
992 3465 1045 3511 tu
1071 3464 1259 3513 victrix
1293 3466 1561 3529 provincia

499 3539 673 3603 ploras
695 3538 727 3602 ς’
759 3541 895 3605 quod
920 3541 1120 3591 scilicet
1157 3543 1351 3608 adepta
1383 3558 1560 3609 causa,

500 3629 670 3681 neque
697 3623 936 3680 reparato
962 3618 1167 3681 damno,
1186 3620 1312 3669 nihil
1335 3621 1387 3670 in
1421 3622 1561 3671 cala·

497 3692 681 3742 mirate
725 3693 992 3744 levaminis
1035 3696 1341 3759 accepisset,
1378 3704 1561 3761 utpote

501 3780 619 3817 cum
640 3782 761 3818 reus
785 3770 1041 3821 duntaxat
1071 3773 1121 3821 in
1145 3773 1354 3823 exilium
1380 3788 1560 3837 agere-

498 3848 586 3892 tur
606 3845 762 3894 salvis
784 3846 966 3909 opibus
989 3863 1118 3912 quas
1134 3862 1332 3913 ,magno
1353 3851 1558 3913 provin·

498 3919 706 3970 cialium
729 3921 913 3971 damno
937 3933 1288 3987 congesserat.

562 4004 584 4029 ²
617 3998 858 4062 Rhodum]
910 4001 1224 4051 Liberalium
1268 4004 1454 4053 artium
1498 4018 1559 4054 ac

499 4076 742 4125 oratoriae
766 4078 1054 4139 praesertim
1078 4078 1261 4128 studiis
1277 4080 1396 4128 olim
1418 4091 1562 4129 com-

501 4150 746 4278 mandata
769 4161 869 4218 est,
892 4162 950 4205 ut
972 4160 1121 4220 patet
1144 4155 1300 4205 etiam
1336 4154 1472 4207 infra
1507 4157 1561 4207 in

498 4228 560 4277 Ti
599 4228 725 4280 erio.

1705 2552 1731 2580 ⁸
1762 2543 1970 2607 Moloni]
2023 2544 2180 2595 Hunc
2203 2541 2476 2593 audiverat
2497 2548 2699 2604 quoque

1642 2622 1849 2674 Cicero.
1897 2622 2119 2676 Quidam
2141 2617 2323 2683 legunt
2345 2616 2573 2678 Molonis,
2590 2612 2697 2662 filio

1641 2700 1861 2765 scilicet,
1893 2699 2155 2750 locutione
2188 2698 2406 2749 Graeca:
2455 2692 2548 2743 sed
2585 2702 2700 2740 cnm

1642 2779 1728 2829 llic
1752 2777 2055 2844 Apollonius
2074 2776 2469 2841 cognominatus
2497 2781 2699 2837 qnoque

1642 2853 1802 2906 fuerit
1844 2855 2009 2919 Molo,
2049 2852 2360 2906 celebratior
2401 2848 2580 2899 habita
2616 2851 2698 2895 est

1642 2932 1786 2995 prior
1826 2931 2004 2982 lectio.
2084 2929 2351 2995 Siquidem
2395 2921 2697 2977 Suetonium

1642 3009 1926 3058 Romanum
1944 3008 2176 3057 Romano
2198 3019 2340 3055 more
2363 3005 2587 3056 locutum
2612 3009 2697 3049 ve·
2750 3028 2753 3031 -

1643 3098 1701 3133 ro
1723 3083 1939 3133 similius
1962 3088 2061 3133 est.
2128 3082 2259 3132 Cum
2280 3088 2456 3130 tamen
2477 3079 2579 3128 duo
2603 3073 2696 3125 viri

1644 3160 1831 3210 eodem
1858 3161 1973 3209 loco
2011 3158 2142 3221 nati,
2171 3156 2457 3207 Alabandae
2496 3153 2696 3205 scilicet

1642 3236 1696 3285 i'n
1728 3237 1856 3286 urbe
1889 3235 2075 3293 carim,
2113 3235 2330 3284 eandem
2373 3240 2545 3283 *artem
2583 3229 2695 3293 pari

1642 3311 1781 3363 fama
1819 3312 2109 3377 docuerint,
2150 3310 2456 3375 Apollonius
2498 3308 2696 3360 scilicet

1641 3389 1893 3447 Malacus,
1925 3403 2080 3457 quem
2111 3388 2334 3437 Molonis
2356 3386 2521 3437 filium
2540 3382 2695 3434 fuisse

1642 3466 1913 3517 contendit
1965 3464 2319 3526 Casaubonus,
2351 3471 2409 3515 et
2444 3461 2608 3521 Molo,
2640 3464 2698 3507 ut

1642 3551 1828 3596 auctor
1850 3552 1931 3595 est
1952 3543 2139 3595 Strabo
2171 3543 2262 3593 lib.
2280 3554 2397 3593 xiv.
2436 3541 2557 3590 ideo
2588 3537 2695 3611 facf

1640 3627 1754 3672 tum
1790 3621 2021 3681 videtur,
2041 3627 2101 3670 ut
2133 3634 2221 3669 eos
2255 3618 2514 3670 doctiores
2542 3613 2695 3681 pleri·

1641 3711 1743 3761 que
1766 3696 2173 3756 confundet-eun
2208 3695 2354 3759 cujus
2376 3693 2566 3745 erroris
2595 3690 2694 3740 Ca·

1639 3774 1896 3824 sau‘bouus
1938 3778 2145 3825 accusat
2188 3773 2563 3824 Quintilianum
2601 3768 2692 3818 lib.

1636 3865 1725 3901 m.
1749 3865 1867 3914 cap.
1888 3855 1935 3901 1.
1959 3857 2015 3899 et
2035 3849 2125 3900 lib.
2150 3863 2256 3899 xu.
2274 3863 2392 3914 cap.
2412 3854 2463 3899 6.
2490 3848 2692 3898 Plutar-

1637 3928 1788 3978 chum
1813 3928 1864 3977 in
1890 3927 2163 3990 Cicerone,
2179 3926 2302 3992 quin
2319 3934 2377 3977 et
2391 3926 2690 3976 Ciceronem

1638 4004 1806 4068 ipsum
1836 4003 2025 4068 aliqui:
2057 4016 2185 4070 quos
2222 4009 2397 4054 tamen
2420 4002 2531 4068 quis
2554 4011 2691 4049 nunc

1638 4080 1916 4131 emendet?
2560 4085 2566 4094 ’·

1698 4156 1723 4191 ¹²
1756 4156 2153 4223 Pharmacusam]
2196 4156 2375 4206 Insula
2408 4162 2492 4207 est
2525 4154 2689 4204 Maris

1639 4231 1821 4298 AEgaei,
1843 4249 1957 4298 quae
1996 4232 2149 4283 hodie
2179 4234 2405 4282 Par-mosa
2434 4228 2689 4284 Bellonio,
