3019 4922
524 406 610 471 86

527 574 684 655 post
713 565 1051 632 devictum
1084 562 1463 648 Scipionem
1484 571 1513 599 ⁰
1554 570 1794 647 quater
1822 563 2063 627 eodem
2093 580 2348 641 mense,
2381 560 2501 626 sed
2533 562 2719 628 inter*-

520 672 724 758 jectis
753 669 1026 736 diebus:
1058 674 1081 721 l
1126 675 1194 732 et
1222 687 1454 732 rursus
1486 666 1716 744 semel,
1745 672 1901 751 post
1931 670 2283 749 superatos
2315 665 2625 751 Pompeii
2645 667 2721 730 li-

526 776 745 840 beros.
833 771 1131 837 Primum
1165 774 1230 834 et
1259 768 1884 834 excellentissimum
1922 767 2323 851 triumphum
2352 767 2718 851 egit'Galli·

530 897 705 955 cum,
765 881 1153 960 sequentem
1213 872 1769 949 Alexandrinum,
1828 863 2070 935 'deinde
2132 869 2517 951 Ponticum,
2568 873 2722 938 huic

528 980 915 1065 proximum
947 977 1389 1052 Africanum,p
1423 973 1859 1038 novissimum
1895 972 2467 1056 Hispaniensem‚'-¹
2502 975 2721 1042 diver..

529 1103 607 1147 so
636 1100 960 1166 quemque
984 1085 1036 1118 ¹0
1068 1077 1408 1163 'apparatu
1449 1082 1520 1141 et
1561 1077 2044 1140 instrumento.r
2129 1075 2378 1142 Gallici
2407 1079 2722 1164 triumphi

528 1186 635 1250 die
661 1182 1062 1250 Velabrum*
1109 1181 1643 1266 praetervehenS‚¹
1690 1199 1883 1264 paene
1930 1199 2121 1244 curru
2167 1200 2503 1246 excussus
2535 1184 2724 1261 est‚²‘

447 1369 450 1372 ,
529 1306 661 1354 axe
692 1286 997 1352 diffracto
1017 1293 1068 1348 :³
1104 1283 1590 1367 ascenditque⁴
1619 1282 2037 1366 Capitolium
2056 1291 2085 1318 ¹¹
2112 1282 2197 1347 ad
2231 1284 2533 1363 lumina‚⁵
2560 1305 2723 1371 qua-

1388 418 1449 465 c.
1473 413 1789 482 ‚suuwou
1807 415 1857 462 ιι

1452 1445 1815 1466 OOOOOOOOOOO

528 1552 732 1617 biennio,
756 1551 897 1603 Ond.
931 1566 1111 1615 unoque
1131 1566 1255 1601 anno
1280 1550 1360 1599 vel
1400 1565 1493 1600 uuo
1525 1564 1658 1613 paene
1693 1563 1829 1598 anno.
1894 1548 2000 1599 Sed
2032 1564 2476 1614 supervacaneum
2500 1550 2723 1603 casaub.

528 1616 713 1667 Wolfio
752 1632 812 1666 ac
848 1617 1066 1680 Baumg.
1099 1616 1320 1677 videtur,
1355 1623 1408 1665 et
1444 1630 1508 1665 ex
1552 1615 1682 1663 mala
1717 1614 1943 1679 ejusdem
1981 1616 2121 1665 vocis
2161 1616 2438 1666 iteratione
2473 1624 2728 1667 ortum.—

529 1687 592 1731 10
630 1682 839 1745 Quaque
862 1683 1014 1733 Voss.
1052 1686 1100 1731 et
1133 1697 1242 1744 app.
1273 1685 1321 1730 et
1351 1681 1464 1730 inst.
1491 1681 1636 1730 cort.
1670 1679 1830 1730 vind.
1853 1684 1992 1730 2.--1
2037 1681 2128 1730 Uti
2154 1682 2203 1730 in
2237 1682 2340 1731 Ms.
2363 1683 2512 1741 Torr.
2537 1682 2729 1732 Abbat.

529 1745 702 1810 Gaud.
729 1746 962 1797 Hau-lem.
990 1755 1044 1796 et
1070 1747 1204 1796 Eud.
1231 1745 1473 1806 Venetis,
1495 1746 1570 1794 sic
1593 1746 1748 1794 etism
1774 1745 1824 1794 in
1856 1753 2076 1810 utroque
2098 1747 2312 1796 Mediol.
2337 1748 2565 1797 etCald.
2590 1748 2727 1796 exhi·

527 1811 685 1860 betur
702 1812 994 1874 praehens,
1019 1812 1153 1875 quod
1178 1826 1293 1861 cum
1320 1811 1540 1861 Heinsio
1577 1809 1801 1872 probant
1834 1812 2010 1860 Burin.
2039 1812 2179 1862 Oud.
2206 1812 2416 1861 Ruhnk.
2459 1812 2545 1864 ef.
2569 1813 2729 1863 Gron.

529 1877 594 1925 ad
622 1878 733 1927 Liv.
757 1890 912 1926 xxix.
938 1892 983 1926 c.
1006 1881 1186 1926 tiz—2
1222 1877 1313 1925 Est
1337 1878 1514 1926 exulat
1536 1875 1600 1924 ab
1626 1873 1858 1926 Harlern.
1893 1876 2059 1926 Pei-iz.
2084 1878 2216 1926 Ven.
2242 1879 2364 1927 trib.
2397 1878 2530 1927 Bon.
2564 1877 2728 1942 Lugd.
2783 1938 2789 1944 φ

525 1940 680 1993 Junt.
712 1941 934 1991 Ala—3
969 1941 1202 2000 Detracta
1233 1942 1403 1990 Periz.
1445 1941 1676 1990 Han-lem.
1710 1949 1763 1989 et
1799 1956 1979 1991 omnes
2012 1942 2137 1992 editi
2165 1953 2359 2008 praeier
2390 1943 2547 1994 Voss.
2581 1945 2730 1993 Rom.

526 2007 706 2070 Steph.
749 2006 884 2065 quod
922 2008 992 2069 τῷ
1022 2022 1114 2056 axe
1152 2003 1591 2056 accommodatius
1618 2016 1801 2056 censet
1825 2007 1949 2056 Ern.
1985 2007 2076 2056 sed
2100 2008 2304 2057 omnino
2341 2006 2729 2073 praeferendum

527 2085 644 2120 esse
664 2070 890 2135 diffracto
924 2073 1079 2120 docet
1118 2085 1183 2120 ex
1216 2072 1439 2121 membb.
1460 2072 1565 2120 suis
1587 2071 1734 2120 Torr.
1758 2078 1954 2134 etpost
1988 2086 2103 2122 eum
2137 2072 2473 2125 firmaverunt
2510 2074 2730 2125 Casaub.

529 2134 670 2185 Oud.
695 2135 847 2185 Wolf.
875 2136 1079 2187 Ruhuk.
1104 2143 1160 2186 et
1182 2137 1399 2201 Baumg.
1468 2138 1554 2186 Ita
1578 2150 1779 2202 quoque
1814 2137 1972 2186 Fouc.
1993 2138 2141 2188 Med.
2176 2146 2300 2202 tres,
2322 2147 2547 2205 uterque
2578 2137 2731 2189 Viud.

529 2201 676 2251 Cort.
702 2202 782 2249 vel
822 2200 1166 2261 disfracto.—4
1202 2202 1456 2266 Cuperus,
1489 2203 1679 2252 Exere.
1712 2202 1778 2251 de
1814 2202 1984 2266 eleph.
2025 2217 2071 2253 c.
2095 2207 2143 2253 7.
2168 2204 2218 2253 in
2262 2205 2396 2255 Nor.
2431 2206 2586 2254 Thes.
2609 2203 2730 2255 Ant.

527 2265 677 2315 Rom.
709 2266 1071 2329 corrigendum
1107 2267 1262 2317 vellet
1294 2268 1636 2331 descenditque,
1676 2267 1810 2332 qnod
1858 2283 1889 2316 a
1924 2282 2045 2317 vero
2084 2284 2185 2318 non
2225 2269 2508 2321 abhorrere
2544 2275 2733 2334 putant
2820 2331 2823 2334 Ι

527 2330 752 2381 casaub.
777 2332 955 2381 Burm.
988 2331 1098 2396 (qui
1135 2339 1190 2381 et
1223 2333 1443 2395 capitolio
1464 2334 1712 2394 scriptum
1742 2331 1901 2381 fuisse
1932 2333 2188 2398 autumat)
2205 2333 2365 2385 Wolf.
2403 2335 2733 2386 reclamanti-

526 2393 621 2443 bus
645 2395 782 2445 Oud.
812 2411 872 2445 ac
898 2397 1213 2459 Baumg.-5
1247 2399 1330 2446 Ad
1350 2397 1502 2447 deest
1537 2398 1678 2447 Coi-t.
1713 2399 1775 2446 ud
1806 2398 1970 2448 limina
1991 2400 2116 2448 alios
2150 2401 2354 2449 codices
2386 2401 2584 2451 babere
2604 2400 2732 2451 dicit

525 2459 813 2526 Nardinus,
847 2463 994 2514 Rom.
1016 2461 1137 2512 Vet.
1160 2475 1213 2511 x.
1244 2467 1323 2513 ll.
1358 2478 1473 2529 quae
1508 2464 1671 2530 lectio
1703 2464 1923 2514 Heinsio
1955 2478 2056 2515 non
2090 2465 2419 2530 displicebat.
2487 2469 2731 2518 Testatur

1517 2611 1729 2662 NOTAE

585 2713 610 2739 ⁰
631 2707 755 2757 Post
773 2708 1007 2758 devictam
1028 2707 1316 2774 Scipionem]
1337 2709 1421 2760 Ab
1440 2709 1584 2760 Afri·
1665 2712 1891 2762 solennis
1916 2711 2279 2771 iustrumenta,
2308 2711 2375 2762 de
2417 2712 2604 2779 quibus
2623 2710 2734 2763 fuse

523 2798 656 2834 cano
690 2782 825 2834 bello
866 2785 932 2834 ad
973 2785 1374 2849 Hispaniensem
1420 2787 1581 2838 victo·
1663 2789 1894 2845 Velleius
1920 2788 2010 2838 lib.
2032 2802 2098 2838 n.
2148 2788 2367 2840 Quintil.
2390 2789 2486 2842 lib.
2513 2804 2592 2841 vr.
2616 2804 2732 2854 cap.

523 2860 650 2909 riam
697 2866 803 2909 tres
847 2869 936 2911 aut
978 2860 1145 2912 ferme
1188 2871 1414 2929 quatuor
1457 2866 1578 2913 anni

520 2934 799 2988 fluxerant.

589 3020 612 3067 1·
648 3011 713 3060 Α.
736 3014 802 3062 U.
822 3012 880 3061 C.
902 3015 1015 3062 ⁷09.

585 3091 615 3126 Ρ
645 3085 954 3150 Africanum]
993 3090 1075 3138 De
1114 3089 1256 3140 Juba
1297 3089 1582 3155 debellato,

521 3175 625 3210 non
643 3176 766 3212 vero
784 3164 1048 3228 Scipione,
1063 3166 1282 3226 Catone,
1298 3170 1396 3217 διο.
1413 3182 1582 3232 ¹quan-

509 3245 674 3302 'quam
716 3238 898 3288 eodem
932 3238 1055 3303 fato,
1100 3244 1377 3305 peremtis:
1411 3245 1579 3295 civem

520 3312 657 3362 euim
683 3314 746 3363 de
779 3315 894 3365 cive
931 3316 1244 3381 triumphare
1277 3320 1439 3386 nefas,
1461 3337 1576 3372 cum

518 3389 759 3453 lugubres
794 3406 997 3457 semper
1029 3393 1223 3444 liabitas
1255 3394 1448 3447 fuerint
1473 3400 1578 3448 vic·

520 3467 666 3518 toriae
689 3468 884 3519 civiles.

583 3550 608 3585 ‘¹
641 3544 1031 3611 Hispaniensem]
1083 3548 1160 3598 Re
1198 3549 1405 3614 quidem
1434 3560 1579 3603 ‘vera

517 3619 583 3669 ob
620 3620 787 3671 victos
832 3622 1129 3689 Pompeios,
1162 3628 1257 3676 sub
1294 3629 1469 3691 specie
1502 3637 1578 3680 ta·

515 3710 633 3746 men
667 3699 1038 3751 debellatorum
1074 3702 1452 3754 Celtiberorum
1487 3707 1575 3771 qui

454 3818 461 3827 ,
516 3784 633 3820 cum
656 3773 754 3824 illis
773 3783 951 3840 eraut3
986 3792 1274 3843 quanquam
1298 3780 1374 3829 liis
1395 3780 1575 3830 trium-

517 3849 648 3911 phis,
670 3866 771 3902 non
804 3854 908 3903 levi
936 3855 1123 3905 civium
1156 3856 1351 3920 dolore,
1382 3857 1572 3911 delatae

516 3926 622 3975 sint
665 3925 936 3979 illustrium
986 3947 1191 3997 quoque
1229 3935 1574 3985 Romanorum

515 4001 785 4067 imagines,
805 4004 1073 4070 Scipionis,
1086 4023 1132 4058 v.
1157 4023 1207 4071 g.
1226 4019 1407 4074 pectus
1427 4024 1575 4061 suum

515 4077 654 4128 ferro
670 4079 978 4144 configentis
997 4084 1227 4148 Catonis,
1245 4086 1575 4152 Petreii,&c.

577 4171 596 4197 ¹
630 4167 881 4232 Apparatu
899 4177 944 4221 et
965 4170 1301 4237 instrumento]
1336 4175 1432 4225 His
1461 4192 1574 4227 ver-

514 4242 595 4292 bis
618 4242 976 4309 intelliguutur
1010 4247 1177 4312 signa,
1213 4250 1422 4308 tabnlae,
1449 4252 1574 4304 ima·

512 4320 679 4385 gines,
696 4323 898 4389 aliaque
934 4323 1185 4388 ejusmodi
1222 4339 1424 4392 pompae
1467 4337 1573 4381 tam

1661 2869 1710 2914 8.
1735 2871 1791 2915 et
1816 2865 1922 2915 alii.

1724 2937 1751 2975 ⁸‘
1783 2943 2055 3008 Velabrum]
2090 2943 2250 2993 Urbis
2285 2944 2432 2994 locus
2480 2952 2595 2996 erat
2630 2959 2731 2996 non

1664 3019 1815 3082 longe
1857 3035 1888 3069 a
1917 3020 2152 3089 macello,
2194 3020 2280 3070 ubi
2318 3023 2494 3071 oleum
2530 3021 2732 3088 aliaque

1661 3095 1951 3159 venibant3
2006 3098 2143 3148 casei
2190 3096 2489 3160 praesertim
2536 3098 2736 3163 saporis

1662 3174 2032 3237 probatissimi.
2063 3175 2294 3225 Martial.
2312 3175 2361 3223 iu
2375 3176 2566 3225 Xcuiis
2581 3174 2735 3241 Epig.

1658 3253 1740 3301 31.
1785 3253 1801 3278 ‘
1829 3253 1943 3301 Non
1979 3265 2356 3315 quemcumque
2395 3250 2595 3313 forum,
2636 3264 2735 3301 nec

1658 3323 1853 3376 fumum
1876 3342 2057 3379 caseus
2080 3341 2300 3382 omnem,
2317 3327 2422 3376 Sed
2444 3328 2736 3378 Velabren-

1657 3417 1764 3453 sem
1788 3404 1876 3467 qui
1905 3403 2055 3466 bibit,
2077 3403 2162 3452 ille
2185 3403 2355 3465 sapit.'

1650 3491 1658 3500 ·
1724 3481 1740 3514 ²
1771 3482 2017 3530 Excussus
2063 3479 2162 3543 est]
2224 3480 2433 3544 Majore
2479 3481 2737 3546 periculo,

1657 3573 1773 3608 cum
1793 3556 2116 3621 triumphalis
2136 3571 2314 3605 currus
2337 3566 2501 3608 esset.
2537 3559 2734 3608 Locum

1655 3635 1790 3684 hunc
1815 3649 1938 3685 vcro
1962 3634 2201 3684 similiter
2218 3636 2385 3685 innuit
2411 3636 2623 3687 Plinius
2644 3624 2739 3685 lib.

1656 3714 1866 3765 xxvu'i.
1891 3729 2007 3778 cap.
2028 3718 2076 3764 2.
2143 3716 2160 3742 ‘
2186 3713 2449 3764 Caesarem
2493 3715 2735 3764 Dictato-

1655 3805 1786 3854 rem,
1824 3800 1942 3855 post
1983 3805 2139 3841 unum
2176 3792 2466 3855 ancipitem
2508 3792 2735 3842 vehiculi

1654 3882 1843 3930 casum,
1857 3866 2030 3916 ferunt
2045 3881 2269 3932 semper,
2281 3876 2339 3917 ut
2361 3869 2592 3931 primum
2611 3885 2737 3920 con-

1654 3944 1894 4005 sedisset,
1928 3944 1979 3993 id
2014 3944 2152 4009 quod
2187 3945 2468 4009 plerosque
2494 3960 2636 3996 nunc
2660 3945 2741 3995 fa?

1653 4035 1774 4071 cere
1820 4021 2030 4084 scimus,
2085 4021 2315 4070 carmine
2365 4028 2452 4071 ter
2497 4027 2735 4089 repetito

1653 4102 1991 4152 securitatem
2036 4101 2277 4152 itinerum
2313 4105 2572 4168 aucupari
2616 4105 2736 4155 soli-

1653 4176 1800 4230 tum.’
2550 4232 2557 4237 ,

1719 4262 1743 4289 ¹¹
1776 4252 2088 4317 Accenditque
2105 4253 2423 4320 Capitolium]
2449 4258 2627 4307 Notus
2650 4258 2736 4309 hie

1653 4346 1762 4382 mos
1789 4328 2246 4394 triumphantium3
2273 4331 2401 4382 illuc
2420 4333 2563 4384 enim
2590 4347 2735 4400 pom·
