3019 4922
1234 343 1631 396 ocrAvms.
2379 333 2509 400 2⁴27

314 496 496 582 pitali
526 492 1103 560 animadversione
1148 495 1405 578 puniit:
1448 512 1575 577 pro
1627 496 1848 559 cetero
1895 491 2292 560 delictorum
2315 499 2345 541 4
2396 515 2510 577 ge·

312 620 463 666 nere
497 594 1163 678 variis.ignominiis¹¹
1210 597 1454 674 affecit,
1506 602 1578 661 ut
1623 604 1804 662 stare
1855 617 1974 680 per
2029 603 2240 663 totum
2293 596 2511 663 diemi

305 695 568 787 juberet
588 689 744 766 ante
760 699 1178 778 Praetorium,
1202 699 1531 764 interdum
1557 700 1889 764 tunicatos
1906 696 1935 736 ¹‘
1965 698 2513 784 discinctosque‚¹

315 823 788 888 nonnunquam
821 823 975 868 cum
1020 801 1523 887 decempediS,¹¹¹
1565 802 1675 867 vel
1727 803 1932 868 etiam
1979 805 2308 887 cespitem
2354 823 2514 888 por·

318 915 561 975 tantes.
649 905 817 992 [25]
850 906 1091 991 Neque
1122 912 1278 991 post
1306 905 1489 970 bella
1517 905 1747 971 civilia
1774 907 1994 971 autin
2022 906 2371 985 concione,
2401 912 2517 972 aut

240 1038 243 1041 >
320 1032 438 1095 per
491 1010 804 1088 edictum,
864 1011 1040 1075 ullos
1099 1010 1380 1075 militum
1423 1012 1447 1044 ‘
1482 1009 2017 1075 commilitones'
2082 1010 2516 1095 appellabat,⁵

322 1113 433 1179 sed
476 1112 869 1180 ‘milites:'¹¹
914 1133 996 1179 ac
1038 1133 1135 1177 ne·
1165 1133 1223 1179 a·
1254 1113 1414 1178 filiis
1444 1113 1713 1198 quidem
1757 1121 1878 1180 aut
1922 1114 2296 1198 privignis⁰
2349 1113 2520 1191 suiS,

1235 1309 1296 1331 ee

321 1442 452 1490 Ven.
476 1445 527 1491 2.
551 1443 602 1489 3.
650 1440 780 1489 Tum
796 1439 988 1503 punivit
1006 1438 1162 1490 vind.
1188 1443 1334 1490 1.-4
1368 1441 1493 1491 Ern.
1519 1440 1748 1491 malebat
1769 1446 1951 1491 eeteros
1968 1457 2056 1505 pro
2077 1442 2170 1492 del.
2188 1456 2303 1503 gen.
2353 1442 2524 1491 Deest

322 1508 477 1555 delict.
509 1507 754 1555 Duuelm.
780 1512 835 1554 et
856 1505 1016 1554 Fouc.
1041 1503 1240 1555 Medic.
1262 1510 1311 1555 2.
1360 1507 1490 1555 Mox
1515 1508 1587 1555 cel
1611 1508 1756 1556 etiam
1777 1506 1968 1557 desunt
1990 1505 2109 1556 Pal.
2132 1512 2179 1558 1.
2204 1523 2235 1556 a
2255 1522 2323 1556 m.
2348 1521 2428 1571 pr.
2449 1509 2526 1557 vel

325 1571 497 1619 exulat
522 1586 554 1620 a
571 1571 730 1620 vind.
746 1574 795 1622 2.
820 1579 873 1619 et
889 1570 1035 1619 etiam
1051 1584 1150 1619 non
1168 1577 1458 1633 agnoscunt
1475 1571 1593 1620 Pal.
1611 1575 1659 1621 2.
1684 1575 1731 1621 3.
1749 1573 1883 1621 Ven.
1901 1576 1949 1623 1.
1973 1587 2068 1621 nec
2088 1572 2349 1622 desiderat
2366 1571 2523 1623 Grut.

320 1643 413 1684 -5
447 1636 670 1700 Appellat
693 1637 905 1685 Memm.
927 1636 1108 1697 Cujac.
1142 1636 1341 1686 Medic.
1378 1640 1429 1686 8.
1464 1637 1602 1702 quod
1638 1652 1731 1701 pro
1756 1637 2013 1702 appellavit
2048 1639 2301 1702 scriptum
2324 1639 2527 1687 censuit

325 1700 497 1753 Graev.
569 1702 704 1751 Dein
725 1717 756 1750 a
773 1701 922 1752 abest
940 1717 972 1751 a
991 1701 1147 1751 vind.
1171 1705 1218 1753 1.
1241 1703 1329 1767 qui
1347 1711 1530 1752 contra
1551 1709 1601 1754 et
1622 1703 1839 1754 inseruit
1862 1712 1982 1754 ante
2002 1704 2213 1769 impen'o.
2281 1704 2418 1754 Item
2440 1708 2526 1753 aut

1313 1895 1536 1947 No'rAE

324 2026 525 2091 aquilas
562 2024 736 2076 cernis
764 2025 957 2083 babere
988 2029 1120 2077 tuas.
1177 2024 1391 2077 Pertica

323 2118 607 2168 suspensos
645 2104 893 2169 portabat
928 2104 1083 2168 longa
1122 2105 1391 2168 maniplos,

1532 2026 1548 2062 ¹
1579 2027 1961 2092 Discinctosque]
1992 2027 2155 2081 Quasi
2175 2026 2370 2078 militiae
2387 2026 2530 2076 inba-

1471 2104 1629 2168 biles;
1661 2106 1749 2171 qui
1784 2106 1919 2155 enim
1951 2120 2080 2169 opus
2104 2103 2310 2170 aliquod
2347 2119 2534 2168 aggre-

322 2182 479 2231 Unde
495 2181 795 2244 maniplaris
815 2182 1021 2231 nomina
1038 2181 1184 2234 miles
1202 2181 1393 2232 habet.’

390 2257 414 2292 ¹¹
455 2259 621 2309 Variis
645 2260 945 2325 ignominiis]
977 2260 1218 2324 Exempli
1240 2275 1396 2311 causa

324 2336 340 2363 ‘
356 2335 729 2400 regradatione
743 2334 779 2386 :'
793 2350 908 2386 cum
928 2337 1062 2386 enim
1074 2351 1193 2386 suns
1208 2338 1396 2402 cuique

326 2412 521 2477 gradus
560 2410 699 2463 foret
736 2411 790 2461 in
829 2412 1030 2470 militia,
1068 2413 1292 2464 omnium
1321 2413 1397 2463 in·

324 2489 432 2539 fimi
459 2490 660 2539 tirones
684 2495 832 2540 erant
848 2497 904 2540 et
926 2490 1159 2554 caligati,
1175 2491 1395 2556 quicum

326 2568 522 2616 nullum
558 2564 727 2616 adhuc
761 2568 1024 2630 specimen
1049 2568 1255 2618 virtutis
1288 2569 1397 2618 edi·

324 2643 552 2704 dissent,
586 2643 821 2694 omnibus
859 2644 1058 2695 militiae
1096 2646 1397 2696 muneribus

325 2734 417 2770 seu
474 2720 653 2782 potius
707 2721 948 2771 oneribus
1004 2722 1396 2785 incumbebant,

324 2797 477 2847 unde·
496 2797 766 2847 munifices
798 2798 927 2848 dicti
959 2806 1100 2861 sunt,
1122 2799 1188 2847 ad
1220 2812 1398 2848 eorum

326 2871 703 2934 differentiam,
732 2874 823 2938 qui
856 2888 972 2924 cum
1010 2881 1219 2925 strenue
1252 2875 1399 2939 quid-

325 2949 470 3012 piam
509 2950 819 3014 gessissent,
854 2953 1129 3002 vacatione
1164 2952 1229 3003 ab
1264 2951 1400 3015 ejus·

325 3025 474 3076 modi
502 3026 807 3077 muneribus
834 3029 1133 3091 gaudentes,
1158 3030 1401 3080 altiorem

244 3106 247 3107 ’
326 3104 647 3155 obtinebant
690 3105 941 3170 ordinem,
990 3114 1045 3156 et
1089 3107 1404 3158 beneficiarii

328 3183 647 3247 quandoque
669 3182 1010 3246 dicebantur-3
1033 3185 1169 3249 quod
1208 3186 1251 3234 si
1279 3185 1404 3251 quid

328 3258 428 3323 ipsi
452 3259 843 3324 delinquerent,
863 3275 894 3309 e
916 3261 1173 3324 superiori
1205 3261 1301 3311 boc
1324 3276 1404 3310 or-

331 3337 452 3386 dine
488 3335 900 3399 dejiciebantur,
925 3352 1041 3401 quae
1075 3353 1230 3402 poena
1265 3338 1406 3387 dice-

330 3414 494 3466 batur
513 3415 530 3441 ‘
544 3413 877 3478 regradatio.’
903 3416 984 3464 De
1005 3416 1160 3465 variis
1183 3415 1406 3479 ejusmo-

332 3490 386 3539 di
432 3488 661 3539 militnm
705 3490 1003 3554 ignominiis
1066 3492 1222 3555 plura
1267 3489 1405 3554 apud

333 3565 649 3615 Frontinum
670 3567 797 3616 l.rv.
818 3566 1133 3630 strategem.
1158 3582 1206 3618 c.
1233 3571 1281 3616 1.
1306 3567 1410 3616 Va·

331 3641 427 3691 lert
445 3642 544 3692 lib.
567 3656 633 3692 11.
652 3646 761 3693 c.2.
787 3643 1017 3694 Gellium
1036 3644 1127 3693 lib.
1145 3657 1201 3694 x.
1225 3648 1405 3708 cap.8.

394 3719 411 3753 ¹
444 3720 598 3769 Stare
628 3734 717 3784 per
758 3725 915 3771 totum
953 3720 1103 3784 diem]
1151 3722 1409 3786 Exempla
1438 3743 1445 3753 ·

332 3792 496 3920 gabes
535 3796 641 3845 alia
683 3797 822 3862 apud
866 3804 1106 3849 auctores
1145 3798 1257 3848 illos
1296 3813 1409 3848 eos·

374 3885 479 3923 em.

400 3946 426 3980 ¹¹
464 3946 748 4011 Tunicam]
777 3950 978 4000 Tunica
1012 3951 1174 4001 vestis
1204 3959 1288 4001 est
1325 3952 1408 4002 cui

338 4031 463 4086 toga
481 4024 538 4072 in
563 4025 693 4074 urbe
717 4026 1132 4090 superinduitur,
1155 4016 1209 4077 in
1230 4029 1413 4079 castris

1473 2179 1769 2249 diebantur,
1798 2181 1963 2232 fluxas
1987 2190 2159 2231 vestes
2196 2177 2405 2244 cingulo
2428 2182 2535 2231 col-

1471 2259 1722 2322 ligebant,
1770 2258 1908 2308 unde
1953 2258 2065 2307 haec
2116 2258 2357 2323 loquendi
2406 2258 2537 2320 ratio

1475 2336 1663 2398 ‘operi
1708 2350 1763 2384 se
1816 2334 2124 2398 accingere.'
2195 2336 2324 2385 Cum
2378 2334 2540 2399 igitur

1475 2411 1666 2461 milites
1710 2411 1855 2476 operi
1901 2426 2106 2477 semper
2153 2411 2383 2461 intentos
2425 2425 2540 2459 esse

1477 2496 1767 2554 oporteret,
1809 2498 1865 2540 et
1908 2497 2133 2554 paratos,
2175 2491 2295 2540 ideo
2340 2480 2539 2540 cinctos

1477 2580 1592 2616 esse
1621 2567 1779 2616 moris
1806 2566 1945 2626 fuit3
1991 2582 2093 2631 qua
2124 2567 2191 2616 de
2229 2581 2403 2632 causa,
2439 2565 2542 2615 dis·

1478 2643 1638 2693 cincti
1657 2642 1917 2691 dedecore
1942 2644 2272 2694 notabantur.

1542 2727 1580 2753 ¹¹¹
1617 2720 1949 2784 Decempedis]
1970 2721 2310 2784 Decempeda
2329 2725 2411 2769 est
2428 2733 2544 2784 per-

1480 2796 1585 2846 tica
1617 2797 1799 2846 decem
1827 2797 2046 2861 pedibus
2069 2798 2243 2860 longa,
2263 2796 2438 2860 quain
2465 2796 2541 2844 di-

1478 2874 1753 2924 metiendis
1783 2877 1921 2939 agris
1952 2890 2214 2925 mensores
2241 2875 2542 2926 utebantur.

1483 2952 1613 3001 Cum
1639 2958 1812 3002 autem
1847 2962 1901 3001 et
1937 2954 2193 3017 cespitum
2227 2959 2284 3002 et
2319 2953 2546 3016 pertica-

1482 3043 1593 3079 rum
1618 3043 1833 3093 magnns
1854 3027 1991 3080 foret
2021 3044 2143 3079 usus
2166 3030 2217 3079 in
2254 3028 2460 3091 castris,
2480 3028 2543 3077 ad

1484 3104 1809 3156 conficienda
1852 3121 1900 3157 v.
1947 3121 1995 3170 g.
2031 3106 2401 3167 tabernacula,
2448 3107 2550 3154 διο.

1484 3183 1603 3233 ideo
1640 3184 1971 3251 centuriones
2018 3182 2379 3247 delinquentes
2426 3181 2553 3231 tiro-

1485 3275 1606 3308 num
1630 3267 1685 3309 et
1708 3259 1878 3313 intimi·
1897 3259 2087 3326 gradus
2120 3261 2338 3319 militum
2363 3258 2551 3309 labori-

1486 3337 1585 3386 bus
1612 3337 1884 3399 plectebat
1906 3337 2190 3401 Augustus.

1552 3420 1576 3445 ¹¹
1609 3413 1822 3475 Milites]
1870 3413 2020 3462 Sext.
2075 3412 2319 3463 Aurelius
2375 3416 2555 3459 auctor

1488 3494 1588 3543 est,
1623 3489 1965 3538 vehementer
2005 3488 2069 3538 ab
2103 3488 2337 3552 Augusto
2375 3500 2553 3550 repre-

1486 3563 1700 3613 hensum
1724 3563 1851 3616 illud
1871 3563 2000 3616 Julii
2032 3564 2251 3613 Caesaris
2273 3564 2557 3623 inventum,

1464 3632 1577 3705 ‘qui
1622 3640 2001 3689 commilitones
2051 3637 2390 3703 appellando,
2430 3637 2555 3687 dum

1487 3716 1654 3766 voluit
1688 3715 1859 3765 carior
1891 3713 2024 3780 fieri,
2049 3714 2299 3779 principis
2335 3712 2559 3764 auctori-

1489 3800 1650 3843 tatem
1675 3792 1945 3841 emollivit.

1554 3876 1578 3903 ⁰
1611 3869 1755 3921 Filiis
1791 3869 1978 3932 quidem
2013 3871 2099 3916 aut
2134 3866 2396 3931 privignis]
2432 3864 2558 3916 Caio

1491 3953 1549 3997 et
1576 3947 1757 4004 Lucio,
1780 3946 2054 4009 nepotibus
2082 3959 2147 3994 ex
2182 3944 2326 3996 Julia
2357 3943 2481 4005 filia,
2506 3947 2561 3991 et

1491 4023 1748 4087 Agrippa,
1768 4036 1897 4087 quos
1921 4023 2192 4087 adoptavit
2216 4023 2267 4071 in
2288 4021 2423 4070 filios
2441 4034 2560 4082 cap.

340 4100 625 4163 sagulum:
666 4100 788 4151 Hac
831 4109 1004 4155 autem
1050 4106 1160 4154 sola
1210 4105 1321 4167 tegi
1361 4104 1415 4156 in
1494 4106 1579 4152 64.
1618 4115 1678 4151 ac
1722 4101 1930 4150 Tiberio
1967 4107 2024 4150 et
2062 4103 2257 4163 Druso,
2295 4098 2454 4150 Liviae
2495 4110 2561 4145 ex

341 4177 582 4238 publico,
621 4180 707 4228 vel
758 4178 937 4230 Romae
980 4181 1067 4230 vel
1113 4181 1164 4230 in
1209 4181 1417 4239 castris,

345 4267 555 4319 magnae
578 4255 793 4307 vilitatis
814 4264 933 4308 erat
948 4264 1003 4308 et
1024 4257 1339 4322 ignominiae.

1497 4179 1672 4242 priore
1696 4178 1881 4227 marito
1905 4178 2043 4238 filiis,
2067 4186 2127 4229 ut
2160 4178 2293 4229 infra
2326 4189 2485 4239 saepe,
2511 4180 2563 4222 et

1499 4262 1613 4307 toto
1631 4256 1722 4306 lib.
1745 4255 2011 4321 sequenti,
