3019 4922
1200 434 1600 484 oc'rAvms.
2376 426 2507 494 ⁴03

317 579 588 658 ordinis,
620 578 900 647 tunicati
930 585 999 646 et
1027 577 1384 658 discincti,¹
1428 580 1840 666 pedibusque
1865 582 2083 662 nudie,
2112 603 2194 650 ac
2225 584 2505 654 Mauso·

316 676 532 751 lco⁶¹¹¹
617 684 1073 763 condiderunt.
1189 683 1273 748 Id
1330 703 1508 767 opus
1565 672 1731 749 inter
1791 684 2192 751 Flaminiam
2222 695 2249 737 ⁷
2329 689 2508 754 viam

313 787 669 871 ripamque
698 786 959 854 Tiberis
991 794 1191 853 sexto
1210 807 1337 852 suo
1363 787 1711 854 consulatu
1733 793 2203 856 exstruxerat:
2232 791 2515 857 circum·

302 889 661 974 jectasque
690 890 918 974 sylvas
943 896 1012 957 et
1039 890 1570 956 ambulationes¹²
1612 891 1679 956 in
1710 911 1903 956 usum
1936 894 2173 976 populi
2194 893 2340 977 jam
2372 901 2516 958 tum

315 991 722 1075 publicarat.
800 992 1010 1077 [101.]
1038 994 1567 1073 Testamentum,
1586 994 1666 1060 L.
1690 994 1979 1075 Planco,
2003 994 2081 1059 C.
2110 995 2309 1060 Silio⁸
2341 993 2520 1059 Con-

318 1093 602 1172 sulibus,
645 1095 840 1160 tertio
874 1095 1113 1162 Nonas
1142 1095 1426 1180 Aprilis,
1462 1104 1621 1161 ante
1650 1116 1892 1162 annum
1921 1102 1988 1162 et
2023 1103 2311 1181 quatuor
2334 1116 2512 1161 men-

316 1216 448 1274 ses,
493 1217 700 1281 quam
742 1197 1118 1277 decederet,
1155 1198 1419 1264 'factum
1463 1201 1551 1264 ab
1591 1219 1694 1278 eo,
1727 1219 1809 1265 ac
1841 1200 2105 1267 duobus
2139 1200 2516 1277 codicibus,

316 1300 564 1382 partim
621 1300 876 1385 ipsius,
912 1302 1161 1386 partim
1203 1301 1593 1367 libertorum
1646 1301 1917 1385 Polybii
1939 1310 1968 1352 ⁹
2010 1307 2074 1366 et
2137 1301 2514 1366 Hilarionis

1231 1497 1599 1523 OOO‘OOOmOO

315 1652 397 1697 21.
453 1649 619 1699 Panlo
664 1656 784 1712 post
821 1648 873 1699 in
895 1647 1051 1699 Vind.
1088 1653 1136 1699 1.
1173 1650 1381 1714 equestri
1412 1651 1614 1699 orm—6
1644 1648 1799 1705 Vuloe.
1832 1648 1884 1699 in
1928 1648 2092 1697 Maus.
2129 1646 2220 1695 sed
2255 1646 2523 1712 praeposlt.

316 1714 561 1764 omittunt
581 1713 716 1763 Dun.
749 1716 909 1766 Fouc.
938 1714 1066 1778 Cop.
1087 1715 1207 1778 Cuj.
1238 1715 1438 1765 Medic.
1468 1714 1629 1765 vind.
1656 1719 1706 1763 2.
1728 1715 1877 1763 Voss.
1922 1713 2085 1763 Polit.
2123 1713 2526 1775 astipulantibus

315 1777 499 1828 Heius.
524 1779 706 1830 Burm.
730 1778 868 1831 Oud.
889 1785 944 1827 et
966 1779 1099 1829 aliis.
1121 1780 1397 1830 Mausoleo
1429 1779 1589 1829 Polit.
1611 1779 1858 1827 Mauseolo
1889 1777 2029 1827 Edd.
2054 1777 2305 1828 Βοιὼ-7
2340 1778 2525 1827 Flumi-

313 1851 452 1892 aenm
472 1844 627 1894 Vind.
652 1849 697 1893 1.
718 1844 889 1894 Periz.
914 1844 1047 1894 Edd.
1070 1845 1215 1895 Rom.
1234 1845 1367 1894 Ven.
1386 1844 1535 1894 Med.
1584 1844 1712 1893 Mox
1733 1849 1784 1893 et
1803 1844 1856 1892 in
1874 1858 1951 1891 us.
1973 1841 2026 1891 H
2031 1843 2210 1892 arlem.
2237 1840 2522 1891 Edd.Ven.

316 1906 465 1958 Med.
489 1909 656 1971 Lugd.
680 1910 826 1960 Junt.
845 1908 968 1958 ΑΜ.
1025 1908 1238 1959 Habent
1258 1908 1365 1969 jam
1391 1915 1504 1958 tanc
1528 1907 1726 1957 Medic.
1751 1913 1796 1956 l.
1827 1908 1993 1957 Polit.
2019 1907 2136 1956 Pal.
2160 1911 2209 1956 2.
2235 1906 2446 1955 Memm.
2469 1913 2524 1956 et

318 1972 385 2019 ai.
407 1986 523 2021 cum
550 1974 645 2023 Ed.
667 1973 851 2037 Stepb.
870 1978 982 2022 tm
999 1972 1109 2033 jam
1130 1975 1244 2025 Pal.
1264 1978 1312 2024 3.
1336 1981 1449 2023 tanc
1468 1972 1621 2023 deest
1640 1971 1761 2023 Pal.
1782 1976 1932 2022 1.—8
1970 1971 2029 2018 C.
2052 1972 2181 2021 Filio
2219 1970 2351 2019 Edd.
2374 1970 2519 2020 Rom.

314 2036 462 2086 Med.
484 2037 614 2087 Ven.
635 2042 682 2086 1.
709 2039 766 2087 C.
790 2039 957 2088 Fulvio
979 2038 1136 2088 vind.
1157 2043 1204 2088 1.
1226 2044 1274 2089 et
1297 2038 1521 2088 Considio
1546 2036 1699 2088 Vind.
1720 2041 1769 2087 2.
1789 2035 1987 2086 consilio
2009 2036 2156 2100 Cep:
2172 2036 2303 2084 Tum
2327 2034 2524 2098 Apriles

317 2101 533 2155 Memm.
555 2102 688 2155 Edd-
719 2102 865 2154 Med.
891 2103 1125 2154 vem—9
1157 2102 1321 2155 Polibi
1343 2104 1423 2153 vel
1458 2102 1631 2167 Polybi
1651 2103 1868 2153 Memm.
1892 2101 2011 2151 Pal.
2035 2106 2103 2150 tr.
2127 2099 2365 2151 Heriem.
2390 2100 2523 2164 Cep.

315 2165 488 2219 Periz.
513 2166 631 2231 Cuj.
653 2175 708 2219 et
732 2167 867 2219 Edd.
890 2168 1052 2235 antiq.
1075 2183 1191 2220 cum
1214 2167 1411 2221 Medic.
1447 2173 1497 2219 2.
1519 2172 1568 2219 3.
1588 2167 1748 2219 Vind.
1784 2166 1950 2232 Polipi
1977 2167 2123 2218 Dnn.
2188 2167 2435 2217 Ceteram
2468 2165 2521 2215 in

1302 2357 1516 2409 NOTAE

317 2469 543 2544 quodam
564 2471 653 2522 lini
672 2471 931 2532 ἀσβέστου,
963 2474 1062 2525 hoc
1094 2481 1176 2525 est
1197 2475 1372 2523 incom-

315 2547 466 2608 busti,
487 2555 698 2597 narrant
720 2549 897 2614 aliqui,
932 2550 985 2598 id
1022 2550 1371 2600 commentiti-

1516 2472 1531 2506 ¹
1567 2472 1791 2523 Tanicati
1814 2478 1863 2523 et
1900 2471 2147 2535 discincti]
2180 2470 2298 2520 Hoc
2322 2470 2374 2519 in
2400 2468 2522 2519 alio·

1454 2563 1567 2598 rum
1587 2564 1793 2614 quoque
1816 2548 2083 2599 funeribus
2104 2547 2300 2596 factum
2321 2544 2519 2596 indicat

315 2636 400 2672 um
427 2623 718 2688 existimat,
745 2632 799 2674 et
822 2640 889 2675 ex
913 2626 1073 2675 Plinii
1097 2638 1371 2689 perperam

314 2698 566 2761 explicati
586 2701 895 2751 auctoritate
916 2702 1049 2751 male
1065 2699 1371 2751 deductum:

315 2772 405 2836 buj
416 2788 474 2822 ns
523 2782 695 2825 tamen
741 2784 927 2844 aperta
970 2775 1176 2827 videtur
1218 2790 1374 2839 super

314 2848 414 2900 bac
439 2862 493 2898 re
524 2852 804 2915 sententia,
835 2853 923 2902 lib.
947 2866 1066 2904 xix.
1093 2868 1138 2912 c.
1161 2857 1208 2901 1.
1252 2854 1267 2880 ‘
1289 2852 1376 2903 In·

315 2929 531 2976 ventum
555 2935 636 2976 est
661 2928 815 2978 etiam
847 2927 1060 2995 (linum)
1081 2928 1216 2993 quod
1242 2929 1373 2993 igni·

315 3001 413 3051 bns
438 3015 537 3051 non
563 3002 927 3055 absumeretur.
993 3005 1183 3055 Vivum
1206 3005 1258 3054 id
1286 3019 1373 3055 vo-

314 3085 459 3141 cant,
490 3078 836 3143 ardentesque
869 3080 922 3132 iu
959 3079 1091 3132 focis
1112 3081 1373 3132 convivio-

314 3167 430 3220 rum
469 3166 536 3204 ex
572 3168 635 3204 eo
663 3156 880 3208 vidimus
904 3171 1118 3222 mappas
1138 3157 1375 3209 sordibus

316 3230 519 3295 exustis
563 3231 993 3295 splendescentes
1047 3235 1153 3297 igni
1208 3236 1373 3300 magis

315 3321 469 3371 quam
492 3315 706 3372 possent
728 3310 888 3375 aquis.
943 3311 1143 3373 Regum
1158 3311 1278 3361 inde
1293 3309 1375 3360 fu·

316 3381 506 3432 nebres
544 3383 735 3433 tunicae
781 3385 1013 3447 corporis
1043 3382 1275 3435 favillam
1310 3386 1375 3435 ab

317 3457 520 3522 reliquo
535 3467 780 3522 separant
796 3458 1006 3524 cinere‚'
1024 3464 1124 3511 &m
1189 3462 1378 3511 Fateor

318 3533 560 3597 equidem
581 3534 705 3584 illud
728 3536 779 3587 in
804 3551 898 3586 usu
917 3537 1116 3600 vulgari
1139 3551 1252 3587 ease
1275 3551 1375 3586 non

318 3609 568 3672 potuisse,
604 3610 731 3659 adeo
770 3611 1022 3677 siquidem
1062 3612 1272 3663 inventu
1297 3627 1377 3663 ra·

319 3699 434 3750 rum
453 3692 580 3743 erat,
603 3694 663 3735 ut
685 3686 951 3737 inventum
971 3696 1202 3752 aequaret
1223 3687 1240 3715 ‘
1257 3702 1375 3752 pre·

322 3762 398 3811 tia
443 3764 808 3813 excellentium
856 3764 1283 3826 margaritarum,’
1317 3772 1376 3815 ut

320 3838 397 3887 ait
428 3838 564 3888 idem
605 3838 798 3888 ibidem
822 3839 1050 3892 Plininst
1087 3840 1179 3892 sed
1200 3848 1260 3892 nt
1282 3842 1374 3892 ali·

321 3909 447 3978 quid
466 3913 536 3962 sit
554 3927 742 3969 rarum,
765 3928 867 3963 non
882 3916 1128 3965 continuo
1143 3916 1378 3981 sequitur

318 3989 515 4039 nullum
532 4002 663 4039 esse.
729 3989 886 4038 Plinii
906 3991 1207 4042 auctoritati
1230 4006 1378 4043 acce·-

321 4064 400 4115 dit
414 4071 467 4114 et
487 4065 758 4115 Plutarchi
777 4081 794 4127 ;
817 4065 860 4115 is
876 4067 1033 4128 enim,
1049 4067 1139 4116 lib.
1157 4066 1223 4117 de
1244 4067 1378 4119 Ora·

322 4143 554 4191 culorum
578 4133 810 4204 defectu,
849 4142 1010 4193 tradit
1047 4144 1212 4212 linum·
1236 4143 1288 4193 id
1325 4144 1379 4194 in

323 4231 454 4280 rupe
500 4217 743 4283 Carystia
780 4219 942 4273 nasci,
985 4222 1087 4270 &c.
1135 4219 1381 4274 Meminit

324 4296 483 4345 etiam
509 4294 793 4346 Pausanias
814 4295 865 4344 in
890 4295 1102 4348 Atticis.

1452 2626 1686 2676 Tibullus
1711 2642 1725 2676 z
1751 2631 1767 2654 ‘
1783 2625 1919 2675 Pars
1932 2639 2050 2690 quoe
2073 2624 2186 2673 sola
2207 2621 2308 2671 mei
2329 2633 2511 2684 super·

1453 2698 1566 2750 abit
1619 2699 1868 2764 corporis,
1913 2713 2030 2749 ossa
2067 2697 2322 2748 Incinctae
2367 2697 2519 2758 nigra

1453 2774 1678 2826 candida
1713 2782 1859 2825 veste
1896 2771 2109 2838 legant?
2175 2770 2350 2822 Nudis
2387 2783 2516 2835 quo-

1454 2865 1557 2920 que
1597 2850 1816 2915 pedibus
1859 2850 1986 2900 alias
2028 2847 2355 2900 caerimonias
2402 2859 2520 2909 per-

1454 2926 1697 2992 agebant,
1752 2934 1812 2976 ut
1863 2927 1929 2977 de
1969 2924 2268 2975 Vestalibus
2304 2923 2506 2984 ¹Florus

1456 3009 1686 3068 testatur
1727 3002 1819 3053 lib.
1863 3016 1905 3053 1.
1949 3016 1998 3052 c.
2044 3004 2126 3052 1³.
2164 3008 2220 3049 et
2242 2997 2400 3049 Ovid.
2430 3012 2510 3049 vr.

1453 3080 1594 3130 Fast.
1629 3077 1646 3106 ‘
1664 3078 1781 3129 Huc
1798 3077 1934 3143 pede
1957 3085 2240 3130 matronam
2257 3075 2400 3128 nuda
2418 3074 2510 3127 de-

1455 3155 1711 3214 scendere
1739 3153 1884 3212 vidi?
1908 3157 2008 3214 διο.

1518 3240 1553 3267 m
1591 3233 1859 3298 Mausoleo]
1894 3233 2065 3296 Hujus
2086 3230 2257 3281 adhuc
2281 3229 2515 3281 visuntur

1455 3309 1688 3372 teliquiae
1728 3324 1893 3372 prope
1931 3307 2147 3356 Adriani
2170 3306 2513 3369 Mausoleum,

1453 3383 1591 3446 qnod
1630 3383 1784 3432 hodie
1829 3391 2055 3433 montem
2093 3379 2278 3431 Sancti
2321 3378 2513 3443 Angeli

1455 3458 1756 3523 indigitant.

1521 3542 1546 3567 ¹¹
1565 3532 1948 3596 Ambulationes]
1978 3532 2109 3582 Snas
2143 3529 2300 3580 etiam
2333 3543 2513 3580 monu-

1456 3612 1645 3666 mentis
1686 3610 1832 3673 leges
1871 3607 2230 3673 imponebant,
2270 3619 2337 3656 ne
2379 3619 2425 3655 v.
2458 3619 2512 3678 g,

1456 3687 1727 3751 qnisquam
1761 3686 2040 3736 inferretur
2067 3691 2249 3735 contra
2272 3681 2514 3744 vetitum,

1457 3772 1517 3814 ut
1541 3764 1608 3816 de
1637 3762 1745 3814 filia
1765 3778 1861 3814 sua
1880 3771 1934 3812 et
1954 3767 2115 3825 nepte
2134 3758 2403 3824 Angustus
2425 3771 2515 3806 ve-

1457 3841 1575 3898 tuit,
1596 3841 1840 3891 terminos
1864 3837 2189 3901 statuebant,
2204 3842 2264 3887 ut
2287 3833 2411 3900 quid
2433 3848 2515 3885 re·

1459 3916 1624 3980 ligiosi
1647 3916 1768 3976 loci,
1791 3915 1917 3981 qnid
1941 3913 2054 3978 puri
2084 3912 2227 3963 circa
2260 3911 2514 3976 relinque·

1460 4000 1627 4051 retur,
1678 3998 1976 4056 appareret.
2043 3992 2129 4040 De
2175 4001 2280 4052 quo
2320 3986 2512 4040 videsis

1459 4067 1668 4121 Horatii
1693 4068 2022 4131 Interpretes
2044 4065 2110 4118 ad
2133 4065 2244 4122 sat.
2268 4068 2318 4115 8.
2351 4062 2440 4118 lib·
2471 4076 2513 4113 1.

1460 4151 1517 4200 et
1539 4144 1605 4194 de
1629 4142 2057 4195 ambulationibus
2079 4141 2187 4192 illis
2209 4138 2515 4194 Strabonem

1460 4219 1550 4272 lib.
1577 4233 1628 4268 v.
1652 4219 1738 4269 ubi
1762 4225 1817 4268 et
1837 4217 1902 4267 de
1939 4218 2210 4276 Mausoleo
2232 4220 2344 4266 toto
2368 4215 2517 4278 plura

1461 4299 1515 4343 et
1536 4294 1744 4359 egregia
1766 4300 1962 4345 narrat.
