3019 4922
2359 437 2489 513 323

309 608 590 670 servum,
615 594 1006 676 gravissime
1037 595 1123 660 de
1151 615 1224 660 se
1247 598 1687 681 opinantem‚¹¹
1714 620 1840 666 non
1873 602 2050 669 ultra
2074 623 2274 690 quam
2307 628 2492 673 com-

305 694 587 775 pedibus
620 696 944 764 coercuit.
988 700 1390 766 Diomedem
1420 702 2006 786 dispensatorem,v
2037 728 2078 773 a
2098 729 2261 793 qu0‚
2291 712 2493 779 simul

305 798 705 879 ambulante,
735 800 1088 867 incurrenti
1110 811 1138 853 ⁹
1180 810 1446 888 repente
1474 805 1616 870 sero
1647 826 1810 890 apro
1839 829 1959 892 per
1985 817 2234 875 metum
2268 814 2494 899 obJec-

303 905 408 963 tus
437 910 609 981 est,W
652 905 889 969 maluit
936 906 1314 972 timiditatis
1362 927 1652 991 arguere,
1683 915 1880 994 quam
1928 933 2176 980 noxae:
2219 936 2493 1004 remque

303 1022 424 1066 non
480 1006 735 1070 minimi
787 1009 1092 1091 periculi,
1142 1010 1303 1094 quia
1346 1017 1566 1076 tamen
1617 1012 1799 1077 fraus
1846 1015 2100 1096 aberat,
2146 1020 2216 1083 in
2256 1020 2494 1104 jocum

304 1107 517 1172 vertit.
610 1109 797 1175 Idem
822 1119 874 1149 ¹0
923 1111 1283 1177 Proculum
1332 1133 1421 1176 ex
1479 1116 1973 1199 acceptissimis
2018 1120 2272 1187 libertis
2322 1126 2494 1191 mori

305 1208 548 1292 coegit,
583 1218 994 1298 compertum
1028 1215 1400 1280 adulterare
1431 1221 1806 1284 matronas:
1851 1221 2141 1303 ΤὴειΠο,ι
2175 1245 2218 1289 a
2246 1236 2496 1305 manu,¹

304 1314 482 1395 quod
517 1334 638 1397 pro
684 1317 972 1398 epistola
1022 1316 1287 1401 prodita
1317 1305 1637 1384 denarios
1664 1323 2058 1405 quingentos
2088 1328 2493 1410 accepisset,

306 1434 495 1482 crura
543 1416 836 1501 fragium
923 1419 1381 1504 Paedagogum
1427 1424 1900 1510 ministrosque
1962 1427 2114 1494 Caii
2166 1429 2313 1510 filii,
2373 1452 2495 1516 per

1187 451 1586 503 OCTAVIUS.

1217 1637 1580 1661 ‘mommo

304 1776 355 1817 et
380 1767 514 1817 Edd.
540 1769 687 1818 Rom.
704 1769 922 1820 Mediol.
945 1785 1059 1821 cum
1083 1773 1234 1823 Torr.
1259 1773 1478 1825 Casaub.
1493 1783 1550 1825 et
1573 1780 1813 1840 seqq.-9
1835 1776 2085 1826 Incurrere
2103 1776 2263 1827 Fouc.
2326 1779 2501 1843 Supra

304 1834 561 1883 Diomeden
586 1835 796 1886 Memm.
820 1836 1013 1886 Medic.
1037 1840 1086 1887 3.
1141 1839 1276 1888 Tum
1296 1846 1483 1903 repente
1505 1842 1656 1891 deest
1671 1842 1817 1891 Cort.
1836 1841 1995 1891 duob.
2018 1843 2165 1891 Tot-r.
2189 1842 2324 1891 Edd.
2348 1846 2495 1894 Rom.

305 1912 381 1959 pr.
413 1899 634 1948 Mediol.
673 1901 903 1965 aliisque.
960 1903 1246 1952 Delendum
1278 1907 1432 1953 etiam
1454 1906 1568 1965 sero
1608 1908 1813 1956 censuit
1846 1908 1993 1956 Torr.
2049 1908 2177 1956 Mox
2216 1914 2370 1959 tamen
2394 1924 2497 1958 non

225 1991 238 2006 .
303 1965 536 2026 agnoscit
561 1965 836 2015 Cort.—10
869 1967 992 2015 Item
1013 1968 1190 2019 Periz.
1212 1969 1441 2019 Hariem.
1482 1970 1615 2019 Edd.
1639 1972 1773 2021 Ven.
1805 1977 1871 2021 tr.
1903 1970 2123 2021 Mediol.
2147 1973 2293 2021 Cald.
2360 1974 2500 2024 Tum

302 2030 471 2077 Polum
494 2029 626 2078 liber
648 2031 894 2092 Tui-nebi,
913 2033 1127 2082 Memm.
1150 2034 1262 2085 Pal.
1280 2042 1343 2085 tr.
1361 2036 1515 2084 Huls.
1540 2037 1698 2086 Faue.
1720 2037 1917 2086 Medic.
1936 2040 1985 2086 3.
2003 2051 2064 2086 ac
2088 2051 2253 2102 marg.
2272 2039 2391 2087 Pin.
2410 2040 2501 2103 qui

302 2093 352 2140 in
378 2102 526 2142 textu
551 2094 776 2145 babebat
814 2098 1052 2147 Paculam.
1119 2099 1181 2148 In
1215 2115 1314 2149 uno
1336 2101 1496 2149 Torr..
1520 2101 1634 2167 (qui
1674 2102 1879 2151 Pholum
1912 2103 2015 2166 legi
2055 2117 2206 2164 posse
2237 2105 2499 2169 autumat)

305 2158 679 2207 Procillum—l
720 2162 851 2210 Tallo
871 2162 1027 2212 Vind.
1062 2167 1108 2212 1.
1144 2179 1259 2213 cum
1296 2166 1518 2216 membb.
1554 2167 1777 2216 Casaub.
1802 2167 1948 2217 Talbo
1980 2168 2123 2218 Cort.
2155 2168 2290 2217 Edd.
2316 2170 2500 2234 Camp.

304 2223 470 2298 Lougd.
501 2224 642 2272 Gallo
665 2225 834 2276 Periz.
859 2227 1091 2279 Har-lem.
1113 2229 1246 2278 Edd.
1262 2230 1395 2280 Ven.
1420 2239 1485 2281 tr.
1507 2231 1724 2281 Mediol.
1743 2233 1889 2282 Cald.
1911 2233 2145 2283 Bam—2
2170 2234 2337 2296 Vulgo
2360 2234 2501 2347 effre·

299 2295 393 2347 git.
450 2289 499 2336 E
519 2290 735 2338 Memm.
755 2292 800 2339 ei
809 2290 972 2354 fregit
994 2293 1160 2343 edidit
1181 2295 1344 2346 Gron.
1366 2311 1518 2359 quem
1545 2305 1754 2347 secutus
1781 2298 1921 2347 Oud‘.
1942 2299 2347 2361 astipulantibus
2434 2316 2505 2349 ss.

305 2352 526 2403 Casaub.
551 2353 748 2405 Medic.
783 2360 830 2404 1.
853 2361 902 2405 3.
928 2358 1089 2409 Polit.
1109 2366 1164 2409 et
1187 2362 1307 2425 Cuj.
1331 2363 1487 2412 Nost.
1511 2362 1634 2413 lect.
1660 2370 1835 2414 tuetur
1873 2364 2002 2412 Ern.
2020 2363 2108 2429 qui
2136 2371 2325 2427 tamen,
2347 2365 2505 2414 modo

1301 2594 1515 2647 NOTAE

304 2722 516 2772 minutas
548 2737 756 2773 causam
791 2722 1036 2774 amicitiae
1068 2723 1224 2774 fuisse
1249 2739 1362 2775 cer-

307 2805 481 2848 tamen
519 2797 586 2848 de
625 2796 792 2849 forma
837 2801 967 2850 banc
1004 2801 1142 2850 inter
1183 2807 1238 2851 et
1278 2801 1364 2850 Li·

304 2890 457 2925 viam.

368 2955 385 2984 ⁸
413 2952 658 3003 Licinium
703 2955 1008 3018 Enceladum,
1051 2957 1158 3022 ξω]
1212 2957 1361 3010 Jose-

307 3027 434 3090 phus
456 3029 714 3095 Antiquit.
739 3031 830 3082 lib.
863 3045 1006 3083 xvn.
1074 3034 1255 3083 Celadi
1279 3049 1365 3083 cu·

300 3105 507 3167 jusdam
572 3107 827 3169 meminit,
876 3108 1013 3158 unde
1072 3109 1365 3173 suspicatur

307 3182 647 3233 Casaubonus
688 3183 960 3249 legendum
1002 3185 1086 3236 hic
1125 3186 1366 3236 [sicinium

304 3262 351 3307 et
409 3259 653 3310 Celadum.
716 3259 822 3308 Alii
877 3261 1066 3325 passim
1124 3263 1365 3326 leguntur

306 3332 530 3399 Augusti
571 3335 768 3400 liberti,
818 3344 878 3386 ut
919 3337 1171 3401 Thyrsus,
1216 3340 1366 3400 Eros,

305 3410 582 3470 Proculus,
641 3414 1045 3480 Epaphi-odinis,
1098 3415 1372 3481 Polybius,

304 3486 474 3537 Julius
496 3489 786 3554 Marathus,
806 3495 903 3540 &c-

367 3573 393 3597 ²¹
428 3565 742 3629 opinantem]
784 3567 919 3617 Vide
945 3581 1104 3631 supra
1126 3582 1172 3618 c.
1193 3572 1276 3617 51.
1298 3567 1365 3620 de

304 3642 456 3710 hujus
480 3644 625 3692 verbi
644 3642 958 3708 significatu.

367 3727 390 3751 v
424 3719 838 3785 Dispensatorem]
890 3720 945 3770 Is
989 3720 1225 3771 minister
1264 3727 1368 3784 est,

305 3809 368 3843 ex
403 3809 665 3845 servorum
702 3797 1006 3860 plerumque
1030 3810 1261 3861 numero,
1281 3797 1366 3847 cui

304 3885 478 3921 omnes
520 3869 729 3920 familiae
771 3872 997 3921 rationes
1042 3879 1192 3922 erant
1225 3887 1364 3932 com·v

303 3947 494 3996 missae.
559 3946 862 3996 Macrobius
885 3947 972 3998 lib.
996 3961 1058 3999 11.
1085 3963 1202 4013 cap.
1225 3953 1275 3998 3.
1298 3949 1364 4000 de

302 4024 416 4086 ipso
455 4023 694 4086 Augusto
723 4025 958 4088 loquens,
997 4025 1013 4052 ‘
1038 4025 1362 4089 dispensato·

305 4113 413 4148 rem
439 4099 664 4161 vocavit,
698 4106 907 4157 centum
943 4099 1182 4149 sestertia
1214 4099 1364 4149 Grae·

303 4179 416 4226 culo
439 4177 697 4227 numerari
723 4177 915 4241 Jussit?
978 4177 1217 4228 Juvenal.
1253 4178 1360 4228 Sat.

302 4253 414 4307 ηρ(
436 4251 631 4302 Praelia
666 4261 865 4318 quanta,
893 4254 998 4304 illic
1037 4254 1360 4318 dispensato·

304 4345 361 4381 re
385 4328 589 4383 videbis
622 4327 932 4398 Armigero,’
965 4334 1066 4383 διο.
1100 4337 1155 4380 et
1176 4330 1360 4381 Sueto-

1444 2725 1561 2774 nius
1587 2724 1757 2774 multis
1779 2724 1945 2773 adhuc
1967 2723 2091 2774 locis
2115 2722 2267 2773 infra.

1507 2809 1541 2835 w
1578 2802 1799 2862 Oln'ectus
1828 2803 1924 2865 est]
1980 2799 2062 2850 An
2100 2801 2177 2849 ita
2208 2799 2505 2864 intelligen-

1445 2878 1586 2935 dum,
1611 2887 1668 2928 ut
1695 2876 1978 2927 Diomedes
2012 2876 2097 2926 ille
2132 2875 2347 2925 irruenti
2376 2890 2503 2939 apro

1444 2956 1739 3020 Augustum
1762 2954 2035 3018 objecerit,
2054 2968 2156 3018 quo
2179 2953 2288 3016 ejus
2312 2953 2507 3002 vitaret

1444 3033 1724 3097 incursum,
1745 3046 1810 3083 an
1836 3046 1959 3081 vero
1982 3028 2107 3095 fuga
2128 3030 2269 3079 illum
2294 3028 2504 3082 deseru-

1445 3112 1547 3160 erit
1562 3111 1581 3160 ἰ
2149 3124 2160 3134 ·

1507 3195 1535 3221 x
1565 3186 1612 3237 Α
1637 3185 1802 3250 manu]
1838 3186 1956 3236 Hoc
1980 3194 2061 3235 est
2078 3183 2369 3247 scriba,qui
2388 3182 2517 3233 ideo-

1445 3280 1625 3315 servus
1648 3264 1993 3326 amanuensis,
2017 3264 2076 3311 in.
2091 3261 2198 3314 Jul.
2223 3276 2270 3310 c.
2292 3265 2377 3311 ⁷4.

1509 3348 1531 3383 5
1571 3341 1728 3389 Crura
1758 3339 1919 3399 fregit
1962 3336 2208 3401 [effregit]
2252 3333 2508 3386 Crurifra-

1445 3415 1584 3478 gium
1603 3414 1740 3478 quod
1764 3419 1819 3461 et
1840 3411 2261 3474 crurifrangium,
2275 3425 2391 3459 nam
2418 3424 2506 3458 au-

1443 3490 1576 3555 tiqui
1597 3488 1746 3552 fraga
1766 3503 1861 3551 pro
1877 3487 2089 3550 frango„
2100 3493 2159 3535 ut
2183 3493 2237 3534 et
2263 3492 2385 3548 tago
2409 3499 2507 3547 pro

1443 3574 1621 3629 tango,
1666 3562 1888 3622 dixere}
1911 3576 2178 3614 servorum
2214 3561 2506 3624 praesertim

1443 3641 1773 3708 supplicium.
1839 3640 2040 3691 Senec..
2065 3638 2153 3688 lib.
2190 3651 2276 3689 ut.
2314 3637 2379 3685 de
2419 3637 2509 3686 Ira

1444 3735 1493 3771 c.
1518 3716 1598 3770 32‘.
1645 3719 1661 3746 ‘
1683 3718 1932 3781 Magnam
1967 3730 2073 3765 rem
2099 3716 2207 3764 sine
2238 3712 2397 3765 dubio
2430 3711 2506 3764 fe·

1445 3796 1694 3859 cerimus,
1708 3795 1750 3842 si
1781 3792 2042 3843 servulum
2068 3788 2324 3840 infelicem
2350 3790 2400 3838 in
2424 3805 2504 3839 er-

1446 3874 1703 3939 gastulum
1724 3871 2028 3923 miserimus.
2094 3867 2233 3919 Quid
2257 3883 2525 3932 propera-,

1445 3964 1559 3998 mus
1584 3947 1858 3997 verberare
1879 3945 2073 4005 statim,
2093 3958 2247 3994 crura
2270 3946 2507 4008 protinus

1444 4025 1687 4087 frangere
1706 4024 1741 4074 ?’
1781 4018 1912 4074 illud
1965 4021 2284 4086 antiquitus,
2320 4029 2507 4085 utpote

1443 4100 1621 4151 Plauti
1656 4099 1973 4162 temporibus
2006 4098 2058 4148 in
2086 4113 2201 4149 usu.
2267 4097 2510 4149 Asinaria

1441 4175 1570 4226 Act.
1590 4189 1652 4225 u.
1677 4176 1835 4225 Sc014.
1857 4189 1933 4224 VS.
1956 4178 2037 4224 68.
2085 4174 2101 4202 ‘
2129 4174 2294 4224 Crura
2328 4175 2507 4223 hercle

1442 4249 1822 4314 effringentur.’
1890 4250 2029 4302 Quin
2068 4256 2124 4299 et
2155 4250 2265 4298 haec
2295 4249 2347 4296 in
2378 4249 2507 4297 libe-

1440 4343 1526 4381 ros
1548 4344 1751 4396 quoque
1774 4328 2005 4380 homines
2034 4327 2267 4378 exercita
2290 4324 2516 4389 saevitia,
