3019 4922
1186 428 1580 480 ocrsvms.
2345 419 2474 485 219

300 579 391 639 tes
435 593 508 640 se
556 574 889 640 traduxitr
910 573 998 662 ‘in
1030 572 1341 651 Galliam,
1397 581 1605 659 atque
1660 576 1729 639 in
1782 575 2108 658 proximis
2160 576 2399 642 Rheno
2420 587 2475 617 ¹⁰

302 678 472 758 agris
489 677 876 743 collocavit.
964 675 1161 740 Alias
1191 667 1347 740 item
1377 678 1667 740 nationes
1712 678 1883 742 male
1913 678 2179 762 quietas
2225 679 2474 745 ad‘ob-

303 781 602 862 sequium
631 779 901 861 redegit.
992 779 1139 844 Nec
1169 779 1294 843 uui·
1319 779 1499 860 genti
1534 780 1676 844 sine
1696 779 1900 863 justis
1920 789 1940 816 ⁸
1980 786 2048 845 et
2074 783 2471 846 necessariis

301 881 516 946 causis
548 881 788 945 bellum
818 881 1061 957 intulit,
1091 887 1476 964 tantumque
1509 882 1679 946 afuit
1703 902 1745 946 a
1774 883 2167 967 cupiditate,
2194 904 2470 968 quoquo

296 984 489 1047 modo
519 985 865 1068 imperium
896 983 1003 1048 vel
1035 983 1339 1048 bellicam
1384 983 1664 1067 gloriam
1695 985 2028 1067 augendi,t
2075 994 2151 1050 ut
2180 1006 2472 1070 quorun-

294 1082 437 1148 dam
468 1086 906 1154 barbarorum
948 1087 1284 1170 principes
1336 1087 1404 1150 in
1449 1087 1595 1162 aede
1624 1087 1866 1152 Martis
1901 1088 2200 1153 Ultoris¹¹
2240 1088 2472 1172 jurare

298 1187 603 1270 coegerit,
636 1209 982 1255 mansuros
1027 1209 1101 1255 se
1146 1191 1217 1253 in
1262 1189 1396 1255 fide
1425 1210 1507 1255 ac
1539 1209 1737 1274 pace,
1790 1195 1993 1275 quam
2039 1196 2379 1275 peterent3
2429 1212 2474 1256 a

298 1292 692 1372 quibusdam
722 1314 876 1361 vero
920 1313 1166 1359 novum
1198 1312 1406 1375 genus
1436 1294 1802 1369 obsidum,v
1843 1293 2175 1370 foeminae,
2208 1294 2473 1377 exigere

298 1396 688 1471 tentaverit,¹
722 1395 899 1480 quod
944 1396 1265 1480 negligere
1308 1396 1590 1463 marium
1635 1395 1913 1480 pignora
1944 1397 2295 1462 sentiebat.
2384 1394 2472 1459 Et

1189 1578 1312 1598 om

1524 1580 1554 1598 Ο

292 1709 435 1744 servos
455 1696 679 1746 Mediol.
701 1696 851 1747 Cald.
919 1697 1057 1747 Item
1080 1694 2082 1759 CicambrosEd.Lugd.—10R1oeniagr.
2107 1694 2268 1744 Fouc.
2291 1694 2473 1743 Pin.—

298 1762 321 1808 1
357 1762 674 1825 Temptaveril
698 1762 856 1812 Fonc.
887 1762 1015 1812 Tum
1038 1778 1219 1811 murum
1239 1763 1453 1812 Memm.
1473 1762 1595 1811 Lisl.
1617 1760 1819 1811 viterb.
1849 1761 1958 1810 Pal.
1981 1763 2028 1807 1.
2053 1758 2169 1821 Cuj.
2188 1758 2315 1821 Cop.
2338 1759 2473 1807 Har-

298 1827 403 1878 lem.
425 1827 626 1879 Medic.
650 1832 697 1877 1.
721 1831 772 1877 2.
794 1828 929 1878 haud
953 1827 1278 1892 improbante
1302 1826 1442 1877 Oud.
1474 1827 1678 1890 pignera
1712 1825 1854 1875 Idem
1882 1825 2092 1874 Memm.
2120 1824 2232 1874 Pal.
2257 1828 2305 1874 1.
2327 1831 2381 1873 et
2402 1825 2474 1873 al.

1266 1974 1483 2027 No'rAE

294 2097 344 2139 et
373 2090 692 2155 Geographi,
728 2091 1006 2141 Suevorum
1043 2092 1212 2140 nuilus
1234 2105 1339 2140 rne-
1370 2077 1375 2078 ⁷
1418 2091 1631 2153 drenses,
1655 2095 1791 2139 teste
1815 2087 2074 2140 Cluverio.

292 2169 449 2219 minit.
518 2169 699 2220 Quare
734 2169 918 2219 merito
954 2168 1156 2218 videtur
1179 2169 1337 2218 addu-
1484 2174 1504 2199 ⁸
1536 2165 1652 2215 Sine
1678 2165 1855 2228 justis]
1891 2167 2063 2228 Longe
2096 2163 2245 2214 abest
2278 2164 2341 2214 ab
2376 2165 2472 2214 hac

294 2244 453 2295 bitare
493 2246 827 2295 Casanbonns
870 2259 971 2294 non
1018 2245 1223 2311 quidem
1256 2260 1336 2295 er·
1417 2250 1593 2292 mente
1614 2242 1747 2303 Dio,
1771 2243 1858 2307 qni
1883 2242 2174 2290 Pannonios
2213 2240 2348 2289 bello
2385 2255 2475 2303 pe-

291 2336 421 2372 rasse
455 2324 802 2384 Suetonium3
839 2322 947 2387 (est
971 2323 1107 2372 enim
1132 2338 1339 2373 accura-
1418 2322 1542 2370 titos
1564 2321 1631 2370 ab
1664 2321 1752 2370 illo
1771 2319 1924 2381 dicit,
1956 2333 2022 2368 ne
2054 2318 2238 2368 leviter
2270 2317 2474 2382 quidem

292 2401 505 2450 tissimus
533 2398 578 2465 ς)
623 2399 712 2449 sed
761 2399 998 2449 mendum
1045 2400 1251 2450 subesse
1285 2401 1339 2449 in
1420 2397 1565 2452 laeso.
2389 2419 2392 2422 ¹

291 2478 587 2540 Codicibus,
610 2490 821 2540 quorum
845 2478 895 2527 in
918 2476 1174 2542 aliquibus
1193 2491 1339 2541 repe·
1484 2476 1500 2507 ⁸
1535 2472 1794 2537 Imperium
1833 2505 1848 2521 .
1868 2507 1881 2522 .
1905 2502 1918 2520 .
1950 2472 2182 2535 augendi]
2228 2470 2379 2522 Quod
2419 2476 2474 2520 et

288 2555 408 2604 risse
441 2571 497 2606 se
536 2555 613 2604 ait
645 2554 838 2618 Senibus,
869 2555 1007 2604 unde
1029 2554 1206 2604 demta
1238 2555 1340 2619 pri·
1420 2550 1632 2601 Tiberio
1655 2549 2002 2610 consuluerat,
2033 2562 2099 2597 ne
2122 2545 2474 2608 magnitudine

288 2646 363 2680 ma
395 2633 556 2683 litera
593 2638 885 2682 remaneret
918 2632 1093 2696 Rubos,
1116 2647 1183 2683 ex
1221 2646 1338 2697 quo,
1420 2625 1642 2692 imperii,
1686 2631 1841 2674 aucta
1880 2624 2093 2687 regendi
2142 2622 2477 2684 difficultate,

290 2708 491 2759 minima
575 2709 877 2766 mutatione,
926 2706 1114 2759 feceris
1174 2709 1339 2774 Ubios,
1418 2705 1569 2768 plura
1605 2700 1920 2766 appetendo,
1956 2709 2105 2763 parta
2139 2713 2339 2765 quoque
2375 2707 2476 2748 nou

290 2784 420 2846 quod
452 2793 508 2835 et
535 2784 590 2833 in
617 2784 722 2832 suis
755 2792 933 2834 extare
964 2785 1091 2833 Mss.
1116 2789 1341 2834 testatur
1421 2784 1708 2830 servarent.
1819 2779 1825 2784 ’

289 2860 520 2922 Ursinus,
555 2866 610 2909 et
635 2859 919 2922 traductos,
941 2860 1033 2911 sed
1056 2860 1124 2910 ab
1150 2860 1339 2925 Agrip·
1483 2866 1508 2892 ¹¹
1542 2857 1666 2906 AEde
1690 2854 1873 2905 Martis
1900 2849 2103 2913 Ultoris]
2140 2853 2228 2903 De
2262 2867 2363 2918 qua
2400 2852 2479 2903 in·

288 2951 369 2999 pa,
391 2946 578 2988 auctor
615 2943 696 2986 est
732 2937 923 2986 Strabo
957 2937 1046 2987 lib.
1070 2951 1145 2988 ιν.
1213 2937 1341 2988 Ριο-
1419 2935 1501 2986 fra
1526 2951 1573 2986 c.
1594 2940 1679 2986 29.

287 3013 490 3062 lemaeus
522 3013 725 3063 Suevos
764 3012 1006 3077 quosdam
1050 3012 1342 3077 Longobar-
1483 3022 1507 3047 V
1544 3016 1730 3064 Novum
1748 3026 1900 3075 genus
1913 3010 2145 3074 obsidmn]
2178 3010 2381 3061 Novum
2406 3009 2479 3060 sie
2565 3030 2566 3033 ¹

288 3088 396 3153 dos,
415 3104 546 3154 qnos
570 3089 626 3137 in
651 3088 833 3137 Hassia
854 3088 1092 3139 collocat.
1172 3089 1339 3154 Magi·
1420 3090 1795 3153 accipiendum,
1817 3103 1918 3138 non
1940 3088 2089 3153 quasi
2108 3085 2303 3137 factum
2325 3092 2480 3137 antea

287 3179 377 3216 nus
398 3167 495 3217 sub
519 3167 801 3216 sicambris
835 3173 1092 3228 recenset,
1112 3167 1341 3231 quicum
1418 3182 1680 3233 nunquam
1719 3165 2002 3217 crediderit
2035 3165 2344 3215 Suetonius:
2392 3165 2479 3229 qni

288 3257 315 3291 a
337 3244 541 3295 colonia
562 3244 630 3291 ad
662 3242 845 3306 Lipsiae
871 3257 1033 3307 usque
1059 3243 1230 3294 fontes
1252 3259 1342 3294 ex·
1418 3246 1555 3296 enim
1580 3245 1871 3310 ignorasset
1899 3250 2080 3306 captas
2107 3242 2221 3291 illas
2259 3257 2290 3291 a
2309 3240 2475 3305 Scipi-

287 3318 649 3379 tenderentur,
670 3319 800 3368 banc
831 3334 1035 3384 quoque
1078 3320 1341 3385 regionem
1420 3335 1520 3370 one
1558 3319 1794 3370 foeminas
1817 3326 1873 3368 et
1894 3320 2111 3382 puellas,
2126 3319 2247 3367 dum
2270 3319 2481 3368 Cartba-

288 3393 742 3460 comp'rehendisse
797 3409 1012 3445 necesse
1069 3402 1166 3453 est,
1221 3411 1347 3461 quos
1428 3397 1603 3459 ginem
1658 3410 1842 3445 novam
1889 3395 2230 3459 expugnavit,
2274 3392 2481 3443 obsides

288 3472 561 3533 probabile
581 3470 787 3520 videtur
809 3486 925 3521 cum
944 3472 1224 3522 sicambris
1250 3485 1350 3521 una
1429 3470 1921 3535 Carthaginensibus
1960 3470 2025 3519 ab
2052 3469 2299 3534 Hispanis
2336 3471 2481 3520 datas

288 3549 586 3613 translatos.
658 3547 754 3597 Cui
794 3548 1002 3598 accedit
1045 3546 1181 3613 quod
1223 3563 1346 3599 auc-
1425 3546 1606 3608 fuisse,
1626 3552 1685 3595 nt
1709 3543 1875 3595 refert
1898 3545 2072 3595 Livius
2095 3546 2183 3596 lib.
2207 3559 2285 3594 vr.
2303 3544 2484 3595 decad.

289 3629 423 3673 tores
443 3624 513 3673 de
543 3623 826 3672 sicambris
850 3625 1119 3689 loquentes
1149 3624 1213 3675 iis
1238 3627 1346 3675 vul·
1424 3629 1474 3675 3.
1498 3623 1593 3673 sub
1626 3621 1806 3685 finem,
1830 3622 2097 3685 ipsamque
2134 3622 2271 3685 apud
2297 3622 2482 3671 Roma-

276 3714 348 3765 ·go
385 3700 684 3763 adjungant
717 3700 933 3751 Suevos.
996 3701 1203 3752 Tacitus
1241 3701 1345 3755 An·
1423 3719 1518 3755 nos
1541 3703 1796 3764 Cloeliam,
1811 3705 1910 3751 διο.
1978 3700 2083 3749 Sed
2114 3713 2302 3749 novum
2332 3700 2483 3762 dixit,

286 3777 388 3826 nal.
432 3790 498 3827 ιι.
531 3779 548 3805 ‘
580 3777 665 3825 Sic
700 3776 996 3827 Sicambros
1035 3778 1089 3827 in
1123 3777 1343 3828 deditio·
1422 3782 1507 3830 vel
1544 3781 1664 3845 quia
1705 3787 1827 3829 tunc
1874 3775 2121 3840 temporis
2164 3775 2482 3839 inusitatum,

285 3866 399 3902 nem
419 3859 690 3915 acceptos,
713 3852 786 3904 sic
808 3854 1037 3918 Suevos,’
1059 3858 1158 3905 διο.
1191 3856 1343 3906 Clau·
1421 3861 1507 3909 vel
1547 3859 1712 3924 magis
1759 3850 1896 3922 apud
1939 3854 2251 3906 Germanos:
2300 3862 2483 3904 auctor

288 3929 470 3979 dianus
491 3930 665 3981 stilic.
691 3931 780 3981 lib.
802 3946 844 3981 1.
878 3938 893 3960 ‘
912 3932 987 3981 Ut
1009 3934 1205 3983 Snevus
1230 3934 1344 3997 jam
1421 3939 1557 3988 enim
1579 3937 1792 3987 Tacitus
1815 3936 1865 3985 in
1891 3933 2026 3984 libro
2050 3932 2117 3982 de
2140 3931 2371 3982 moribus
2395 3947 2482 3982 eo-

287 4019 406 4055 rura
426 4007 592 4067 colat,
611 4004 877 4070 flexosque
897 4007 1144 4059 Sicambri
1168 4010 1231 4060 In
1248 4009 1343 4060 fal·
1422 4030 1558 4075 rum,
1579 4012 1840 4064 efficacius
1862 4008 2099 4074 obligari,
2116 4009 2159 4058 si
2181 4010 2367 4072 puellae
2392 4009 2484 4059 ob-

288 4096 393 4131 tem
417 4089 644 4132 curvent
665 4083 893 4147 81ῦᾶἰοδῖ
1421 4091 1559 4141 sides
1583 4090 1659 4140 eis
1693 4089 2034 4153 imperentur.
2103 4086 2220 4136 Hoc
2242 4086 2356 4135 loco
2375 4086 2487 4147 qui·

347 4157 671 4221 'Ti-aduxit]
705 4158 769 4208 In
808 4174 898 4209 eas
935 4159 1190 4230 regiones,
1226 4176 1342 4226 quae
1425 4167 1544 4215 dam
1575 4168 1756 4233 legunt
1790 4178 1973 4214 marum
1993 4163 2214 4228 pignora,
2252 4176 2346 4263 pro
2376 4175 2483 4210 ma-

288 4242 406 4284 sunt
429 4235 635 4290 Mosam
660 4235 796 4284 inter
818 4243 873 4284 et
891 4236 1179 4300 Rhenum,
1165 4252 1216 4285 m
1237 4238 1347 4300 qui·
1427 4242 1577 4295 rium

290 4310 380 4358 bus
403 4309 647 4374 Gugerni
681 4310 812 4360 dicti
845 4318 984 4377 sunt,
1027 4313 1174 4364 hodie
1202 4313 1347 4364 Guel-
1435 4356 1441 4365 .
