<?xml version="1.0" encoding="UTF-8"?>
<!DOCTYPE html PUBLIC "-//W3C//DTD XHTML 1.0 Transitional//EN"
    "http://www.w3.org/TR/xhtml1/DTD/xhtml1-transitional.dtd">
<html xmlns="http://www.w3.org/1999/xhtml" xml:lang="en" lang="en">
 <head>
  <title>
</title>
<meta http-equiv="Content-Type" content="text/html;charset=utf-8" />
  <meta name='ocr-system' content='tesseract 3.04.00' />
  <meta name='ocr-capabilities' content='ocr_page ocr_carea ocr_par ocr_line ocrx_word'/>
</head>
<body>
  <div class='ocr_page' id='page_1' title='image "./operaomniaexedi04suetgoog_0017.png"; bbox 0 0 3019 4922; ppageno 0'>
   <div class='ocr_carea' id='block_1_1' title="bbox 1238 388 2550 452">
    <p class='ocr_par' dir='ltr' id='par_1_1' title="bbox 1238 388 2550 452">
     <span class='ocr_line' id='line_1_1' title="bbox 1238 388 2550 452; baseline 0.002 -2"><span class='ocrx_word' id='word_1_1' title='bbox 1238 401 1653 452; x_wconf 69' lang='lat' dir='ltr'><strong>PRAEFA&#39;rio.</strong></span> <span class='ocrx_word' id='word_1_2' title='bbox 2504 388 2550 452; x_wconf 83' lang='lat'>7</span> 
     </span>
    </p>
   </div>
   <div class='ocr_carea' id='block_1_2' title="bbox 270 538 2613 4323">
    <p class='ocr_par' dir='ltr' id='par_1_2' title="bbox 270 538 2613 4323">
     <span class='ocr_line' id='line_1_2' title="bbox 308 538 2550 634; baseline 0.002 -26"><span class='ocrx_word' id='word_1_3' title='bbox 308 538 566 625; x_wconf 76' lang='lat' dir='ltr'><strong>tellexi,</strong></span> <span class='ocrx_word' id='word_1_4' title='bbox 593 543 740 627; x_wconf 84' lang='lat' dir='ltr'><strong>ita,</strong></span> <span class='ocrx_word' id='word_1_5' title='bbox 776 546 904 611; x_wconf 88' lang='lat' dir='ltr'><strong>ubi</strong></span> <span class='ocrx_word' id='word_1_6' title='bbox 952 544 1433 617; x_wconf 82' lang='lat' dir='ltr'><strong>discedendum</strong></span> <span class='ocrx_word' id='word_1_7' title='bbox 1472 549 1824 634; x_wconf 85' lang='lat' dir='ltr'><strong>putabam,</strong></span> <span class='ocrx_word' id='word_1_8' title='bbox 1854 568 1989 614; x_wconf 92' lang='lat' dir='ltr'><strong>non</strong></span> <span class='ocrx_word' id='word_1_9' title='bbox 2042 549 2238 616; x_wconf 88' lang='lat' dir='ltr'><strong>aliter</strong></span> <span class='ocrx_word' id='word_1_10' title='bbox 2277 547 2350 613; x_wconf 95' lang='lat' dir='ltr'><strong>id</strong></span> <span class='ocrx_word' id='word_1_11' title='bbox 2392 548 2550 629; x_wconf 82' lang='lat' dir='ltr'><strong>feci,</strong></span> 
     </span>
     <span class='ocr_line' id='line_1_3' title="bbox 270 638 2552 735; baseline 0.001 -21"><span class='ocrx_word' id='word_1_12' title='bbox 270 664 275 670; x_wconf 85' lang='grc'><strong><em>·</em></strong></span> <span class='ocrx_word' id='word_1_13' title='bbox 320 668 517 735; x_wconf 87' lang='lat' dir='ltr'><strong>quam</strong></span> <span class='ocrx_word' id='word_1_14' title='bbox 547 656 636 716; x_wconf 83' lang='lat' dir='ltr'><strong>nt</strong></span> <span class='ocrx_word' id='word_1_15' title='bbox 666 649 1398 735; x_wconf 60' lang='lat' dir='ltr'><strong>modestiae‘nunquam</strong></span> <span class='ocrx_word' id='word_1_16' title='bbox 1444 642 1792 718; x_wconf 85' lang='lat' dir='ltr'><strong>immemor</strong></span> <span class='ocrx_word' id='word_1_17' title='bbox 1820 652 2096 722; x_wconf 86' lang='lat' dir='ltr'><strong>viderer.</strong></span> <span class='ocrx_word' id='word_1_18' title='bbox 2185 651 2302 717; x_wconf 61' lang='lat' dir='ltr'><strong>Ne*</strong></span> <span class='ocrx_word' id='word_1_19' title='bbox 2323 638 2552 717; x_wconf 82' lang='lat' dir='ltr'><strong>autem</strong></span> 
     </span>
     <span class='ocr_line' id='line_1_4' title="bbox 328 753 2552 839; baseline 0 -20"><span class='ocrx_word' id='word_1_20' title='bbox 328 753 513 819; x_wconf 80' lang='lat' dir='ltr'><strong>nulla</strong></span> <span class='ocrx_word' id='word_1_21' title='bbox 537 774 835 839; x_wconf 88' lang='lat' dir='ltr'><strong>prorsus</strong></span> <span class='ocrx_word' id='word_1_22' title='bbox 863 773 954 819; x_wconf 80' lang='lat' dir='ltr'><strong>ex</strong></span> <span class='ocrx_word' id='word_1_23' title='bbox 982 774 1163 820; x_wconf 88' lang='lat' dir='ltr'><strong>nova</strong></span> <span class='ocrx_word' id='word_1_24' title='bbox 1192 755 1514 820; x_wconf 89' lang='lat' dir='ltr'><strong>librorum</strong></span> <span class='ocrx_word' id='word_1_25' title='bbox 1543 756 1903 822; x_wconf 89' lang='lat' dir='ltr'><strong>collatione</strong></span> <span class='ocrx_word' id='word_1_26' title='bbox 1954 755 2272 820; x_wconf 82' lang='lat' dir='ltr'><strong>editionis</strong></span> <span class='ocrx_word' id='word_1_27' title='bbox 2303 754 2552 820; x_wconf 79' lang='lat' dir='ltr'><strong>nostrae</strong></span> 
     </span>
     <span class='ocr_line' id='line_1_5' title="bbox 339 856 2554 935; baseline 0 -13"><span class='ocrx_word' id='word_1_28' title='bbox 339 866 557 924; x_wconf 86' lang='lat' dir='ltr'><strong>essent</strong></span> <span class='ocrx_word' id='word_1_29' title='bbox 619 864 1045 935; x_wconf 88' lang='lat' dir='ltr'><strong>ornamenta,</strong></span> <span class='ocrx_word' id='word_1_30' title='bbox 1104 860 1629 925; x_wconf 76' lang='lat' dir='ltr'><strong>communicavit</strong></span> <span class='ocrx_word' id='word_1_31' title='bbox 1683 880 1953 924; x_wconf 90' lang='lat' dir='ltr'><strong>mecum</strong></span> <span class='ocrx_word' id='word_1_32' title='bbox 2002 858 2143 924; x_wconf 91' lang='lat' dir='ltr'><strong>Cel.</strong></span> <span class='ocrx_word' id='word_1_33' title='bbox 2201 856 2554 935; x_wconf 70' lang='lat' dir='ltr'><strong>MiilleruS,</strong></span> 
     </span>
     <span class='ocr_line' id='line_1_6' title="bbox 348 960 2554 1045; baseline -0 -20"><span class='ocrx_word' id='word_1_34' title='bbox 348 981 489 1045; x_wconf 81' lang='lat' dir='ltr'><strong>quae</strong></span> <span class='ocrx_word' id='word_1_35' title='bbox 522 966 631 1025; x_wconf 89' lang='lat' dir='ltr'><strong>est</strong></span> <span class='ocrx_word' id='word_1_36' title='bbox 658 962 1138 1025; x_wconf 87' lang='lat' dir='ltr'><strong>humanissimo</strong></span> <span class='ocrx_word' id='word_1_37' title='bbox 1168 963 1310 1027; x_wconf 92' lang='lat' dir='ltr'><strong>viro</strong></span> <span class='ocrx_word' id='word_1_38' title='bbox 1341 964 1548 1028; x_wconf 89' lang='lat' dir='ltr'><strong>etiam</strong></span> <span class='ocrx_word' id='word_1_39' title='bbox 1579 982 1736 1045; x_wconf 85' lang='lat' dir='ltr'><strong>erga</strong></span> <span class='ocrx_word' id='word_1_40' title='bbox 1773 982 2028 1028; x_wconf 89' lang='lat' dir='ltr'><strong>novum</strong></span> <span class='ocrx_word' id='word_1_41' title='bbox 2058 963 2131 1026; x_wconf 91' lang='lat' dir='ltr'><strong>in</strong></span> <span class='ocrx_word' id='word_1_42' title='bbox 2159 982 2228 1026; x_wconf 90' lang='lat' dir='ltr'><strong>re</strong></span> <span class='ocrx_word' id='word_1_43' title='bbox 2256 960 2554 1026; x_wconf 86' lang='lat' dir='ltr'><strong>literaria</strong></span> 
     </span>
     <span class='ocr_line' id='line_1_7' title="bbox 349 1064 2549 1144; baseline -0 -17"><span class='ocrx_word' id='word_1_44' title='bbox 349 1064 686 1129; x_wconf 89' lang='lat' dir='ltr'><strong>hominem</strong></span> <span class='ocrx_word' id='word_1_45' title='bbox 716 1066 1199 1144; x_wconf 79' lang='lat' dir='ltr'><strong>benevolentia,</strong></span> <span class='ocrx_word' id='word_1_46' title='bbox 1228 1065 1584 1131; x_wconf 88' lang='lat' dir='ltr'><strong>editionem</strong></span> <span class='ocrx_word' id='word_1_47' title='bbox 1631 1066 2121 1131; x_wconf 91' lang='lat' dir='ltr'><strong>Plautinianam</strong></span> <span class='ocrx_word' id='word_1_48' title='bbox 2169 1066 2327 1130; x_wconf 90' lang='lat' dir='ltr'><strong>anni</strong></span> <span class='ocrx_word' id='word_1_49' title='bbox 2358 1065 2549 1129; x_wconf 80' lang='lat'><strong>1596.</strong></span> 
     </span>
     <span class='ocr_line' id='line_1_8' title="bbox 355 1165 2552 1253; baseline 0 -23"><span class='ocrx_word' id='word_1_50' title='bbox 355 1186 396 1230; x_wconf 90' lang='lat' dir='ltr'><strong>a</strong></span> <span class='ocrx_word' id='word_1_51' title='bbox 422 1166 626 1232; x_wconf 89' lang='lat' dir='ltr'><strong>Petro</strong></span> <span class='ocrx_word' id='word_1_52' title='bbox 656 1168 986 1233; x_wconf 87' lang='lat' dir='ltr'><strong>Scriverio</strong></span> <span class='ocrx_word' id='word_1_53' title='bbox 1031 1175 1480 1252; x_wconf 83' lang='lat' dir='ltr'><strong>procuratam,</strong></span> <span class='ocrx_word' id='word_1_54' title='bbox 1514 1169 1601 1234; x_wconf 87' lang='lat' dir='ltr'><strong>ad</strong></span> <span class='ocrx_word' id='word_1_55' title='bbox 1632 1166 1842 1253; x_wconf 85' lang='lat' dir='ltr'><strong>cujus</strong></span> <span class='ocrx_word' id='word_1_56' title='bbox 1869 1165 2224 1251; x_wconf 85' lang='lat' dir='ltr'><strong>marginem</strong></span> <span class='ocrx_word' id='word_1_57' title='bbox 2260 1167 2362 1232; x_wconf 86' lang='lat' dir='ltr'><strong>vir-</strong></span> <span class='ocrx_word' id='word_1_58' title='bbox 2391 1167 2552 1231; x_wconf 90' lang='lat' dir='ltr'><strong>doc-</strong></span> 
     </span>
     <span class='ocr_line' id='line_1_9' title="bbox 353 1269 2552 1355; baseline 0 -23"><span class='ocrx_word' id='word_1_59' title='bbox 353 1275 461 1333; x_wconf 85' lang='lat' dir='ltr'><strong>tus</strong></span> <span class='ocrx_word' id='word_1_60' title='bbox 487 1271 881 1334; x_wconf 84' lang='lat' dir='ltr'><strong>varietatem</strong></span> <span class='ocrx_word' id='word_1_61' title='bbox 920 1270 1188 1335; x_wconf 87' lang='lat' dir='ltr'><strong>notavit</strong></span> <span class='ocrx_word' id='word_1_62' title='bbox 1231 1269 1514 1349; x_wconf 90' lang='lat' dir='ltr'><strong>codicis,</strong></span> <span class='ocrx_word' id='word_1_63' title='bbox 1544 1272 1627 1336; x_wconf 91' lang='lat' dir='ltr'><strong>de</strong></span> <span class='ocrx_word' id='word_1_64' title='bbox 1669 1290 1804 1355; x_wconf 91' lang='lat' dir='ltr'><strong>quo</strong></span> <span class='ocrx_word' id='word_1_65' title='bbox 1850 1271 2000 1353; x_wconf 88' lang='lat' dir='ltr'><strong>ipse</strong></span> <span class='ocrx_word' id='word_1_66' title='bbox 2043 1271 2235 1334; x_wconf 89' lang='lat' dir='ltr'><strong>initio</strong></span> <span class='ocrx_word' id='word_1_67' title='bbox 2273 1270 2426 1333; x_wconf 88' lang='lat' dir='ltr'><strong>libri</strong></span> <span class='ocrx_word' id='word_1_68' title='bbox 2447 1269 2552 1333; x_wconf 74' lang='lat' dir='ltr'><strong>&#39;ita</strong></span> 
     </span>
     <span class='ocr_line' id='line_1_10' title="bbox 354 1370 2551 1463; baseline 0 -28"><span class='ocrx_word' id='word_1_69' title='bbox 354 1372 662 1463; x_wconf 78' lang='lat' dir='ltr'><strong>scripsit:</strong></span> <span class='ocrx_word' id='word_1_70' title='bbox 709 1377 730 1407; x_wconf 91' lang='lat'>‘</span> <span class='ocrx_word' id='word_1_71' title='bbox 760 1372 1066 1438; x_wconf 71' lang='lat' dir='ltr'><strong>Caesares</strong></span> <span class='ocrx_word' id='word_1_72' title='bbox 1098 1373 1402 1438; x_wconf 84' lang='lat' dir='ltr'><strong>Suetonii</strong></span> <span class='ocrx_word' id='word_1_73' title='bbox 1432 1375 1686 1440; x_wconf 90' lang='lat' dir='ltr'><strong>contuli</strong></span> <span class='ocrx_word' id='word_1_74' title='bbox 1709 1394 1862 1438; x_wconf 91' lang='lat' dir='ltr'><strong>cum</strong></span> <span class='ocrx_word' id='word_1_75' title='bbox 1895 1373 2016 1438; x_wconf 90' lang='lat' dir='ltr'><strong>Cd.</strong></span> <span class='ocrx_word' id='word_1_76' title='bbox 2052 1372 2192 1437; x_wconf 89' lang='lat' dir='ltr'><strong>Ms.</strong></span> <span class='ocrx_word' id='word_1_77' title='bbox 2221 1370 2551 1436; x_wconf 85' lang='lat' dir='ltr'><strong>membra-</strong></span> 
     </span>
     <span class='ocr_line' id='line_1_11' title="bbox 351 1466 2612 1555; baseline -0.001 -16"><span class='ocrx_word' id='word_1_78' title='bbox 351 1495 589 1554; x_wconf 84' lang='lat' dir='ltr'><strong>naceo,</strong></span> <span class='ocrx_word' id='word_1_79' title='bbox 613 1496 700 1540; x_wconf 85' lang='lat' dir='ltr'><strong>ex</strong></span> <span class='ocrx_word' id='word_1_80' title='bbox 725 1476 1135 1541; x_wconf 76' lang='lat' dir='ltr'><strong>bibliotheca</strong></span> <span class='ocrx_word' id='word_1_81' title='bbox 1167 1466 1396 1542; x_wconf 90' lang='lat' dir='ltr'><strong>Nicol.</strong></span> <span class='ocrx_word' id='word_1_82' title='bbox 1419 1476 1464 1542; x_wconf 83' lang='lat' dir='ltr'>J</span> <span class='ocrx_word' id='word_1_83' title='bbox 1470 1497 1569 1541; x_wconf 91' lang='lat' dir='ltr'><strong>os.</strong></span> <span class='ocrx_word' id='word_1_84' title='bbox 1601 1477 1926 1541; x_wconf 88' lang='lat' dir='ltr'><strong>Foucault</strong></span> <span class='ocrx_word' id='word_1_85' title='bbox 1953 1474 2237 1540; x_wconf 90' lang='lat' dir='ltr'><strong>Comitis</strong></span> <span class='ocrx_word' id='word_1_86' title='bbox 2271 1474 2555 1539; x_wconf 87' lang='lat' dir='ltr'><strong>Consis-</strong></span> <span class='ocrx_word' id='word_1_87' title='bbox 2607 1551 2612 1555; x_wconf 30' lang='lat'>‚</span> 
     </span>
     <span class='ocr_line' id='line_1_12' title="bbox 355 1575 2552 1661; baseline -0.001 -21"><span class='ocrx_word' id='word_1_88' title='bbox 355 1577 610 1653; x_wconf 90' lang='lat' dir='ltr'><strong>toriani,</strong></span> <span class='ocrx_word' id='word_1_89' title='bbox 641 1578 834 1642; x_wconf 84' lang='lat' dir='ltr'><strong>bonae</strong></span> <span class='ocrx_word' id='word_1_90' title='bbox 859 1584 1067 1655; x_wconf 87' lang='lat' dir='ltr'><strong>notae,</strong></span> <span class='ocrx_word' id='word_1_91' title='bbox 1100 1577 1217 1642; x_wconf 90' lang='lat' dir='ltr'><strong>sed</strong></span> <span class='ocrx_word' id='word_1_92' title='bbox 1247 1577 1600 1643; x_wconf 84' lang='lat' dir='ltr'><strong>admodum</strong></span> <span class='ocrx_word' id='word_1_93' title='bbox 1625 1579 1868 1643; x_wconf 88' lang='lat' dir='ltr'><strong>recenti</strong></span> <span class='ocrx_word' id='word_1_94' title='bbox 1900 1598 1918 1658; x_wconf 80' lang='lat'>3</span> <span class='ocrx_word' id='word_1_95' title='bbox 1963 1579 2029 1641; x_wconf 88' lang='lat' dir='ltr'><strong>in</strong></span> <span class='ocrx_word' id='word_1_96' title='bbox 2064 1576 2260 1661; x_wconf 86' lang='lat' dir='ltr'><strong>cujus</strong></span> <span class='ocrx_word' id='word_1_97' title='bbox 2289 1576 2420 1640; x_wconf 87' lang='lat' dir='ltr'><strong>fine</strong></span> <span class='ocrx_word' id='word_1_98' title='bbox 2449 1575 2552 1638; x_wconf 91' lang='lat' dir='ltr'><strong>le-</strong></span> 
     </span>
     <span class='ocr_line' id='line_1_13' title="bbox 353 1666 2552 1771; baseline 0 -29"><span class='ocrx_word' id='word_1_99' title='bbox 353 1666 657 1760; x_wconf 70' lang='lat' dir='ltr'><strong>gebatur}</strong></span> <span class='ocrx_word' id='word_1_100' title='bbox 701 1679 821 1745; x_wconf 76' lang='lat' dir='ltr'><strong>JA.</strong></span> <span class='ocrx_word' id='word_1_101' title='bbox 857 1698 954 1744; x_wconf 76' lang='lat' dir='ltr'><strong>ns</strong></span> <span class='ocrx_word' id='word_1_102' title='bbox 1002 1681 1475 1747; x_wconf 67' lang='lat' dir='ltr'><strong>HoLLANmA</strong></span> <span class='ocrx_word' id='word_1_103' title='bbox 1509 1683 1755 1748; x_wconf 77' lang='lat' dir='ltr'><strong>RoMAE</strong></span> <span class='ocrx_word' id='word_1_104' title='bbox 1792 1682 1982 1747; x_wconf 84' lang='lat'><strong>1444.</strong></span> <span class='ocrx_word' id='word_1_105' title='bbox 2032 1678 2172 1745; x_wconf 79' lang='lat' dir='ltr'><strong>x&#39;x.</strong></span> <span class='ocrx_word' id='word_1_106' title='bbox 2209 1697 2323 1744; x_wconf 69' lang='grc' dir='ltr'><strong>η.</strong></span> <span class='ocrx_word' id='word_1_107' title='bbox 2357 1695 2552 1771; x_wconf 42' lang='grc' dir='ltr'>ιτιΝιῇ</span> 
     </span>
     <span class='ocr_line' id='line_1_14' title="bbox 356 1780 2552 1867; baseline 0.001 -26"><span class='ocrx_word' id='word_1_108' title='bbox 356 1796 506 1846; x_wconf 79' lang='grc' dir='ltr'><strong>νιΤ.</strong></span> <span class='ocrx_word' id='word_1_109' title='bbox 586 1781 831 1846; x_wconf 79' lang='lat' dir='ltr'><strong>Graeca</strong></span> <span class='ocrx_word' id='word_1_110' title='bbox 859 1782 1137 1848; x_wconf 83' lang='lat' dir='ltr'><strong>deerant</strong></span> <span class='ocrx_word' id='word_1_111' title='bbox 1162 1784 1396 1867; x_wconf 88' lang='lat' dir='ltr'><strong>relicto</strong></span> <span class='ocrx_word' id='word_1_112' title='bbox 1428 1783 1699 1867; x_wconf 64' lang='lat' dir='ltr'><strong>spatio?</strong></span> <span class='ocrx_word' id='word_1_113' title='bbox 1786 1784 1895 1849; x_wconf 91' lang='lat' dir='ltr'><strong>De</strong></span> <span class='ocrx_word' id='word_1_114' title='bbox 1924 1784 2205 1867; x_wconf 87' lang='lat' dir='ltr'><strong>reliquis</strong></span> <span class='ocrx_word' id='word_1_115' title='bbox 2239 1780 2552 1847; x_wconf 89' lang='lat' dir='ltr'><strong>Suetonii</strong></span> 
     </span>
     <span class='ocr_line' id='line_1_15' title="bbox 356 1883 2564 1967; baseline 0 -20"><span class='ocrx_word' id='word_1_116' title='bbox 356 1885 624 1967; x_wconf 87' lang='lat' dir='ltr'><strong>scriptis</strong></span> <span class='ocrx_word' id='word_1_117' title='bbox 645 1885 814 1949; x_wconf 91' lang='lat' dir='ltr'><strong>idem</strong></span> <span class='ocrx_word' id='word_1_118' title='bbox 835 1885 1070 1949; x_wconf 91' lang='lat' dir='ltr'><strong>eodem</strong></span> <span class='ocrx_word' id='word_1_119' title='bbox 1087 1886 1270 1951; x_wconf 85' lang='lat' dir='ltr'><strong>loco:</strong></span> <span class='ocrx_word' id='word_1_120' title='bbox 1317 1892 1338 1921; x_wconf 92' lang='lat'>‘</span> <span class='ocrx_word' id='word_1_121' title='bbox 1362 1887 1637 1953; x_wconf 88' lang='lat' dir='ltr'><strong>Librum</strong></span> <span class='ocrx_word' id='word_1_122' title='bbox 1659 1887 1745 1952; x_wconf 92' lang='lat' dir='ltr'><strong>de</strong></span> <span class='ocrx_word' id='word_1_123' title='bbox 1769 1886 2249 1953; x_wconf 81' lang='lat' dir='ltr'><strong>Grammaticis</strong></span> <span class='ocrx_word' id='word_1_124' title='bbox 2273 1890 2343 1950; x_wconf 96' lang='lat' dir='ltr'><strong>et</strong></span> <span class='ocrx_word' id='word_1_125' title='bbox 2366 1883 2564 1949; x_wconf 87' lang='lat' dir='ltr'><strong>Rhe--</strong></span> 
     </span>
     <span class='ocr_line' id='line_1_16' title="bbox 351 1986 2552 2074; baseline 0.001 -24"><span class='ocrx_word' id='word_1_126' title='bbox 351 1987 607 2051; x_wconf 85' lang='lat' dir='ltr'><strong>toribus</strong></span> <span class='ocrx_word' id='word_1_127' title='bbox 636 1986 890 2053; x_wconf 89' lang='lat' dir='ltr'><strong>contuli</strong></span> <span class='ocrx_word' id='word_1_128' title='bbox 920 2006 1071 2051; x_wconf 90' lang='lat' dir='ltr'><strong>cum</strong></span> <span class='ocrx_word' id='word_1_129' title='bbox 1103 1988 1383 2072; x_wconf 83' lang='lat' dir='ltr'><strong>antiqua</strong></span> <span class='ocrx_word' id='word_1_130' title='bbox 1416 1990 1734 2069; x_wconf 85' lang='lat' dir='ltr'><strong>editione,</strong></span> <span class='ocrx_word' id='word_1_131' title='bbox 1764 1990 1835 2054; x_wconf 91' lang='lat' dir='ltr'><strong>in</strong></span> <span class='ocrx_word' id='word_1_132' title='bbox 1865 1990 2061 2074; x_wconf 87' lang='lat' dir='ltr'><strong>cujus</strong></span> <span class='ocrx_word' id='word_1_133' title='bbox 2106 1990 2293 2054; x_wconf 88' lang='lat' dir='ltr'><strong>calce</strong></span> <span class='ocrx_word' id='word_1_134' title='bbox 2323 1992 2552 2053; x_wconf 83' lang='lat' dir='ltr'><strong>exsta-</strong></span> 
     </span>
     <span class='ocr_line' id='line_1_17' title="bbox 350 2086 2548 2177; baseline 0.001 -25"><span class='ocrx_word' id='word_1_135' title='bbox 350 2090 502 2154; x_wconf 86' lang='lat' dir='ltr'><strong>bat:</strong></span> <span class='ocrx_word' id='word_1_136' title='bbox 550 2086 913 2174; x_wconf 82' lang='lat' dir='ltr'><strong>Impressum</strong></span> <span class='ocrx_word' id='word_1_137' title='bbox 953 2088 1484 2177; x_wconf 74' lang='lat' dir='ltr'><strong>Florentiae&#39;apud</strong></span> <span class='ocrx_word' id='word_1_138' title='bbox 1530 2093 1829 2158; x_wconf 76' lang='lat' dir='ltr'><strong>Sanctum</strong></span> <span class='ocrx_word' id='word_1_139' title='bbox 1862 2091 2171 2158; x_wconf 80' lang='lat' dir='ltr'><strong>Jacobum</strong></span> <span class='ocrx_word' id='word_1_140' title='bbox 2198 2091 2274 2156; x_wconf 87' lang='lat' dir='ltr'><strong>de</strong></span> <span class='ocrx_word' id='word_1_141' title='bbox 2308 2087 2548 2174; x_wconf 82' lang='lat' dir='ltr'><strong>Ripoli.</strong></span> 
     </span>
     <span class='ocr_line' id='line_1_18' title="bbox 352 2194 2549 2281; baseline 0.001 -27"><span class='ocrx_word' id='word_1_142' title='bbox 352 2207 932 2257; x_wconf 68' lang='lat' dir='ltr'><strong>uccccnxxvnl.</strong></span> <span class='ocrx_word' id='word_1_143' title='bbox 963 2213 1139 2258; x_wconf 87' lang='lat' dir='ltr'><strong>anno</strong></span> <span class='ocrx_word' id='word_1_144' title='bbox 1182 2195 1373 2261; x_wconf 83' lang='lat'><strong>1738.</strong></span> <span class='ocrx_word' id='word_1_145' title='bbox 1418 2217 1644 2262; x_wconf 90' lang='lat' dir='ltr'><strong>meuse</strong></span> <span class='ocrx_word' id='word_1_146' title='bbox 1673 2196 1893 2281; x_wconf 89' lang='lat' dir='ltr'><strong>Aprili</strong></span> <span class='ocrx_word' id='word_1_147' title='bbox 1939 2201 2006 2261; x_wconf 93' lang='lat' dir='ltr'><strong>et</strong></span> <span class='ocrx_word' id='word_1_148' title='bbox 2047 2195 2241 2260; x_wconf 90' lang='lat' dir='ltr'><strong>Maio</strong></span> <span class='ocrx_word' id='word_1_149' title='bbox 2281 2194 2350 2259; x_wconf 88' lang='lat' dir='ltr'><strong>in</strong></span> <span class='ocrx_word' id='word_1_150' title='bbox 2383 2194 2549 2258; x_wconf 90' lang='lat' dir='ltr'><strong>bibl.</strong></span> 
     </span>
     <span class='ocr_line' id='line_1_19' title="bbox 349 2292 2549 2383; baseline 0.001 -26"><span class='ocrx_word' id='word_1_151' title='bbox 349 2292 633 2358; x_wconf 86' lang='lat' dir='ltr'><strong>Senatus</strong></span> <span class='ocrx_word' id='word_1_152' title='bbox 679 2294 1093 2379; x_wconf 89' lang='lat' dir='ltr'><strong>Lipsiensis.’</strong></span> <span class='ocrx_word' id='word_1_153' title='bbox 1181 2295 1286 2361; x_wconf 91' lang='lat' dir='ltr'><strong>Ac</strong></span> <span class='ocrx_word' id='word_1_154' title='bbox 1316 2296 1400 2362; x_wconf 92' lang='lat' dir='ltr'><strong>de</strong></span> <span class='ocrx_word' id='word_1_155' title='bbox 1428 2299 1558 2363; x_wconf 93' lang='lat' dir='ltr'><strong>hac</strong></span> <span class='ocrx_word' id='word_1_156' title='bbox 1588 2298 1862 2383; x_wconf 89' lang='lat' dir='ltr'><strong>quidem</strong></span> <span class='ocrx_word' id='word_1_157' title='bbox 1905 2299 2218 2376; x_wconf 88' lang='lat' dir='ltr'><strong>editione,</strong></span> <span class='ocrx_word' id='word_1_158' title='bbox 2250 2296 2425 2361; x_wconf 86' lang='lat' dir='ltr'><strong>satis</strong></span> <span class='ocrx_word' id='word_1_159' title='bbox 2465 2314 2549 2359; x_wconf 88' lang='lat' dir='ltr'><strong>ea</strong></span> 
     </span>
     <span class='ocr_line' id='line_1_20' title="bbox 346 2399 2547 2487; baseline 0.002 -30"><span class='ocrx_word' id='word_1_160' title='bbox 346 2403 506 2461; x_wconf 85' lang='lat' dir='ltr'><strong>nota</strong></span> <span class='ocrx_word' id='word_1_161' title='bbox 533 2403 606 2460; x_wconf 91' lang='lat' dir='ltr'><strong>et</strong></span> <span class='ocrx_word' id='word_1_162' title='bbox 635 2400 1154 2465; x_wconf 86' lang='lat' dir='ltr'><strong>commemorata</strong></span> <span class='ocrx_word' id='word_1_163' title='bbox 1198 2401 1397 2466; x_wconf 83' lang='lat' dir='ltr'><strong>etiam</strong></span> <span class='ocrx_word' id='word_1_164' title='bbox 1431 2420 1473 2467; x_wconf 98' lang='lat' dir='ltr'><strong>a</strong></span> <span class='ocrx_word' id='word_1_165' title='bbox 1507 2402 1898 2487; x_wconf 88' lang='lat' dir='ltr'><strong>Bipontinis</strong></span> <span class='ocrx_word' id='word_1_166' title='bbox 1945 2403 2015 2467; x_wconf 92' lang='lat' dir='ltr'><strong>in</strong></span> <span class='ocrx_word' id='word_1_167' title='bbox 2052 2400 2321 2468; x_wconf 89' lang='lat' dir='ltr'><strong>Notitia</strong></span> <span class='ocrx_word' id='word_1_168' title='bbox 2365 2399 2547 2464; x_wconf 88' lang='lat' dir='ltr'><strong>Lite-</strong></span> 
     </span>
     <span class='ocr_line' id='line_1_21' title="bbox 347 2499 2547 2588; baseline 0.001 -26"><span class='ocrx_word' id='word_1_169' title='bbox 347 2500 523 2564; x_wconf 87' lang='lat' dir='ltr'><strong>raria</strong></span> <span class='ocrx_word' id='word_1_170' title='bbox 552 2499 647 2566; x_wconf 86' lang='lat' dir='ltr'><strong>de&#39;</strong></span> <span class='ocrx_word' id='word_1_171' title='bbox 665 2500 988 2567; x_wconf 88' lang='lat' dir='ltr'><strong>Suetonio</strong></span> <span class='ocrx_word' id='word_1_172' title='bbox 1021 2502 1419 2586; x_wconf 86' lang='lat' dir='ltr'><strong>Tranquillo</strong></span> <span class='ocrx_word' id='word_1_173' title='bbox 1450 2524 1609 2588; x_wconf 86' lang='lat' dir='ltr'><strong>pag.</strong></span> <span class='ocrx_word' id='word_1_174' title='bbox 1647 2521 1835 2581; x_wconf 69' lang='lat' dir='ltr'><strong>xvi„</strong></span> <span class='ocrx_word' id='word_1_175' title='bbox 1864 2504 2084 2569; x_wconf 90' lang='lat' dir='ltr'><strong>dicere</strong></span> <span class='ocrx_word' id='word_1_176' title='bbox 2124 2522 2259 2568; x_wconf 91' lang='lat' dir='ltr'><strong>non</strong></span> <span class='ocrx_word' id='word_1_177' title='bbox 2290 2499 2547 2567; x_wconf 85' lang='lat' dir='ltr'><strong>attinet.</strong></span> 
     </span>
     <span class='ocr_line' id='line_1_22' title="bbox 345 2600 2549 2692; baseline 0.002 -25"><span class='ocrx_word' id='word_1_178' title='bbox 345 2600 622 2670; x_wconf 69' lang='lat' dir='ltr'><strong>Codicis</strong></span> <span class='ocrx_word' id='word_1_179' title='bbox 653 2610 880 2668; x_wconf 85' lang='lat' dir='ltr'><strong>autem</strong></span> <span class='ocrx_word' id='word_1_180' title='bbox 909 2605 1305 2671; x_wconf 89' lang='lat' dir='ltr'><strong>varietatem</strong></span> <span class='ocrx_word' id='word_1_181' title='bbox 1336 2609 1650 2692; x_wconf 83' lang='lat' dir='ltr'><strong>excerpsi</strong></span> <span class='ocrx_word' id='word_1_182' title='bbox 1702 2627 1987 2685; x_wconf 89' lang='lat' dir='ltr'><strong>omnem,</strong></span> <span class='ocrx_word' id='word_1_183' title='bbox 2016 2607 2324 2688; x_wconf 89' lang='lat' dir='ltr'><strong>libroque</strong></span> <span class='ocrx_word' id='word_1_184' title='bbox 2374 2623 2549 2687; x_wconf 57' lang='lat' dir='ltr'><strong>prae-</strong></span> 
     </span>
     <span class='ocr_line' id='line_1_23' title="bbox 343 2704 2548 2791; baseline -0.001 -21"><span class='ocrx_word' id='word_1_185' title='bbox 343 2707 495 2770; x_wconf 89' lang='lat' dir='ltr'><strong>misi</strong></span> <span class='ocrx_word' id='word_1_186' title='bbox 522 2705 705 2772; x_wconf 88' lang='lat' dir='ltr'><strong>haud</strong></span> <span class='ocrx_word' id='word_1_187' title='bbox 732 2712 1071 2786; x_wconf 89' lang='lat' dir='ltr'><strong>mutatam,</strong></span> <span class='ocrx_word' id='word_1_188' title='bbox 1100 2714 1175 2773; x_wconf 88' lang='lat' dir='ltr'><strong>ut</strong></span> <span class='ocrx_word' id='word_1_189' title='bbox 1203 2710 1373 2774; x_wconf 90' lang='lat' dir='ltr'><strong>adeo</strong></span> <span class='ocrx_word' id='word_1_190' title='bbox 1420 2709 1872 2774; x_wconf 86' lang='lat' dir='ltr'><strong>admonitione</strong></span> <span class='ocrx_word' id='word_1_191' title='bbox 1899 2729 2027 2773; x_wconf 90' lang='lat' dir='ltr'><strong>non</strong></span> <span class='ocrx_word' id='word_1_192' title='bbox 2056 2725 2229 2791; x_wconf 85' lang='lat' dir='ltr'><strong>opus</strong></span> <span class='ocrx_word' id='word_1_193' title='bbox 2262 2706 2373 2782; x_wconf 86' lang='lat' dir='ltr'><strong>sit,</strong></span> <span class='ocrx_word' id='word_1_194' title='bbox 2401 2704 2548 2780; x_wconf 74' lang='lat' dir='ltr'><strong>vul-</strong></span> 
     </span>
     <span class='ocr_line' id='line_1_24' title="bbox 342 2807 2551 2892; baseline -0 -19"><span class='ocrx_word' id='word_1_195' title='bbox 342 2819 593 2890; x_wconf 88' lang='lat' dir='ltr'><strong>gatum,</strong></span> <span class='ocrx_word' id='word_1_196' title='bbox 623 2830 666 2874; x_wconf 85' lang='lat' dir='ltr'><strong>a</strong></span> <span class='ocrx_word' id='word_1_197' title='bbox 716 2828 851 2892; x_wconf 91' lang='lat' dir='ltr'><strong>quo</strong></span> <span class='ocrx_word' id='word_1_198' title='bbox 898 2809 1206 2888; x_wconf 87' lang='lat' dir='ltr'><strong>discedit,</strong></span> <span class='ocrx_word' id='word_1_199' title='bbox 1235 2817 1492 2875; x_wconf 85' lang='lat' dir='ltr'><strong>textum</strong></span> <span class='ocrx_word' id='word_1_200' title='bbox 1532 2830 1679 2874; x_wconf 87' lang='lat' dir='ltr'><strong>esse</strong></span> <span class='ocrx_word' id='word_1_201' title='bbox 1723 2809 2042 2874; x_wconf 87' lang='lat' dir='ltr'><strong>editionis</strong></span> <span class='ocrx_word' id='word_1_202' title='bbox 2073 2807 2551 2888; x_wconf 77' lang='lat' dir='ltr'><strong>Scriverianae;</strong></span> 
     </span>
     <span class='ocr_line' id='line_1_25' title="bbox 344 2903 2548 2997; baseline -0.002 -19"><span class='ocrx_word' id='word_1_203' title='bbox 344 2913 870 2997; x_wconf 81' lang='lat' dir='ltr'><strong>transcripsique</strong></span> <span class='ocrx_word' id='word_1_204' title='bbox 900 2914 1100 2980; x_wconf 90' lang='lat' dir='ltr'><strong>etiam</strong></span> <span class='ocrx_word' id='word_1_205' title='bbox 1151 2914 1534 2995; x_wconf 84' lang='lat' dir='ltr'><strong>manifesta,</strong></span> <span class='ocrx_word' id='word_1_206' title='bbox 1580 2903 1827 2997; x_wconf 85' lang='lat' dir='ltr'><strong>quibus</strong></span> <span class='ocrx_word' id='word_1_207' title='bbox 1871 2916 2106 2990; x_wconf 87' lang='lat' dir='ltr'><strong>scatet,</strong></span> <span class='ocrx_word' id='word_1_208' title='bbox 2138 2910 2323 2987; x_wconf 89' lang='lat' dir='ltr'><strong>vitia,</strong></span> <span class='ocrx_word' id='word_1_209' title='bbox 2352 2915 2426 2975; x_wconf 91' lang='lat' dir='ltr'><strong>ut</strong></span> <span class='ocrx_word' id='word_1_210' title='bbox 2455 2929 2548 2974; x_wconf 83' lang='lat' dir='ltr'><strong>ex</strong></span> 
     </span>
     <span class='ocr_line' id='line_1_26' title="bbox 343 3013 2549 3101; baseline -0.002 -23"><span class='ocrx_word' id='word_1_211' title='bbox 343 3016 764 3081; x_wconf 85' lang='lat' dir='ltr'><strong>librariorum</strong></span> <span class='ocrx_word' id='word_1_212' title='bbox 794 3013 1124 3081; x_wconf 87' lang='lat' dir='ltr'><strong>erroribus</strong></span> <span class='ocrx_word' id='word_1_213' title='bbox 1162 3015 1669 3101; x_wconf 80' lang='lat' dir='ltr'><strong>depravationis</strong></span> <span class='ocrx_word' id='word_1_214' title='bbox 1715 3016 2035 3098; x_wconf 88' lang='lat' dir='ltr'><strong>originem</strong></span> <span class='ocrx_word' id='word_1_215' title='bbox 2062 3019 2128 3078; x_wconf 96' lang='lat' dir='ltr'><strong>et</strong></span> <span class='ocrx_word' id='word_1_216' title='bbox 2155 3030 2549 3098; x_wconf 88' lang='lat' dir='ltr'><strong>progressus</strong></span> 
     </span>
     <span class='ocr_line' id='line_1_27' title="bbox 344 3114 2547 3203; baseline -0.002 -21"><span class='ocrx_word' id='word_1_217' title='bbox 344 3117 584 3183; x_wconf 88' lang='lat' dir='ltr'><strong>tirones</strong></span> <span class='ocrx_word' id='word_1_218' title='bbox 629 3117 985 3183; x_wconf 87' lang='lat' dir='ltr'><strong>discerent.</strong></span> <span class='ocrx_word' id='word_1_219' title='bbox 1073 3117 1407 3195; x_wconf 88' lang='lat' dir='ltr'><strong>Ceterum,</strong></span> <span class='ocrx_word' id='word_1_220' title='bbox 1438 3120 1556 3203; x_wconf 92' lang='lat' dir='ltr'><strong>qui</strong></span> <span class='ocrx_word' id='word_1_221' title='bbox 1600 3117 1988 3201; x_wconf 89' lang='lat' dir='ltr'><strong>diligentius</strong></span> <span class='ocrx_word' id='word_1_222' title='bbox 2038 3135 2189 3181; x_wconf 91' lang='lat' dir='ltr'><strong>eam</strong></span> <span class='ocrx_word' id='word_1_223' title='bbox 2236 3114 2547 3179; x_wconf 89' lang='lat' dir='ltr'><strong>collatio·-</strong></span> 
     </span>
     <span class='ocr_line' id='line_1_28' title="bbox 344 3212 2546 3304; baseline -0.002 -21"><span class='ocrx_word' id='word_1_224' title='bbox 344 3239 490 3284; x_wconf 90' lang='lat' dir='ltr'><strong>nem</strong></span> <span class='ocrx_word' id='word_1_225' title='bbox 518 3220 1032 3303; x_wconf 87' lang='lat' dir='ltr'><strong>comparaverit,</strong></span> <span class='ocrx_word' id='word_1_226' title='bbox 1062 3223 1326 3285; x_wconf 90' lang='lat' dir='ltr'><strong>omnino</strong></span> <span class='ocrx_word' id='word_1_227' title='bbox 1369 3221 1604 3304; x_wconf 85' lang='lat' dir='ltr'><strong>parum</strong></span> <span class='ocrx_word' id='word_1_228' title='bbox 1637 3227 1954 3286; x_wconf 89' lang='lat' dir='ltr'><strong>accurate</strong></span> <span class='ocrx_word' id='word_1_229' title='bbox 1997 3217 2360 3294; x_wconf 88' lang='lat' dir='ltr'><strong>librarium,</strong></span> <span class='ocrx_word' id='word_1_230' title='bbox 2395 3212 2546 3299; x_wconf 84' lang='lat' dir='ltr'><strong>qu&#39;i-</strong></span> 
     </span>
     <span class='ocr_line' id='line_1_29' title="bbox 348 3319 2544 3404; baseline -0.002 -20"><span class='ocrx_word' id='word_1_231' title='bbox 348 3340 631 3404; x_wconf 90' lang='lat' dir='ltr'><strong>cumque</strong></span> <span class='ocrx_word' id='word_1_232' title='bbox 662 3322 776 3387; x_wconf 90' lang='lat' dir='ltr'><strong>ille</strong></span> <span class='ocrx_word' id='word_1_233' title='bbox 793 3320 1018 3398; x_wconf 87' lang='lat' dir='ltr'><strong>fuerit,</strong></span> <span class='ocrx_word' id='word_1_234' title='bbox 1037 3322 1105 3385; x_wconf 93' lang='lat' dir='ltr'><strong>in</strong></span> <span class='ocrx_word' id='word_1_235' title='bbox 1135 3323 1404 3404; x_wconf 86' lang='lat' dir='ltr'><strong>negotio</strong></span> <span class='ocrx_word' id='word_1_236' title='bbox 1422 3330 1765 3389; x_wconf 89' lang='lat' dir='ltr'><strong>versatum</strong></span> <span class='ocrx_word' id='word_1_237' title='bbox 1795 3322 2030 3399; x_wconf 78' lang='lat' dir='ltr'><strong>fuisse,</strong></span> <span class='ocrx_word' id='word_1_238' title='bbox 2053 3319 2285 3385; x_wconf 88' lang='lat' dir='ltr'><strong>multis</strong></span> <span class='ocrx_word' id='word_1_239' title='bbox 2317 3326 2544 3383; x_wconf 90' lang='lat' dir='ltr'><strong>tamen</strong></span> 
     </span>
     <span class='ocr_line' id='line_1_30' title="bbox 345 3421 2551 3506; baseline -0.001 -19"><span class='ocrx_word' id='word_1_240' title='bbox 345 3423 516 3488; x_wconf 89' lang='lat' dir='ltr'><strong>locis</strong></span> <span class='ocrx_word' id='word_1_241' title='bbox 549 3423 948 3506; x_wconf 89' lang='lat' dir='ltr'><strong>optimorum</strong></span> <span class='ocrx_word' id='word_1_242' title='bbox 990 3423 1188 3490; x_wconf 91' lang='lat' dir='ltr'><strong>codd.</strong></span> <span class='ocrx_word' id='word_1_243' title='bbox 1232 3425 1582 3489; x_wconf 90' lang='lat' dir='ltr'><strong>lectionem</strong></span> <span class='ocrx_word' id='word_1_244' title='bbox 1628 3426 1763 3489; x_wconf 94' lang='lat' dir='ltr'><strong>isto</strong></span> <span class='ocrx_word' id='word_1_245' title='bbox 1811 3423 2214 3499; x_wconf 86' lang='lat' dir='ltr'><strong>confirmari,</strong></span> <span class='ocrx_word' id='word_1_246' title='bbox 2258 3421 2551 3486; x_wconf 91' lang='lat' dir='ltr'><strong>nonnul-</strong></span> 
     </span>
     <span class='ocr_line' id='line_1_31' title="bbox 347 3521 2547 3609; baseline -0.001 -21"><span class='ocrx_word' id='word_1_247' title='bbox 347 3524 432 3589; x_wconf 90' lang='lat' dir='ltr'><strong>lis</strong></span> <span class='ocrx_word' id='word_1_248' title='bbox 479 3524 881 3607; x_wconf 85' lang='lat' dir='ltr'><strong>singularem</strong></span> <span class='ocrx_word' id='word_1_249' title='bbox 930 3543 1193 3608; x_wconf 91' lang='lat' dir='ltr'><strong>quoque</strong></span> <span class='ocrx_word' id='word_1_250' title='bbox 1244 3545 1456 3608; x_wconf 89' lang='lat' dir='ltr'><strong>neque</strong></span> <span class='ocrx_word' id='word_1_251' title='bbox 1512 3526 1818 3609; x_wconf 72' lang='lat' dir='ltr'><strong>ineptam&#39;</strong></span> <span class='ocrx_word' id='word_1_252' title='bbox 1858 3525 2189 3601; x_wconf 84' lang='lat' dir='ltr'><strong>exhiberi,</strong></span> <span class='ocrx_word' id='word_1_253' title='bbox 2245 3521 2547 3588; x_wconf 87' lang='lat' dir='ltr'><strong>animad-</strong></span> 
     </span>
     <span class='ocr_line' id='line_1_32' title="bbox 351 3632 1894 3691; baseline 0 -1"><span class='ocrx_word' id='word_1_254' title='bbox 351 3632 576 3691; x_wconf 85' lang='lat' dir='ltr'><strong>vertet.</strong></span> <span class='ocrx_word' id='word_1_255' title='bbox 1891 3645 1894 3648; x_wconf 73' lang='grc'>’</span> 
     </span>
     <span class='ocr_line' id='line_1_33' title="bbox 437 3726 2549 3813; baseline -0 -23"><span class='ocrx_word' id='word_1_256' title='bbox 437 3727 816 3793; x_wconf 88' lang='lat' dir='ltr'><strong>Dicendum</strong></span> <span class='ocrx_word' id='word_1_257' title='bbox 837 3728 981 3812; x_wconf 89' lang='lat' dir='ltr'><strong>jam</strong></span> <span class='ocrx_word' id='word_1_258' title='bbox 1014 3728 1097 3792; x_wconf 96' lang='lat' dir='ltr'><strong>de</strong></span> <span class='ocrx_word' id='word_1_259' title='bbox 1126 3730 1632 3808; x_wconf 68' lang='lat' dir='ltr'><strong>commentario,</strong></span> <span class='ocrx_word' id='word_1_260' title='bbox 1658 3749 1855 3813; x_wconf 88' lang='lat' dir='ltr'><strong>quem</strong></span> <span class='ocrx_word' id='word_1_261' title='bbox 1899 3728 2069 3793; x_wconf 89' lang='lat' dir='ltr'><strong>fines</strong></span> <span class='ocrx_word' id='word_1_262' title='bbox 2100 3733 2301 3790; x_wconf 87' lang='lat' dir='ltr'><strong>antea</strong></span> <span class='ocrx_word' id='word_1_263' title='bbox 2339 3726 2549 3809; x_wconf 89' lang='lat' dir='ltr'><strong>scrip-</strong></span> 
     </span>
     <span class='ocr_line' id='line_1_34' title="bbox 310 3825 2548 3925; baseline -0 -32"><span class='ocrx_word' id='word_1_264' title='bbox 310 3909 326 3925; x_wconf 43' lang='lat'><strong>·</strong></span> <span class='ocrx_word' id='word_1_265' title='bbox 357 3835 461 3893; x_wconf 89' lang='lat' dir='ltr'><strong>tos</strong></span> <span class='ocrx_word' id='word_1_266' title='bbox 488 3849 857 3912; x_wconf 85' lang='lat' dir='ltr'><strong>egressum,</strong></span> <span class='ocrx_word' id='word_1_267' title='bbox 883 3831 1032 3915; x_wconf 89' lang='lat' dir='ltr'><strong>ipse</strong></span> <span class='ocrx_word' id='word_1_268' title='bbox 1058 3849 1197 3895; x_wconf 92' lang='lat' dir='ltr'><strong>non</strong></span> <span class='ocrx_word' id='word_1_269' title='bbox 1220 3832 1485 3914; x_wconf 89' lang='lat' dir='ltr'><strong>negavi.</strong></span> <span class='ocrx_word' id='word_1_270' title='bbox 1575 3832 1734 3896; x_wconf 91' lang='lat' dir='ltr'><strong>Fuit</strong></span> <span class='ocrx_word' id='word_1_271' title='bbox 1779 3836 2006 3896; x_wconf 89' lang='lat' dir='ltr'><strong>autem</strong></span> <span class='ocrx_word' id='word_1_272' title='bbox 2036 3828 2195 3892; x_wconf 90' lang='lat' dir='ltr'><strong>mihi</strong></span> <span class='ocrx_word' id='word_1_273' title='bbox 2225 3828 2293 3891; x_wconf 91' lang='lat' dir='ltr'><strong>in</strong></span> <span class='ocrx_word' id='word_1_274' title='bbox 2318 3825 2548 3892; x_wconf 85' lang='lat' dir='ltr'><strong>elabo-</strong></span> 
     </span>
     <span class='ocr_line' id='line_1_35' title="bbox 354 3926 2546 4019; baseline -0.001 -26"><span class='ocrx_word' id='word_1_275' title='bbox 354 3926 556 3996; x_wconf 82' lang='lat' dir='ltr'><strong>rando</strong></span> <span class='ocrx_word' id='word_1_276' title='bbox 586 3952 667 3996; x_wconf 87' lang='lat' dir='ltr'><strong>eo</strong></span> <span class='ocrx_word' id='word_1_277' title='bbox 700 3933 1059 3997; x_wconf 88' lang='lat' dir='ltr'><strong>consilium</strong></span> <span class='ocrx_word' id='word_1_278' title='bbox 1102 3934 1255 4011; x_wconf 92' lang='lat' dir='ltr'><strong>hoc,</strong></span> <span class='ocrx_word' id='word_1_279' title='bbox 1285 3941 1362 3998; x_wconf 91' lang='lat' dir='ltr'><strong>ut</strong></span> <span class='ocrx_word' id='word_1_280' title='bbox 1395 3935 1703 4019; x_wconf 72' lang='lat' dir='ltr'><strong>Juvenes,</strong></span> <span class='ocrx_word' id='word_1_281' title='bbox 1737 3951 2019 4016; x_wconf 90' lang='lat' dir='ltr'><strong>quorum</strong></span> <span class='ocrx_word' id='word_1_282' title='bbox 2063 3929 2546 3995; x_wconf 88' lang='lat' dir='ltr'><strong>institutionem</strong></span> 
     </span>
     <span class='ocr_line' id='line_1_36' title="bbox 358 4032 2551 4118; baseline -0 -23"><span class='ocrx_word' id='word_1_283' title='bbox 358 4032 937 4116; x_wconf 78' lang='lat' dir='ltr'><strong>maxime-spectat</strong></span> <span class='ocrx_word' id='word_1_284' title='bbox 966 4053 1165 4117; x_wconf 88' lang='lat' dir='ltr'><strong>opus,</strong></span> <span class='ocrx_word' id='word_1_285' title='bbox 1193 4040 1262 4099; x_wconf 91' lang='lat' dir='ltr'><strong>et</strong></span> <span class='ocrx_word' id='word_1_286' title='bbox 1287 4041 1771 4118; x_wconf 83' lang='lat' dir='ltr'><strong>&#39;cognoscerent</strong></span> <span class='ocrx_word' id='word_1_287' title='bbox 1798 4032 2033 4110; x_wconf 78' lang='lat' dir='ltr'><strong>fonteS,</strong></span> <span class='ocrx_word' id='word_1_288' title='bbox 2063 4053 2102 4097; x_wconf 99' lang='lat' dir='ltr'><strong>e</strong></span> <span class='ocrx_word' id='word_1_289' title='bbox 2134 4032 2380 4117; x_wconf 90' lang='lat' dir='ltr'><strong>quibus</strong></span> <span class='ocrx_word' id='word_1_290' title='bbox 2413 4032 2551 4096; x_wconf 85' lang='lat' dir='ltr'><strong>sin-</strong></span> 
     </span>
     <span class='ocr_line' id='line_1_37' title="bbox 362 4133 2549 4220; baseline -0 -24"><span class='ocrx_word' id='word_1_291' title='bbox 362 4135 529 4214; x_wconf 86' lang='lat' dir='ltr'><strong>gulae</strong></span> <span class='ocrx_word' id='word_1_292' title='bbox 562 4142 789 4219; x_wconf 88' lang='lat' dir='ltr'><strong>partes</strong></span> <span class='ocrx_word' id='word_1_293' title='bbox 819 4136 1141 4213; x_wconf 76' lang='lat' dir='ltr'><strong>historiae,</strong></span> <span class='ocrx_word' id='word_1_294' title='bbox 1171 4156 1372 4220; x_wconf 89' lang='lat' dir='ltr'><strong>quam</strong></span> <span class='ocrx_word' id='word_1_295' title='bbox 1403 4143 1653 4204; x_wconf 89' lang='lat' dir='ltr'><strong>tractat</strong></span> <span class='ocrx_word' id='word_1_296' title='bbox 1695 4136 2073 4214; x_wconf 78' lang='lat' dir='ltr'><strong>SuetoniuS,</strong></span> <span class='ocrx_word' id='word_1_297' title='bbox 2102 4134 2377 4198; x_wconf 89' lang='lat' dir='ltr'><strong>uberius</strong></span> <span class='ocrx_word' id='word_1_298' title='bbox 2413 4133 2549 4215; x_wconf 90' lang='lat' dir='ltr'><strong>peti</strong></span> 
     </span>
     <span class='ocr_line' id='line_1_38' title="bbox 362 4235 2613 4323; baseline 0.001 -23"><span class='ocrx_word' id='word_1_299' title='bbox 362 4243 655 4317; x_wconf 87' lang='lat' dir='ltr'><strong>possunt,</strong></span> <span class='ocrx_word' id='word_1_300' title='bbox 685 4243 752 4300; x_wconf 90' lang='lat' dir='ltr'><strong>et</strong></span> <span class='ocrx_word' id='word_1_301' title='bbox 797 4238 862 4318; x_wconf 81' lang='lat' dir='ltr'><strong>in</strong></span> <span class='ocrx_word' id='word_1_302' title='bbox 908 4238 1055 4320; x_wconf 88' lang='lat' dir='ltr'><strong>ipsa</strong></span> <span class='ocrx_word' id='word_1_303' title='bbox 1098 4240 1384 4304; x_wconf 86' lang='lat' dir='ltr'><strong>lectione</strong></span> <span class='ocrx_word' id='word_1_304' title='bbox 1413 4240 1519 4304; x_wconf 92' lang='lat' dir='ltr'><strong>vel</strong></span> <span class='ocrx_word' id='word_1_305' title='bbox 1567 4240 1856 4323; x_wconf 83' lang='lat' dir='ltr'><strong>privata,</strong></span> <span class='ocrx_word' id='word_1_306' title='bbox 1886 4238 1992 4302; x_wconf 91' lang='lat' dir='ltr'><strong>vel</strong></span> <span class='ocrx_word' id='word_1_307' title='bbox 2038 4235 2336 4319; x_wconf 88' lang='lat' dir='ltr'><strong>publica,</strong></span> <span class='ocrx_word' id='word_1_308' title='bbox 2367 4252 2549 4299; x_wconf 88' lang='lat' dir='ltr'><strong>com·</strong></span> <span class='ocrx_word' id='word_1_309' title='bbox 2609 4297 2613 4302; x_wconf 79' lang='grc'><strong>.</strong></span> 
     </span>
    </p>
   </div>
  </div>
 </body>
</html>
