3019 4922
497 416 649 498 ‚246
1376 423 1440 470 c.
1484 419 1838 469 sus'romr

523 581 760 645 darent
782 578 891 657 34⁰¹
933 555 1285 657 adjuravit,
1328 569 1389 633 si
1432 567 1828 652 cujusquam
1855 567 2151 651 neptium
2199 587 2471 635 suarum
2516 567 2696 636 com-'

518 687 779 767 peteret
805 683 1019 754 aetas:
1061 673 1434 740 oblaturum
1486 691 1561 736 se
1603 671 1816 736 fuisse
1859 689 2028 735 eam.
2116 670 2456 737 Nonnulla
2496 673 2700 739 etiam

512 799 617 848 ex
647 781 937 865 antiquis
967 775 1387 854 caerimoniiS‚
1417 775 1739 860 paulatim
1770 773 2074 857 abolita,⁵
2102 776 2430 842 restituit:
2476 784 2554 842 ut
2575 777 2703 842 Sa-

516 887 678 952 lutis
708 883 1121 968 augurium),
1136 880 1335 947 Diale
1353 878 1742 957 flaminium,
1763 897 2028 943 sacrum
2059 879 2479 964 Lupercale,t
2504 879 2702 947 ludos

520 988 908 1055 Saeculares
927 995 955 1023 ⁸¹
984 993 1053 1051 et
1076 982 1642 1069 Compitalicios.v
1702 982 2186 1066 Lupercalibus
2204 987 2417 1051 vetuit
2440 1006 2701 1053 currere

522 1091 887 1156 imberbes:
919 1090 1098 1167 item,
1122 1087 1577 1153 Saecularibus
1603 1086 1784 1151 ludis
1801 1085 2090 1171 juvenes
2114 1088 2462 1172 utriusque
2490 1110 2703 1156 sexus

524 1191 868 1276 prohibuit
896 1189 1104 1257 ullum
1142 1193 1533 1256 nocturnum
1579 1189 2039 1274 spectaculum
2075 1189 2517 1275 frequentare,
2566 1194 2703 1258 nisi

1432 1353 1788 1375 enmuveoe

446 1509 455 1514 -
520 1471 668 1523 Torr.
690 1472 921 1522 Harlem.
940 1470 1075 1522 Edd.
1100 1472 1247 1522 Rom.
1268 1471 1414 1523 Med.
1438 1472 1588 1523 Cald.
1608 1479 1664 1523 et
1685 1473 1863 1523 multae
1881 1472 2111 1523 alim—4
2136 1473 2295 1523 Daret
2314 1473 2461 1524 Huls.
2488 1474 2708 1540 Lougol.

520 1537 858 1599 probantibus
893 1537 1030 1587 Oud.
1068 1545 1125 1586 et
1161 1535 1415 1586 wolfi-5
1448 1537 1697 1588 Amboleta
1736 1539 1969 1589 Harlem.
2035 1537 2181 1588 Infra
2215 1539 2516 1588 Flamonium
2554 1541 2705 1592 Huls.

521 1601 716 1654 Medic.
732 1601 853 1653 duo.
885 1602 1182 1652 Flanoenium
1200 1602 1328 1667 Cup.
1351 1601 1450 1652 Ed.
1472 1603 1621 1653 Rom.
1644 1617 1725 1668 pr.
1746 1618 1864 1654 cum
1891 1604 2104 1653 Memm.
2130 1603 2218 1669 qui
2240 1613 2294 1655 et
2316 1607 2707 1669 &spectaculum

1505 1766 1722 1819 NOTAE

518 1864 659 1914 inter
677 1864 987 1929 capiendum
1011 1880 1040 1914 a
1056 1864 1299 1930 pontifice
1320 1878 1459 1916 max.
1481 1880 1573 1931 ap·

517 1942 761 2004 pellatur,
799 1942 1038 2007 quoniam
1073 1958 1187 2009 quae
1224 1943 1389 2007 prima
1420 1952 1575 2008 capta

500 2024 620 2083 ⁴·est,
640 2020 736 2068 hoc
755 2017 913 2068 fuisse
935 2021 1138 2069 nomine
1154 2020 1401 2070 traditum
1427 2020 1540 2070 est.’

584 2102 610 2136 (Ι
644 2096 704 2144 In
738 2100 911 2145 sortem
947 2096 1140 2159 darent]
1173 2096 1371 2146 Gellius
1415 2096 1507 2146 lib.
1533 2112 1572 2147 r.

498 2174 667 2221 *c.l2.
703 2171 887 2221 scribit
920 2172 1087 2236 Papia
1118 2173 1236 2235 lege
1258 2178 1466 2222 cautum
1492 2171 1572 2222 fu-

516 2247 633 2310 isse,
680 2254 739 2298 ut
778 2247 1035 2312 pontificis
1073 2249 1277 2298 maximi
1317 2249 1573 2300 arbitratu

513 2323 745 2387 virgines
798 2340 828 2374 e
880 2326 1067 2389 populo
1121 2330 1204 2375 20.
1258 2327 1575 2393 legerentur,

518 2413 647 2466 quas
668 2398 805 2450 inter
826 2399 977 2451 fieret
1000 2402 1254 2467 ejusmodi
1287 2404 1506 2454 sortitio.

584 2487 604 2512 Υ
635 2481 800 2546 AEtas]
837 2482 958 2532 Non
982 2483 1152 2532 minor
1188 2497 1297 2545 sex,
1335 2498 1430 2534 nec
1464 2498 1571 2534 ma·

512 2554 601 2619 jor
635 2556 815 2607 decem
839 2558 1006 2621 annis,
1030 2574 1145 2624 quse
1178 2559 1398 2624 patrima
1433 2558 1573 2611 foret

517 2639 574 2683 et
594 2635 850 2699 matrima,
872 2638 971 2685 διο.
994 2635 1197 2686 Gellius
1218 2636 1344 2687 ibid.

583 2717 602 2742 ⁸
636 2711 823 2762 Salutis
841 2712 1118 2778 augurium]
1141 2711 1435 2777 Triumphis
1454 2714 1574 2781 per-

521 2785 672 2849 actis,
726 2802 828 2852 quo
875 2794 1111 2852 tempore
1159 2788 1349 2840 Janum
1385 2790 1576 2840 clausit

517 2861 804 2930 Augustus,
841 2865 1033 2915 Salutis
1071 2878 1274 2930 quoque
1310 2866 1577 2916 revocavit

517 2941 806 3004 augurium.
873 2943 957 2991 De
978 2941 1114 2993 Jano
1155 2941 1397 3007 quidnam
1434 2938 1576 2992 foret

519 3031 637 3082 cap.
660 3023 742 3070 22.
762 3026 818 3068 et
840 3027 963 3069 nota
998 3034 1080 3069 res
1104 3018 1362 3083 omnibus,
1384 3018 1450 3069 de
1480 3020 1577 3070 Sa-

517 3091 642 3141 lutis
661 3095 871 3157 augurio
892 3108 992 3143 non
1027 3094 1172 3145 item.
1236 3095 1356 3145 Hoc
1380 3101 1575 3159 autem,

519 3173 580 3217 ut
613 3183 678 3218 ex
703 3169 888 3219 Dionis
924 3170 1014 3221 lib.
1044 3184 1271 3222 xxxvii.
1296 3173 1575 3236 colligitur,

517 3242 847 3295 divinationis
867 3245 1123 3311 quoddam
1141 3238 1302 3310 genus
1318 3253 1453 3308 erat,
1473 3262 1576 3312 quo

518 3320 860 3384 probabatur,
898 3323 1317 3373 concederentne
1340 3324 1441 3388 ipsi
1464 3324 1576 3383 Dii,

410 3458 413 3459 ⁷
517 3401 577 3445 ut
599 3395 749 3445 Salus
785 3398 980 3462 populo
1019 3398 1250 3449 Romano
1290 3403 1576 3465 postulare·

518 3477 621 3532 tur,
660 3474 808 3540 quasi
844 3474 989 3526 nefas
1025 3476 1210 3528 fuisset
1251 3493 1384 3541 eam,
1406 3481 1574 3545 prius-

516 3565 670 3623 quam
717 3553 932 3615 petendi
977 3555 1129 3604 venia
1149 3602 1153 3605 ,
1177 3555 1575 3620 concederetur,

517 3629 798 3692 postulare.
866 3631 1175 3682 Destinatus
1200 3633 1264 3682 ad
1288 3632 1338 3684 id
1360 3634 1575 3698 singulis

516 3704 660 3772 annis
693 3703 822 3770 dies,
844 3706 908 3755 ad
945 3721 1099 3773 quem
1121 3710 1292 3759 nullus
1312 3711 1577 3760 exercitus

512 3782 579 3832 ad
608 3784 797 3835 bellum
821 3786 1108 3851 profectus,
1142 3789 1301 3839 hostis
1322 3790 1492 3839 nullus
1522 3791 1576 3840 in

518 3859 674 3909 armis
706 3871 862 3927 esset,
907 3870 998 3914 aut
1040 3872 1330 3929 pugnatum
1371 3865 1576 3927 fuisset,

517 3948 836 4002 quapropter
860 3939 982 3991 belli
1011 3942 1332 4007 temporibus
1363 3957 1466 3993 non
1491 3957 1578 3994 ce-

513 4007 832 4064 lebrabatur.

515 4160 551 4212 J
577 4086 829 4214 ‘1811ch
850 4090 1130 4158 Lupercale]
1184 4095 1271 4145 De
1294 4095 1487 4161 Luper.
1521 4097 1577 4147 in

556 4177 585 4210 u
612 4197 626 4212 .
646 4178 694 4213 c.
785 4200 800 4216 .

542 4234 547 4239 ’
583 4246 617 4313 '¹‘
638 4238 797 4289 Ludos
833 4240 1117 4309 Seculares]
1166 4245 1253 4298 Sic
1274 4247 1401 4299 dicti
1438 4256 1577 4313 sunt,

519 4314 657 4379 quod
685 4329 989 4383 unoquoque
1020 4324 1210 4373 saeculo
1228 4323 1434 4391 fierent,
1455 4342 1576 4378 cen-

1654 1867 1837 1917 tesimo
1859 1865 2079 1929 scilice-t,
2115 1866 2195 1915 vel
2218 1864 2414 1916 decimo
2442 1870 2497 1915 et
2527 1869 2709 1915 cente-

1654 1941 1782 1991 simo
1817 1956 1970 2003 anno,
2002 1956 2120 1990 nam
2162 1940 2333 1991 adbuc
2367 1941 2710 1991 Grammatici

1653 2025 1874 2080 certant,
1895 2032 1961 2067 ex
1983 2018 2226 2068 instituto
2246 2017 2440 2067 Valerii
2464 2017 2710 2067 Publico-

1653 2095 1735 2153 lae,
1775 2096 1840 2145 ad
1881 2094 2199 2145 liberandam
2244 2095 2545 2160 pestilentia
2582 2095 2708 2145 civi-

1654 2179 1832 2235 tatem,
1871 2173 2004 2222 illius
2042 2173 2281 2237 exemplo
2309 2172 2526 2233 valesii,
2558 2172 2710 2235 cujus

1652 2248 1745 2298 filii
1778 2249 2085 2300 caerimoniis
2129 2250 2310 2300 iisdem
2355 2256 2502 2314 peste
2543 2249 2713 2298 sanati

1653 2325 1979 2394 dicebantur,
2012 2325 2078 2375 de
2113 2340 2216 2391 quo
2235 2326 2411 2375 Valet.
2438 2325 2583 2375 Max.
2618 2325 2710 2375 lib.

1653 2415 1717 2451 ιι.
1740 2417 1853 2467 cap.
1881 2408 1928 2453 1.
1996 2402 2195 2452 Horum
2230 2402 2370 2452 inter
2407 2402 2535 2451 alios
2576 2401 2707 2451 ritus

1651 2480 1735 2530 bic
1758 2486 1893 2546 erat,
1935 2488 1992 2530 ut
2029 2481 2333 2545 spectacula
2368 2480 2531 2529 multa
2551 2486 2608 2530 et
2631 2493 2711 2529 sa-

1654 2556 1846 2608 crificia
1870 2557 2032 2608 tribus
2055 2557 2236 2607 diebus
2248 2556 2568 2621 totidemque
2585 2570 2712 2607 noc·

1655 2635 1793 2685 tibus
1816 2633 2021 2697 fierent,
2042 2649 2102 2684 ac
2125 2634 2414 2700 praesertim
2440 2632 2589 2698 pueri
2619 2647 2715 2697 pu·

1654 2711 1869 2776 ellaeque
1905 2710 2113 2775 ingenui
2153 2708 2382 2760 carmina
2403 2715 2458 2759 et
2489 2709 2710 2758 Paeanas

1656 2788 1974 2849 accinerent,
2012 2786 2199 2852 quibus
2248 2786 2451 2851 imperii
2489 2784 2711 2835 Romani

1654 2864 1955 2929 perennitas
1988 2864 2102 2913 Diis
2151 2861 2527 2912 immortalibus
2572 2874 2712 2911 com-

1655 2939 2012 2991 mendabatur.
2080 2939 2245 2989 Extat
2275 2936 2411 3002 apud
2435 2936 2710 2987 Horatium

1655 3018 1707 3067 in
1719 3016 1821 3067 fine
1830 3017 2049 3082 Epodon
2064 3015 2326 3066 Saeculare
2338 3014 2557 3064 Carmen
2568 3010 2712 3077 quod

1655 3093 1733 3144 his
1765 3093 1903 3144 ludis
1938 3092 2237 3157 scripserat,
2278 3105 2411 3140 anno
2448 3089 2514 3138 ab
2553 3089 2623 3138 U.
2648 3087 2709 3137 C.

1654 3173 1769 3220 736.
1833 3168 1967 3220 Vide
2005 3175 2062 3218 et
2101 3168 2155 3218 in
2175 3168 2360 3219 Claud.
2392 3169 2536 3218 ο.21.
2569 3171 2626 3215 et
2658 3165 2712 3215 in

1658 3249 1862 3299 Domit.
1885 3264 1932 3300 c.
1948 3250 2000 3299 4.

1720 3331 1743 3357 V
1779 3322 2154 3389 Compitalicios]
2190 3322 2263 3372 Hi
2288 3321 2508 3373 Laribus
2528 3332 2713 3370 conse-

1656 3401 1809 3464 crati,
1832 3407 2016 3464 utpote
2036 3414 2253 3465 quorum
2277 3399 2456 3449 tutelae
2479 3395 2714 3447 commis-

1655 3492 1713 3527 sa
1766 3478 1907 3528 urbis
1954 3477 2202 3543 compita.
2270 3475 2429 3527 Ovid.
2471 3475 2616 3525 Fast.
2652 3486 2716 3522 ιι.

1655 3552 1797 3606 ‘Qui
1841 3554 2072 3619 compita
2116 3559 2350 3614 servant,
2384 3553 2455 3602 Et
2494 3550 2715 3614 vigilant

1657 3638 1836 3679 nostra
1856 3643 2063 3694 semper
2085 3628 2136 3678 in
2160 3628 2287 3677 urbe
2312 3625 2509 3677 Lares!
2554 3625 2715 3681 Plau-

1659 3716 1743 3760 tus
1765 3711 1817 3760 in
1839 3711 2136 3761 Mercatore
2161 3707 2286 3758 Act.
2306 3723 2361 3758 v.
2376 3709 2464 3758 Sc.
2486 3711 2536 3756 2.
2568 3706 2585 3734 ⁶
2604 3706 2713 3755 Vos

1655 3790 1817 3840 Lares
1834 3789 1993 3839 viales
2017 3794 2076 3838 ut
2097 3801 2179 3837 me
2212 3786 2345 3837 bene
2360 3782 2598 3850 juvetis.’
2664 3782 2717 3833 A

1657 3854 1839 3915 Servio
1877 3864 2045 3915 Tullio
2093 3860 2252 3916 Rom.
2305 3878 2430 3928 rege
2471 3864 2718 3913 instituta

1659 3941 1990 4005 Compitalia,
2038 3940 2279 4007 quoniam
2321 3940 2531 3990 Larium
2577 3938 2714 3989 filius

1657 4017 2072 4068 existimabatur.
2140 4018 2225 4067 De
2247 4031 2349 4082 quo
2390 4017 2589 4066 Plinius
2623 4014 2714 4065 lib.

1658 4107 1865 4147 xxxvr.
1903 4097 2123 4158 cap.2·7.
2157 4100 2214 4144 et
2248 4093 2533 4156 Dionysius
2565 4091 2714 4143 Hali-

1657 4185 1962 4223 carnasseus
2002 4170 2092 4220 lib.
2133 4184 2210 4220 iv.
2265 4169 2351 4234 qui
2398 4167 2624 4219 nonnihil
2679 4181 2714 4215 a

1659 4250 1805 4299 Livio
1824 4248 1915 4298 lib.
1946 4262 2011 4297 ιι.
2043 4262 2203 4311 super
2226 4246 2321 4297 hac
2354 4245 2525 4296 Servii
2556 4240 2709 4295 Tullii

1658 4324 1854 4390 origiue
1872 4321 2132 4374 differunt.
