3019 4922
1229 360 1317 409 Ju
1335 362 1398 408 m
1414 361 1525 410 us.
2388 349 2477 414 99
2508 343 2525 352 ’

284 504 623 571 haberent.
710 504 1099 589 Omnesque
1128 506 1526 572 medicinam
1560 506 1799 575 Romae
1830 509 2198 596 professoS,
2241 519 2356 578 et⁹
2395 514 2477 579 li·-

285 609 605 675 beralium
639 610 872 676 artium
901 609 1238 688 doctoreS,
1263 632 1401 695 quo
1425 611 1737 678 libentius
1763 621 1830 679 et
1859 615 1994 698 ipsi
2020 614 2267 680 Urbem
2296 617 2478 682 inco-

284 712 513 792 lerent,
545 719 619 777 et
651 714 852 778 ceteri
883 723 1302 798 appeterent,
1334 716 1606 781 civitate
1639 717 1936 784 donavit.
2026 719 2135 783 De
2165 721 2477 803 pecuniis

282 817 558 896 mutuiS,
591 815 881 902 disjecta
904 825 958 856 ¹0
986 833 1311 882 novarum
1339 819 1709 884 tabularum
1734 828 1759 854 ⁸
1791 822 2295 904 expectatione,
2324 843 2477 908 quae

288 921 514 985 crebro
549 920 973 999 movebatur,
1005 921 1303 986 decrevit
1328 922 1617 1000 tandem,
1662 929 1736 986 ut
1765 922 2139 989 debitores¹
2196 927 2483 992 credito-

284 1012 468 1090 ribus'
491 1022 967 1090 satisfacerent
996 1044 1115 1108 per
1145 1025 1660 1089 aestimationem
1691 1028 2223 1108 possessionum,
2246 1030 2479 1113 quanti

286 1146 585 1213 quasque
629 1132 789 1191 ante
835 1127 1032 1192 civile
1077 1125 1371 1192 bellumb
1415 1119 1947 1212 comparassent,
1979 1127 2265 1195 deducto
2296 1152 2477 1196 sum-

288 1249 405 1294 mae
426 1237 451 1266 ²
485 1230 648 1295 aeris
679 1229 902 1307 alieni,
925 1230 984 1293 si
1015 1229 1176 1313 quid
1209 1249 1434 1294 usurae
1462 1230 1727 1294 nomine
1744 1239 2161 1316 numeratum
2191 1239 2303 1297 aut
2331 1256 2481 1320 per-

291 1333 619 1416 scriptum
644 1339 663 1379 ³
690 1339 714 1368 ‘²
739 1331 1013 1398 fuisset:
1046 1354 1183 1417 qua
1213 1333 1592 1398 conditione
1622 1342 1863 1417 quarta
1893 1353 2054 1417 pars
2075 1331 2104 1369 ‘¹
2134 1334 2265 1399 fere
2283 1343 2315 1384 4
2344 1357 2481 1404 ore-

346 1536 365 1561 e
399 1529 548 1586 Quod
567 1533 633 1581 ud
648 1531 871 1596 pecunias
891 1537 1079 1582 mutuas
1097 1531 1290 1594 attinet,
1317 1533 1505 1583 ademta
1539 1548 1621 1597 spe
1650 1531 1941 1583 remissionis
1959 1532 2220 1582 debitorum
2237 1547 2342 1596 quoe
2361 1545 2485 1594 sepe

287 1595 604 1657 excitabatur,
635 1598 807 1648 ualuit
844 1599 1026 1647 demum
1049 1603 1103 1647 ut
1123 1597 1356 1648 debitores
1388 1600 1618 1649 solt-erem
1639 1598 1798 1648 debita
1831 1598 2157 1660 creditoribus,
2176 1596 2319 1658 fucta
2351 1596 2486 1650 «τετί-

289 1660 484 1711 macione
509 1663 799 1723 proediorum
824 1661 971 1725 juxta
1001 1664 1207 1725 pretium
1227 1678 1316 1726 quo
1343 1664 1533 1725 singula
1553 1668 1678 1713 emta
1687 1662 1888 1723 fuerant
1909 1668 2020 1712 ante
2040 1664 2204 1713 civiles
2226 1664 2449 1712 tumultus
2461 1677 2481 1718 ‚·

289 1725 574 1776 detrahendo
593 1729 654 1776 de
673 1732 798 1777 sorte
818 1727 863 1777 si
883 1729 1065 1791 aliqtdd
1086 1730 1289 1777 solutum
1299 1728 1709 1791 fitisset,soenoris
1726 1729 1860 1787 loe-03
1890 1743 1982 1792 qim
1997 1728 2214 1793 pactione
2237 1741 2491 1792 properam.

290 1791 389 1839 dum
408 1796 590 1856 quarta
605 1807 723 1857 pars
732 1792 942 1857 pecunia
961 1793 1156 1843 creditoe
1177 1794 1496 1844 omittebatur.

1208 1933 1264 1956 00
1272 1935 1445 1959 “00“
1450 1938 1571 1960 ‘OOC

291 2037 416 2087 Ven.
439 2040 498 2087 1.
524 2037 692 2100 Lngd.
713 2037 747 2089 J
754 2044 861 2087 unt.
886 2037 1012 2103 Arg.
1037 2039 1360 2103 improbante
1381 2038 1540 2089 Wolf.
1606 2039 1774 2103 Supra
1793 2040 2031 2104 omnisque
2050 2039 2263 2090 Memm.
2282 2054 2486 2091 omnem-

289 2118 370 2166 que
393 2101 563 2152 vind.
599 2107 778 2152 1.-10
807 2103 893 2154 Sic
918 2112 1219 2154 constanter
1241 2119 1437 2163 omnes,
1460 2105 1686 2154 malebat
1710 2112 1881 2155 tamen
1899 2107 2049 2155 Torr.
2085 2104 2375 2166 ‹ideam—l
2421 2105 2487 2154 Ue

289 2167 574 2218 debitoribus
593 2174 688 2217 sat.
722 2168 908 2232 Copes.
971 2171 1100 2219 Tum
1118 2170 1513 2234 compar-avissent
1535 2170 1670 2220 Edd.
1691 2172 1839 2221 Rom.
1860 2185 1976 2220 cum
1995 2185 2095 2220 nno
2113 2170 2226 2220 cod.
2243 2170 2490 2219 Turn—2

290 2232 371 2283 Ita
387 2234 539 2284 Con-t.
562 2233 745 2282 Barth.
812 2235 875 2284 In
911 2235 1122 2300 reliquis
1148 2235 1300 2285 codd.
1337 2250 1395 2286 ac
1430 2235 1566 2285 Edd.
1606 2235 1789 2299 priscis
1811 2242 2052 2286 exaratur
2071 2237 2271 2285 deducta
2293 2249 2490 2284 aemma.

294 2299 405 2348 Urs.
428 2300 568 2361 conj.
591 2299 787 2349 &ducto
809 2300 867 2348 de
887 2314 1084 2360 samma,
1117 2307 1170 2350 et
1197 2300 1271 2351 sic
1299 2300 1461 2350 edidit
1482 2301 1665 2364 Stepb.
1690 2316 1793 2350 non
1830 2301 2149 2364 improbante
2188 2300 2364 2349 Burm-
2400 2299 2488 2364 qui

294 2371 459 2413 antem
490 2363 741 2413 delendas
760 2378 914 2414 voces
935 2380 1021 2414 oer.
1042 2366 1106 2414 al.
1128 2380 1243 2414 cum
1267 2365 1397 2415 libro
1420 2367 1566 2416 Torr.
1591 2373 1759 2430 putat.
1811 2366 1975 2416 Scriv.
1999 2364 2189 2415 deinde
2209 2365 2388 2414 mallet
2407 2365 2491 2414 de·

291 2429 423 2484 dueta
444 2444 501 2490 a,
539 2430 620 2478 vel
644 2445 669 2478 e
689 2445 891 2493 summa,
916 2430 1049 2495 quod
1075 2429 1273 2494 profert
1309 2432 1496 2483 iterum
1523 2430 1761 2482 Ouum—8
1800 2431 1936 2488 Quod
1961 2430 2290 2495 proesciiptum
2321 2429 2491 2479 Periz.

294 2494 439 2550 Harl,
464 2495 605 2544 Ven.
630 2503 753 2552 tres,
778 2494 904 2560 Arg.
932 2497 1095 2558 Lugd.
1117 2497 1265 2549 Junt.
1291 2512 1407 2547 eum
1432 2499 1578 2547 Cort.
1611 2504 1666 2547 et
1688 2497 1836 2547 Cald.
1862 2511 1922 2546 ac
1944 2498 2019 2546 ita
2039 2498 2198 2545 sentit
2220 2495 2402 2546 Zazius
2425 2495 2492 2543 de

1284 2624 1501 2676 No'rAE

294 2730 406 2774 erat
431 2730 491 2775 ut
515 2725 693 2789 plures
717 2740 749 2778 a
771 2722 1269 2776 belloavocarentur
1291 2724 1354 2773 ad
1437 2739 1499 2773 ea
1536 2739 1650 2787 quae
1695 2729 1870 2773 narrat
1911 2723 1994 2772 hic
2033 2721 2312 2772 Suetonius
2349 2694 2524 2774 facta,

298 2795 616 2866 pecuariam,
635 2817 850 2867 quorum
887 2803 1210 2854 matrimonio
1244 2816 1358 2867 pro·

298 2880 527 2931 curanda
552 2885 665 2929 erat
687 2880 827 2929 urbis
857 2879 1165 2946 frequentia.

357 2963 380 2990 ⁸
411 2957 659 3007 Novarum
683 2956 970 3022 tabularum]
1005 2957 1068 3009 Iu
1102 2972 1243 3007 more
1270 2970 1360 3021 po-

301 3032 451 3081 situm
492 3039 608 3082 erat
649 3041 706 3083 ut
747 3034 1093 3098 unusquisqne
1137 3033 1232 3085 sibi
1271 3034 1361 3084 do·

298 3108 570 3157 mesticam
611 3107 865 3158 rationem
899 3110 1063 3158 totius
1099 3110 1219 3160 vitoe
1255 3125 1362 3160 suae

301 3185 555 3235 scriberet
594 3199 690 3249 per
727 3186 954 3250 singulos
999 3187 1131 3250 dies,
1168 3187 1220 3235 in
1262 3201 1364 3251 quo

302 3268 581 3325 appareret
602 3260 724 3326 quid
751 3261 815 3311 de
858 3262 1106 3329 reditibus
1129 3262 1250 3323 suis,
1271 3259 1365 3311 foe·

211 3366 214 3369 =
301 3355 446 3403 nore,
472 3340 684 3388 lncrove
707 3340 1042 3403 seposuisset,
1061 3348 1152 3390 aut
1173 3354 1365 3404 expen-

304 3416 500 3466 disset:
523 3415 588 3465 ad
623 3418 732 3465 liaeo
756 3415 1029 3466 scribenda
1060 3415 1247 3467 tabulis
1270 3415 1364 3480 lig-

305 3494 413 3542 neis
437 3508 561 3542 cera
581 3493 723 3542 illitis
744 3493 1007 3556 utebatur,
1027 3493 1146 3541 inde
1182 3492 1197 3520 ‘
1220 3493 1368 3542 tabu-

305 3569 369 3619 1ae
390 3571 595 3633 accepti
614 3577 665 3619 et
688 3571 938 3634 expensi,’
960 3573 1059 3620 ἃς.
1093 3570 1254 3619 Novoe
1275 3569 1370 3633 igi·

307 3655 392 3694 tur
417 3644 631 3700 tabulae.
654 3644 719 3693 de
738 3646 916 3708 quibus
933 3646 1039 3709 hie,
1077 3654 1195 3694 suut
1221 3661 1293 3694 eae
1318 3647 1367 3694 in

309 3735 437 3786 quas
460 3721 683 3783 nomina,
703 3721 800 3770 lioc
826 3728 926 3782 est,
947 3737 1008 3771 ea
1030 3737 1146 3786 quae
1167 3722 1264 3771 sibi
1279 3721 1369 3770 de·

307 3800 584 3863 bebantur,
623 3798 945 3850 referebant:
981 3815 1096 3865 quae
1133 3800 1173 3848 si
1208 3799 1370 3849 deleri

311 3887 364 3927 «vt
390 3878 619 3941 expungi
645 3878 947 3953 jubeantur,
974 3884 1033 3926 ut
1055 3891 1201 3927 novae
1222 3875 1368 3938 fiant,

311 3953 452 4002 idem
492 3961 567 4003 est
614 3953 673 4003 a'o
717 3954 889 4003 omnia
934 3954 1108 4003 debita
1164 3967 1371 4016 prorsus

311 4029 527 4092 aboleri,
550 4029 685 4094 quod
709 4045 998 4095 quanquam
1034 4031 1251 4079 maxime
1288 4045 1373 4094 po·

311 4107 499 4175 palare
519 4113 674 4170 esset,
694 4107 856 4156 noluit
880 4115 1051 4157 tamen
1077 4107 1253 4156 Caesar
1281 4121 1367 4170 po·

317 4184 443 4249 pulo
470 4182 756 4234 condonare
777 4199 790 4233 ε
825 4182 891 4233 de
909 4198 1014 4248 quo
1033 4184 1252 4247 ipsemet
1276 4189 1375 4231 ter·

317 4262 392 4311 tio
418 4258 487 4309 de
508 4259 639 4311 bello
662 4261 799 4312 civili
816 4261 991 4311 statim
1018 4260 1082 4309 ab
1099 4260 1266 4323 initio,
1291 4258 1375 4309 ubi

1438 2799 1603 2850 dixit:
1639 2802 1654 2828 ⁴
1679 2800 1796 2849 Hoc
1820 2807 1875 2849 et
1900 2800 1961 2849 ad
1986 2800 2219 2850 timorem
2246 2814 2492 2850 novarum

1441 2876 1729 2927 tabularum
1744 2875 2026 2927 tollendum
2044 2875 2496 2942 minuendumque,

1440 2955 1528 3020 qui
1565 2953 1673 3004 fere
1696 2954 1834 3004 bella
1866 2960 1921 3004 et
1951 2952 2294 3004 dissensiones
2316 2954 2494 3005 civiles

1440 3033 1587 3099 sequi
1632 3032 1922 3096 consuevit,
1972 3039 2028 3082 et
2084 3031 2147 3081 ad
2204 3031 2495 3082 debitorum

1441 3109 1683 3161 tuendam
1706 3109 2140 3159 existimationem
2158 3122 2268 3159 esse
2291 3107 2499 3172 aptissi-

1442 3201 1582 3237 mum
1603 3184 1963 3237 existimavit-⁹
2025 3187 2096 3235 Et
2129 3184 2195 3234 de
2229 3185 2498 3249 perturba-

1443 3263 1671 3314 tionibus
1704 3278 1734 3312 a
1768 3263 1931 3314 Coelio
1965 3276 2121 3327 super
2152 3261 2247 3312 hae
2271 3276 2326 3311 re
2351 3261 2500 3310 motis

1445 3341 1601 3405 paulo
1625 3334 1759 3389 infra
1782 3340 1872 3390 illo
1897 3340 2078 3390 eodem
2112 3340 2201 3389 lib.
2223 3353 2308 3389 ιιι.
2330 3339 2395 3388 de
2421 3347 2497 3389 ta-

1446 3416 1581 3466 bulis
1609 3431 1734 3466 vero
1766 3417 1932 3466 adbuc
1968 3415 2099 3466 infra
2131 3417 2248 3467 Tib.
2286 3432 2400 3481 cap.
2419 3422 2500 3467 15.

1448 3507 1562 3557 qnae
1585 3492 1738 3541 etiam
1763 3493 1933 3542 omnia
1955 3493 2020 3541 de
2044 3492 2310 3542 tabulariis
2335 3493 2504 3556 publi·

1449 3569 1542 3630 cis,
1558 3567 1764 3616 nomina
1781 3567 2212 3631 describentibus,
2233 3570 2412 3618 melius
2428 3570 2504 3617 in·

1449 3644 1665 3707 telligas.
1717 3641 1872 3708 Apud
1899 3645 2040 3708 ipsos
2053 3646 2184 3694 enim
2207 3645 2506 3697 sumebatur

1448 3735 1653 3786 quoque
1693 3721 1913 3785 pecunia
1948 3728 2144 3783 mutua,
2178 3721 2506 3786 quemadmo-

1448 3799 1571 3849 dum
1601 3797 1762 3848 ferme
1786 3797 1921 3862 apud
1944 3814 2033 3849 eos
2057 3814 2182 3864 quos
2208 3799 2358 3863 vulgo
2384 3799 2400 3827 ‘
2417 3814 2506 3850 no·

1451 3873 1642 3925 tarios’
1666 3876 2005 3939 appellamus-

1514 3952 1539 3986 b
1572 3951 1697 4001 Ante
1730 3951 1869 4001 civile
1905 3949 2094 4013 bellum]
2131 3950 2333 4000 Vastati
2370 3950 2507 4013 enim

1452 4029 1543 4078 illo
1566 4028 1786 4077 durante
1819 4028 1949 4091 agri,
1985 4033 2290 4091 proventum
2325 4026 2510 4075 redde·

1451 4106 1582 4156 bant
1602 4106 1753 4169 longe
1778 4104 2028 4168 viliorem,
2044 4119 2104 4153 ac
2122 4103 2335 4167 proinde
2357 4102 2510 4165 longe

1453 4182 1666 4232 minoris
1691 4182 1929 4232 aestimati
1951 4179 2192 4230 fuissent.
2492 4230 2497 4233 ,

1521 4265 1542 4291 ⁰
1569 4259 1622 4306 N
1624 4262 1884 4308 temeratum
1899 4262 1981 4306 aut
2000 4252 2334 4318 perscriptum]
2369 4254 2385 4282 ‘
2403 4251 2512 4301 Nu,-
