3019 4922
1178 408 1609 461 -ocuvms
2383 397 2514 464 313

325 579 472 626 eum
502 557 745 622 Fulvia
780 574 983 622 socru
1021 563 1280 635 exorta,
1312 556 1573 623 dimisit
1614 557 1925 623 intactam
1960 558 2176 625 adhuc
2220 564 2288 625 et
2310 560 2513 645 'virgi-

323 683 486 728 nem.
564 659 739 726 Mox
768 659 1250 726 Scriboniamw
1303 661 1374 726 in
1437 660 1936 727 matrimonium
1977 663 2295 747 accepit,³
2348 682 2515 748 nup·

323 771 454 832 tam
495 770 654 830 ante
681 763 942 829 duobus
973 764 1506 844 consularibuS,³¹
1538 774 1610 832 et
1632 785 1723 830 ex
1749 756 1957 832 altero
1986 767 2188 832 etiam
2216 772 2516 833 matrem.

324 867 491 936 Cum
517 869 646 934 hac
676 867 875 933 etiam
895 874 927 916 ⁴
965 868 1323 937 divortium
1350 868 1556 948 secit,†
1587 876 1940 954 pertaesuS,
1966 876 2041 936 ut
2078 870 2331 947 scribit,
2375 889 2517 935 mo·

322 987 460 1038 rum
520 971 1039 1056 perversitatem
1097 971 1247 1057 ejus
1279 994 1297 1039 ε
1373 987 1463 1039 π’
1516 973 1748 1040 statim
1808 972 2071 1040 Liviam
2146 974 2513 1039 Drusillam

323 1075 742 1140 matrimonio
789 1074 1044 1141 Tiberii
1102 1075 1454 1156 Neroni&
1504 1083 1579 1143 et
1632 1076 1908 1162 quidem
1962 1083 2467 1161 praegnantem‚5
2490 1084 2518 1111 ⁸

323 1177 654 1257 abduxit,⁸
697 1177 1066 1264 dilexitque
1114 1183 1182 1244 et
1232 1180 1555 1263 probavit
1603 1181 1804 1247 unice
1858 1198 1940 1245 ac
1996 1187 2514 1265 perseveranter.

324 1279 639 1362 [63.]1Ex
667 1281 1023 1348 Scribonia
1048 1280 1097 1347 J
1099 1281 1328 1361 uliam,
1378 1302 1468 1348 ex
1511 1282 1718 1350 Livia
1756 1282 1924 1348 nihil
1953 1283 2315 1349 liberorum
2344 1281 2516 1360 tulit,

326 1404 475 1453 cum
498 1386 798 1453 maximo
839 1391 1136 1474 cuperet.
1224 1386 1481 1464 Infans,
1511 1387 1633 1473 qui
1680 1393 2062 1472 conceptus
2083 1393 2249 1467 erat,
2278 1385 2516 1452 imma-

324 1492 510 1553 turus
539 1493 643 1555 est
668 1489 911 1556 editus.
993 1488 1042 1555 J
1044 1489 1249 1554 uliam
1281 1489 1570 1573 primum
1601 1489 1957 1571 Marcello,
1983 1490 2292 1557 Octaviae
2323 1509 2516 1555 soro·
2562 1521 2571 1530 ·

324 1590 412 1655 ris
440 1611 586 1658 suae
617 1591 810 1672 filio,b
853 1597 1113 1660 tantum
1136 1594 1316 1678 quod
1335 1590 1400 1634 ⁶⁰
1442 1593 1801 1678 pueritiam
1829 1613 2125 1678 egresso,
2153 1592 2409 1672 deinde,
2435 1599 2516 1658 ut

1222 1811 1588 1834 mna-mm
1685 1837 1688 1838 γ

324 1940 545 1993 Vind.2.
569 1941 701 2007 Cop.
723 1942 866 1994 Dun.
897 1944 1145 1996 Ἴσοι-3
1180 1945 1288 1996 Pro
1307 1947 1487 2011 accepit
1511 1945 1704 1997 habent
1724 1944 1975 2010 assumpsit
2008 1942 2165 1994 Viud.
2196 1947 2247 1994 2.
2279 1941 2429 1994 Huls.
2461 1941 2515 1993 in

324 2021 422 2068 quo
448 2012 498 2058 ee
532 2022 636 2057 nou
661 2010 849 2070 legitur
872 2017 990 2060 aute
1011 2026 1074 2062 ex
1102 2012 1189 2060 alt.
1211 2018 1267 2063 et
1297 2010 1574 2063 delendum
1596 2011 1740 2062 malit
1766 2010 1906 2061 Oud.
1927 2008 2321 2061 consentientib.
2356 2008 2517 2059 Polit.

321 2072 471 2122 Voss.
495 2074 627 2137 Cop.
645 2075 899 2126 Fouc.-4
932 2076 1192 2127 Rescribit
1209 2076 1348 2128 Oud.
1517 2093 1560 2142 e,
1582 2075 1685 2127 fide
1703 2076 1903 2128 Medic.
1923 2076 2097 2138 trium,
2111 2076 2265 2125 Voss.
2281 2081 2338 2125 et
2350 2088 2515 2137 marg.

318 2138 464 2188 Torr.
486 2154 603 2190 cum
624 2140 767 2205 quib.
790 2138 991 2208 faciunt
1012 2142 1173 2193 Fouc.
1204 2143 1342 2194 Duu.
1368 2144 1490 2193 Cum
1507 2159 1603 2207 qua
1625 2142 1781 2195 vind.
1805 2147 1945 2193 1.—5
1979 2142 2289 2204 Proegnatem
2310 2139 2520 2190 volebat

320 2203 463 2267 Lips.
486 2211 543 2255 et
560 2205 634 2255 ita
656 2204 805 2255 Huls.
827 2206 1052 2271 quicum
1073 2208 1230 2259 Viud.
1258 2215 1479 2276 utroque
1516 2209 1609 2260 dat
1638 2208 1859 2259 adduxit.
1912 2209 2051 2258 Dein
2081 2223 2137 2256 ac
2194 2206 2294 2256 rob.
2317 2203 2518 2264 Medic.

319 2267 491 2319 Pulm.
512 2270 617 2320 duo
639 2276 695 2321 et
718 2272 851 2322 Edd.
883 2272 1198 2351 aliquot—6
1234 2274 1389 2325 Hanc
1417 2273 1835 2325 emendationem
1865 2273 2013 2325 Torr.
2047 2287 2143 2323 con
2183 2278 2350 2321 rmant
2383 2270 2517 2323 Mss.

322 2333 546 2386 Cnsaub.
570 2336 764 2387 Medic.
795 2342 844 2388 8.
879 2337 1037 2388 Poht.
1068 2338 1241 2391 Periz.
1273 2341 1388 2405 Cuj.
1421 2341 1593 2405 Marg.
1625 2340 1825 2404 Gryph.
1865 2338 2023 2390 Vind.
2063 2347 2305 2403 uterque,
2327 2341 2383 2386 et
2414 2333 2518 2387 Ed.

322 2398 501 2467 Stepb.
535 2402 601 2452 In
623 2402 735 2453 aliis
756 2410 814 2455 et
835 2403 972 2454 Edd.
990 2403 1139 2457 Vett.
1160 2410 1451 2472 tantumque.
1481 2406 1549 2457 In
1564 2420 1676 2468 ,uno
1695 2406 1841 2458 Torr.
1860 2410 2049 2456 tautum
2065 2406 2244 2471 puerit.
2263 2402 2386 2454 etin
2401 2400 2519 2454 Pal.

1310 2603 1534 2655 No'rAE

1459 2730 1747 2797 spondisse,
1798 2729 2023 2782 faustum
2071 2727 2363 2793 hujusmodi
2405 2741 2520 2781 esse

1459 2809 1855 2859 matrimonium.
1920 2805 2240 2858 Prudentius
2260 2811 2432 2855 autem
2446 2804 2520 2857 Α·

324 2728 414 2779 illa
461 2730 659 2789 Fulvia,
691 2737 802 2782 tum
846 2730 1071 2798 denique
1113 2730 1377 2784 Antonio:

322 2807 453 2858 hanc
488 2808 650 2869 tradit
684 2809 867 2860 Florus
902 2807 1162 2860 foeminam
1196 2808 1379 2867 fuisse.

322 2885 483 2936 virilis
525 2886 727 2936 militiae
771 2886 945 2951 gladio
986 2888 1232 2938 cinctam.
1314 2887 1380 2939 In

264 3006 269 3011 .
322 2961 427 3014 Jul.
449 2977 499 3013 c.
523 2966 603 3014 14.
625 2971 683 3013 et
705 2965 786 3014 1⁶.

384 3046 408 3072 v
438 3039 717 3104 Smne]
748 3040 922 3105 Hujus
944 3054 1156 3092 causam
1183 3041 1378 3094 obscoe·

321 3131 438 3167 nam
461 3115 623 3168 fuisse
644 3118 855 3182 colligas
877 3132 944 3169 ex
966 3119 1133 3171 veteri
1154 3119 1380 3187 Augusti

321 3194 712 3259 epigrammate.

384 3279 417 3304 v
450 3271 772 3337 Scriboniam]
818 3273 900 3324 Ex
927 3272 1273 3326 illustrissima
1293 3277 1379 3328 Li·

322 3350 510 3400 bouum
533 3349 749 3413 familia,
765 3351 877 3416 ejus
902 3352 961 3402 1..
980 3352 1237 3402 Scribonii
1256 3352 1378 3410 filia,

324 3427 410 3492 qui
430 3428 487 3478 S.
509 3428 749 3492 Pompeii
771 3443 918 3479 socer
938 3436 1074 3493 erat,
1106 3443 1171 3478 ex
1192 3428 1381 3483 Dione.

320 3504 608 3555 Scriboniae
630 3503 693 3557 fit
710 3505 935 3556 mentio:
961 3504 1249 3556 Grammat.
1264 3520 1381 3571 cap.

323 3584 403 3631 19.

385 3667 411 3693 ¹
446 3659 645 3710 Duobus
678 3658 1023 3724 casularibus]
1071 3658 1271 3709 Horum
1310 3658 1382 3709 al-

320 3742 491 3787 terum
524 3737 819 3802 Scipionem
846 3735 1025 3794 fnisse,
1058 3735 1215 3787 facile
1238 3735 1382 3787 colli·
1408 3749 1415 3755 ⁴

324 3829 449 3878 gere
473 3821 558 3864 est
578 3830 645 3865 ex
671 3815 936 3879 Propertii
971 3814 1158 3879 Elegia
1184 3818 1266 3865 12.
1306 3814 1381 3863 al-

322 3901 494 3943 terum
518 3893 686 3945 adhuc
722 3907 955 3960 querere
981 3907 1038 3944 se
1060 3891 1258 3944 fatetur
1280 3892 1379 3944 Ca-

322 3971 599 4021 sanbonus.

389 4058 413 4103 ‘l'
448 4046 514 4099 A.
537 4049 603 4099 U.
627 4049 690 4100 C.
711 4053 830 4100 ⁷115.

389 4132 410 4167 5
436 4123 620 4174 Tiberii
641 4124 870 4190 Neronis]
892 4125 979 4176 De
1000 4124 1117 4181 boc,
1140 4121 1383 4190 sequenti

328 4202 801 4342 llbIRoegnantem]
833 4278 1047 4329 Tacitus
1070 4283 1124 4345 et
1146 4276 1247 4327 Dio
1269 4290 1386 4327 auc·

331 4362 466 4409 tores
502 4362 642 4413 sunt,
683 4357 945 4406 consultos
985 4353 1269 4405 Pontifices
1304 4369 1386 4404 re·

1459 2884 1667 2950 pollinis
1712 2893 1985 2949 acceptum
2030 2881 2257 2939 oraculo,
2298 2883 2315 2911 ‘
2349 2879 2520 2946 quue

1460 2961 1631 3012 Deum
1655 2967 1845 3026 sortes,
1878 2966 1934 3011 et
1958 2958 2213 3024 Apollinis
2243 2964 2396 3009 antra
2427 2956 2521 3008 de·

1460 3041 1653 3093 derunt
1686 3040 2004 3092 Consiliumz
2038 3052 2299 3103 uunquam
2339 3036 2521 3087 melius

1460 3133 1577 3170 uam
1609 3118 1802 3170 cedere
1836 3117 2016 3174 taedas,
2055 3116 2383 3180 Responsum
2420 3121 2523 3173 est,

1460 3210 1614 3261 quam
1636 3210 1754 3247 cum
1779 3208 2056 3260 praegnans
2078 3208 2213 3244 nova
2236 3193 2422 3258 Nupta
2433 3193 2523 3259 ju·

1460 3271 1650 3338 gatur.'

1522 3358 1548 3385 ⁸
1580 3346 1825 3411 Abdnxit]
1859 3348 1979 3397 Hoc
2002 3346 2164 3397 verbo
2183 3346 2262 3397 vis
2285 3346 2520 3412 quaedam

1459 3425 1744 3489 significari
1780 3424 2005 3481 videtur,
2044 3438 2075 3472 a
2106 3423 2315 3473 Tiberio
2348 3430 2520 3472 tamen

1460 3504 1670 3553 volente
1687 3514 1999 3556 concessam,
2021 3497 2156 3548 infra
2177 3498 2400 3562 patebit.

1482 3604 1485 3609 >
1523 3580 1549 3615 ¹³
1585 3579 1802 3649 Octavia
1832 3576 2012 3628 sororis
2043 3590 2142 3626 αα.»
2162 3573 2303 3641 filio]
2335 3574 2444 3627 sul.
2473 3590 2519 3626 e.

1459 3661 1544 3708 27.

1527 3743 1551 3771 ⁶
1585 3734 1788 3784 Ταπὲιιοκ
1824 3730 1968 3797 quod]
2021 3727 2239 3794 Vulgati
2272 3729 2524 3794 legebant

1458 3817 1750 3876 tantumque.
1817 3810 1935 3860 Hoc
1958 3815 2042 3860 est
2060 3806 2289 3858 vixdum.
2329 3807 2522 3873 Sicque

1458 3890 1683 3956 loquitur
1716 3888 1990 3939 Suetonius
2025 3900 2125 3936 non
2166 3886 2344 3944 semel,
2373 3883 2523 3947 ,infra

1459 3982 1578 4031 cap.
1616 3970 1699 4017 88.
1766 3966 1963 4016 Neron.
1985 3976 2034 4013 c.
2054 3966 2104 4013 6.
2131 3962 2294 4028 Vesp.
2329 3976 2447 4027 cap.
2468 3969 2520 4014 5.

1461 4051 1519 4095 et
1542 4043 1725 4094 Cicero
1747 4042 1836 4092 lib.
1860 4055 1941 4093 rx.
1973 4040 2129 4105 epist.
2150 4039 2217 4089 ad
2249 4037 2520 4092 Atticum:

1459 4123 1611 4172 ‘haec
1652 4135 1769 4170 cum
1806 4118 2107 4182 scriberem,
2139 4124 2341 4168 tantum
2380 4118 2521 4184 quod

1462 4197 1818 4250 existimabam
1863 4196 1927 4246 ad
1974 4203 2029 4246 te
2083 4194 2366 4246 orationem
2407 4209 2520 4245 esse

1465 4267 1760 4341 perlatam.''
1816 4272 2052 4326 Velleius
2070 4288 2118 4325 c.
2143 4276 2222 4324 1⁷.
2241 4271 2420 4323 Tiber.
