3019 4922
497 459 626 524 438

1396 468 1458 514 G.
1505 462 1864 513 SUE‘roNu

502 622 749 697 culum,
796 622 971 683 sorte
1018 609 1283 691 tracta‚¹‘
1315 632 1452 697 qua
1493 610 1909 687 monebatur,
1941 613 2020 673 ut
2045 578 2688 671 'de‘cons'ultationiss

500 725 629 788 bus
660 723 729 787 in
759 718 983 804 Aponi
1010 712 1272 782 fontem¹
1302 716 1473 779 talos
1502 732 1741 780 aureos
1761 719 1802 747 ¹¹¹
1821 711 2100 794 jaceret,
2132 707 2372 786 evenit,
2404 711 2481 771 ut
2510 723 2688 770 sum-

500 846 682 889 mum
711 842 1051 887 numerum
1062 819 1232 904 jacti
1265 819 1352 883 ab
1381 837 1463 882 eo
1492 814 1966 894 ostenderent3
1997 811 2335 894 hodieque
2359 809 2486 873 sub
2506 826 2687 890 aqua

501 929 805 993 visuntur
839 924 941 990 hi⁸
992 925 1132 990 tali.

1222 920 1402 986 Ante
1455 938 1720 1005 paucos
1768 937 1946 994 vero,
1992 934 2191 1000 quam
2245 918 2691 982 revocaretur,

1410 1122 1437 1140 0
1442 1118 1651 1140 ”NOOO
1655 1117 1710 1137 &l
1714 1117 1745 1136 O
1750 1118 1775 1138 O

496 1274 736 1328 θυεμ-8
752 1274 840 1326 Sic
864 1269 1248 1340 reposuitOud.
1273 1286 1336 1323 ex
1355 1272 1485 1322 Mss.
1511 1276 1566 1319 et
1590 1266 1724 1318 Edd.
1743 1274 1863 1316 ante
1883 1264 2110 1317 casaub.
2147 1262 2306 1327 Ami,
2329 1260 2465 1327 quod
2484 1226 2692 1361 sei-van?

1483 1477 1533 1527 N
1541 1473 1705 1547 OTAE

551 1594 590 1629 ¹¹
624 1596 764 1646 Sorte
785 1596 962 1660 tracta]
996 1594 1169 1645 Variae
1202 1601 1320 1645 sunt
1354 1593 1558 1659 species

492 1674 626 1738 -ejus
640 1673 968 1722 divinationis
988 1688 1101 1737 quae
1127 1687 1222 1736 per
1238 1678 1401 1722 sortes
1416 1686 1559 1735 quae·

491 1750 738 1815 rebatur.
771 1748 1093 1814 Quandoque
1113 1748 1410 1812 ‘descriptos
1434 1745 1557 1811 poe-

491 1828 573 1895 ἰφ
596 1826 863 1891 cujusdam
889 1840 1063 1885 versus
1087 1833 1140 1876 et
1165 1827 1223 1888 inv
1243 1841 1416 1876 irruam
1441 1839 1558 1879 con-

494 1904 668 1968 jectos
693 1903 999 1960 educebant,
1026 1911 1115 1953 aut
1138 1901 1462 1958 emittebant,
1479 1901 1556 1950 id·

504 1995 602 2045 que
629 1980 823 2030 oraculi
849 1981 959 2030 vice
980 1980 1267 2030 habebatur
1290 1979 1423 2044 quod
1448 1981 1558 2028 cui-

503 2071 604 2120 que
644 2055 907 2105 acciderat
926 2072 942 2104 ε
976 2055 1287 2121 quandoque
1312 2054 1558 2105 fatidicos

503 2148 684 2183 versus
708 2132 760 2180 in
783 2132 976 2182 tabella
998 2132 1380 2190 describebant,
1401 2137 1456 2181 et
1482 2139 1558 2180 ta-

499 2212 565 2262 lis
589 2211 957 2261 divinationem
977 2211 1326 2275 peragebant:
1372 2217 1464 2261 aut
1484 2225 1563 2260 ar·

505 2295 657 2352 repto
683 2293 879 2336 temere
902 2295 955 2336 et
996 2296 1179 2353 aperto
1203 2288 1371 2353 poetae
1392 2289 1567 2353 cujus·

505 2364 624 2414 dam
669 2364 821 2427 libro,
868 2364 1005 2428 quod
1053 2380 1109 2414 se
1150 2365 1365 2429 primum
1404 2365 1565 2416 oculis

505 2456 718 2494 carmen
750 2441 1036 2507 objecerat,
1068 2443 1165 2492 hoc
1201 2457 1294 2507 pro
1329 2450 1471 2494 sorte
1511 2449 1566 2494 et

504 2521 717 2571 oraculo
749 2520 1026 2570 habebant.
1096 2520 1238 2570 Hinc
1265 2520 1564 2583 Virgilianae

504 2604 669 2648 sortes
705 2597 843 2661 apud
885 2598 1234 2660 Lampridium
1268 2597 1320 2646 in
1343 2596 1567 2647 Alexan-

507 2674 623 2731 dro,
678 2678 735 2722 et
785 2673 1116 2736 Spartianum
1170 2673 1225 2721 in
1278 2672 1566 2731 Hadriano,

508 2754 608 2800 διο.

572 2826 586 2861 ¹
617 2827 779 2892 Aponi
806 2829 1017 2893 sontem]
1053 2831 1187 2880 Fons
1225 2830 1310 2880 ille
1349 2834 1568 2894 propter

504 2903 794 2953 medicatas
836 2921 996 2968 aquas
1034 2908 1326 2956 celebratus
1361 2922 1392 2955 a
1415 2908 1566 2957 Clau·

509 2981 663 3031 diano
704 2983 912 3045 egregio
970 2984 1204 3046 Elegidio
1230 3002 1243 3033 z
1305 2985 1567 3034 ‘Publica

506 3056 812 3104 morborum.
825 3058 1049 3121 requies,
1065 3074 1334 3109 commune
1357 3049 1567 3118 meden-

509 3138 618 3179 tum
657 3130 1207 3195 Auxilinmspraesens
1251 3151 1457 3198 numen,
1490 3138 1567 3185 in-

508 3216 648 3258 emta
710 3210 879 3258 salus.’
975 3212 1128 3261 Unde
1186 3215 1566 3263 verosimillime

509 3300 697 3342 nomen
720 3286 929 3337 sortitus
967 3296 1080 3351 est;
1114 3288 1283 3341 ἅπονος
1302 3292 1435 3340 enim
1465 3293 1569 3342 sine

508 3362 664 3412 labore
687 3368 781 3412 est.
850 3364 1091 3415 Meminit
1124 3376 1180 3416 et
1216 3368 1567 3424 Lucanuslib.

513 3453 617 3489 vn.
655 3455 785 3489 vers.
824 3446 933 3491 192.
969 3443 1261 3505 ‘Euganeo,
1286 3445 1327 3493 si
1356 3460 1476 3494 vera
1507 3443 1566 3493 fi-

510 3516 601 3564 des
644 3518 1068 3580 memorantibuS,
1113 3535 1276 3584 augur
1312 3521 1457 3570 Colle
1492 3535 1571 3582 se·

513 3593 657 3653 dens,
681 3594 898 3657 Aponus
923 3598 1076 3646 terris
1100 3597 1184 3646 ubi
1210 3597 1569 3654 fumifer-exit,

508 3670 672 3719 Venit
696 3685 890 3719 summa
914 3672 1042 3736 dies,
1069 3674 1267 3736 geritur
1294 3688 1376 3723 res
1406 3675 1567 3723 maxi-

508 3760 612 3808 ma,
636 3746 805 3797 dixit?
852 3748 1005 3797 Unde
1026 3752 1179 3799 etiam
1201 3752 1375 3815 colligi
1394 3758 1570 3817 potest

511 3824 802 3887 Euganeos,
837 3826 921 3889 qui
958 3826 1201 3880 Herculis
1224 3829 1437 3877 comites
1459 3827 1569 3877 fue-

512 3915 591 3960 re,
614 3903 962 3951 construxisse
996 3904 1101 3952 illic
1127 3903 1362 3967 quaedam
1388 3919 1491 3952 suae
1516 3905 1570 3953 in

513 3980 807 4044 Geryonem
828 3982 1059 4032 victoriae
1077 3991 1428 4044 monumenta,
1446 3999 1572 4048 quo-

514 4070 627 4104 rnm
650 4058 789 4108 locus
808 4060 1022 4125 Geryon
1056 4061 1346 4125 appellatus
1377 4059 1571 4123 fuerit;

514 4139 608 4181 aut
638 4136 790 4184 sortis
817 4136 888 4185 ibi
913 4139 1117 4188 modum
1142 4138 1397 4203 quendam
1424 4139 1571 4187 iusti-

516 4209 698 4271 tuisse,
722 4212 861 4260 vela
894 4214 1137 4279 Geryone
1178 4216 1460 4271 inventum,
1490 4215 1572 4265 vel

516 4300 619 4349 quo
655 4287 734 4336 usi
773 4285 985 4351 fuerint,
1021 4292 1266 4341 adversus
1304 4306 1420 4342 eum
1455 4307 1574 4356 pro·

515 4359 727 4430 secturi,
770 4378 885 4429 quae
932 4364 1175 4417 Sabellici
1208 4367 1437 4431 suspicio
1477 4375 1570 4418 est.

1641 1587 1876 1652 Euganei
1919 1546 2087 1636 hodie
2115 1584 2181 1633 Li
2221 1558 2371 1633 monti
2409 1581 2464 1632 di
2509 1532 2693 1631 Podou-

1639 1667 1811 1731 Hnjus
1855 1663 2016 1714 fontis
2056 1661 2337 1711 meminere
2393 1657 2599 1751 Plinius
2640 1662 2695 1707 et

1640 1741 1994 1804 Cassiodorus,
2015 1742 2139 1789 &cs
2188 1754 2192 1759 ·
2608 1750 2615 1757 ·

1701 1827 1737 1852 ¹¹¹
1774 1821 1915 1869 Talos
1955 1800 2144 1878 aureos]
2177 1812 2300 1881 Fuit
2328 1800 2388 1885 et
2421 1811 2537 1862 baec
2568 1809 2707 1879 diuo

1635 1897 1791 1946 nandi
1836 1909 1929 1960 per
1969 1894 2102 1944 talos
2136 1890 2270 1941 ratio
2313 1870 2453 1959 apud
2496 1879 2697 1959 priscos

1639 1978 1889 2028 Grae-cos
1877 1991 1927 2026 in
1958 1989 2100 2024 more
2122 1972 2332 2062 posita3
2365 1973 2546 2020 auctor
2563 1967 2699 2019 enim

1640 2063 1722 2106 est
1749 2053 2050 2110 Pausanias,
2072 2049 2232 2100 fuisse
2265 2050 2317 2098 in
2348 2062 2474 2111 agro
2499 2046 2698 2096 Buten-

1637 2134 1767 2183 aium
1790 2131 1901 2198 (qui
1925 2145 2048 2195 gens
2071 2124 2326 2190 Achaica)
2360 2123 2540 2174 fanum
2563 2122 2701 2172 Her-2

1642 2211 1789 2266 culis,
1813 2209 1865 2257 in
1890 2206 1989 2272 quo
2005 2206 2231 2270 cujusvis
2253 2202 2327 2257 rei
2349 2200 2695 2266 suscipiendae

1639 2285 1930 2351 captabant
1951 2284 2218 2348 angurium
2243 2295 2307 2332 ex
2347 2280 2483 2335 talis
2502 2287 2560 2328 et
2582 2277 2700 2327 aba·

1642 2379 1703 2416 co
1717 2385 1732 2428 3
1770 2362 2011 2429 precibus
2033 2361 2226 2425 quippe
2252 2358 2368 2406 Deo
2392 2356 2495 2407 rite
2520 2368 2701 2419 perac-

1644 2443 1731 2506 tis,
1754 2448 1978 2506 qnatuor
2005 2439 2153 2493 talos,
2183 2448 2395 2502 qnorum
2419 2432 2494 2484 ibi
2518 2446 2704 2497 magua

1642 2519 1810 2584 copia,
1833 2520 1886 2568 in
1912 2532 2138 2568 mensam
2160 2514 2458 2580 jactabant,
2481 2525 2704 2575 cumque

1643 2601 1954 2665 singulorum
2001 2596 2180 2661 figurae
2222 2599 2423 2643 certam
2452 2590 2707 2639 baberent

1643 2680 1696 2727 in
1721 2679 1833 2742 ipsa
1868 2676 2062 2741 tabella
2099 2670 2417 2734 descriptam
2448 2670 2705 2729 interpre-

1642 2757 1911 2811 tationem,
1969 2769 2036 2803 ex
2074 2764 2250 2802 eorum
2290 2747 2456 2809 figura
2504 2750 2562 2795 et
2606 2744 2708 2793 situ

1643 2832 1815 2883 futura
1857 2828 2243 2895 conjectabant.
2318 2824 2473 2872 Hanc
2531 2828 2710 2870 autem

1645 2909 1908 2959 discendoe
1933 2908 2082 2957 sortis
2106 2905 2357 2956 rationem
2382 2914 2477 2964 per
2496 2899 2634 2948 talos
2656 2898 2710 2947 in

1647 3002 1828 3053 aquam
1853 2985 2034 3036 missos
2059 2981 2392 3033 casaubonus
2416 2976 2707 3039 annotavit,

1645 3070 1755 3114 tum
1781 3078 1847 3111 ex
1884 3060 2144 3111 Pausania
2182 3058 2232 3107 in
2262 3054 2560 3115 Laconicis,
2602 3060 2709 3101 turn

1645 3154 1712 3189 ex
1734 3140 2014 3188 Sozorneno
2044 3134 2133 3184 lib.
2167 3147 2216 3183 v.
2251 3129 2504 3181 Historiae
2529 3129 2712 3178 Eccle-

1648 3216 1877 3266 siasticae
1921 3229 2038 3278 cap.
2080 3216 2160 3261 19.
2228 3208 2368 3257 Hinc
2399 3206 2536 3255 dona
2572 3220 2710 3270 quae-

1648 3292 1844 3341 damin
1878 3288 2050 3340 fontes
2081 3284 2449 3347 conjiciebant,
2490 3288 2713 3345 accepta

1647 3375 1784 3421 sorte
1805 3368 1870 3417 ad
1896 3380 2070 3416 eorum
2107 3360 2330 3421 modum,
2370 3360 2459 3425 qui
2489 3365 2710 3421 accepto

1646 3446 1712 3495 ab
1749 3445 1972 3495 oraculis
2005 3454 2250 3504 responso
2292 3437 2507 3487 donaria
2534 3434 2710 3484 votiva

1647 3524 1954 3587 templorum
1979 3520 2130 3570 tholis
2167 3532 2260 3567 seu
2285 3514 2575 3580 parietibus
2600 3511 2711 3562 affi-

1648 3602 1862 3667 gebant.
1937 3597 2244 3659 Exemplum
2289 3600 2372 3643 est
2416 3590 2555 3656 apud
2604 3590 2711 3639 Pli-

1648 3680 1786 3727 nium
1825 3676 1914 3726 lib.
1952 3688 2078 3726 vm.
2110 3671 2276 3736 Epist.
2308 3674 2357 3719 8.
2393 3668 2484 3717 ubi
2517 3668 2582 3717 de
2609 3666 2711 3716 Cli·

1648 3761 1826 3805 tumno
1865 3751 2008 3801 fonte
2049 3750 2178 3814 agit,
2202 3748 2257 3796 in
2295 3746 2445 3809 cujus
2477 3744 2713 3808 proximo

1648 3829 1770 3880 fano
1820 3833 1971 3878 erant
2019 3839 2225 3890 quoqne
2273 3829 2475 3872 sortes..
2530 3822 2604 3870 Et
2650 3820 2713 3875 de

1649 3905 1861 3969 Apono
1884 3909 2109 3951 testatur
2161 3897 2476 3948 Claudianus
2529 3894 2713 3944 eodem

1649 3980 1920 4045 Elegidio:
1956 3978 2129 4027 ‘Tunc
2151 3989 2352 4024 omnem
2377 3973 2565 4038 liquidi
2607 3972 2711 4022 val·

1650 4062 1750 4111 lem
1793 4057 2049 4107 mirabere
2090 4051 2270 4114 fundi;
2313 4050 2464 4100 Tunc
2510 4056 2711 4098 veteres

1648 4138 1826 4192 hastae,
1852 4133 1996 4197 regia
2013 4132 2169 4187 dona,
2191 4126 2418 4180 micant.'
2448 4127 2710 4177 Summum

1651 4215 1870 4263 talorum
1902 4211 2105 4273 jactum
2140 4206 2223 4255 hic
2264 4204 2514 4267 intelligit
2537 4203 2707 4252 Vene-

1649 4304 1780 4352 rem,
1801 4293 1984 4351 utpote
2007 4275 2376 4346 felicissimum,
2400 4287 2460 4331 ut
2483 4294 2638 4345 supra
2657 4279 2706 4328 iu

1653 4367 1896 4431 Augusto
1918 4378 1972 4414 c.
1992 4366 2074 4414 ⁷1.
