3019 4922
1253 415 1548 466 sumus.
2408 408 2497 472 49

278 557 359 623 ob
380 558 692 623 eundem
725 557 1028 625 coetum⁶
1051 556 1072 596 f
1108 559 1431 627 festinato
1481 568 1783 641 coactuS‚
1827 566 2072 647 gratias
2116 567 2181 631 ei
2209 585 2332 651 per
2362 569 2499 651 pri-

289 680 487 729 mores
540 662 743 726 viros
792 662 967 747 egit:
1031 664 1459 748 accitumque
1505 666 1574 729 in
1627 668 1904 746 curiam,
1952 677 2024 733 et
2068 669 2502 755 amplissimis

297 765 500 829 verbis
533 765 1028 847 collaudatum,
1076 767 1143 831 in
1192 769 1516 852 integrum*
1555 771 1871 850 restituit,
1915 773 2236 838 inducto⁸
2280 774 2500 856 priore

304 866 582 932 decreto.
676 868 850 952 [17]
903 868 1176 935 Recidit
1205 878 1231 919 ⁷
1278 891 1504 935 rursus
1559 874 1628 935 in
1669 872 2021 938 discrimen
2073 875 2276 952 aliud,
2326 878 2503 942 inter

312 971 515 1034 socios
567 969 892 1036 Catilinae
949 972 1361 1050 nominatae,
1421 982 1492 1038 et
1551 974 1732 1058 apud
1799 975 2098 1043 Novium
2133 981 2156 1015 ⁸
2215 977 2502 1061 Nigrum

318 1069 766 1148 Quaestoremh
784 1093 825 1137 a
844 1072 924 1138 L.
948 1071 1512 1152 Vettio¹Judice,⁹
1530 1079 1679 1141 etin
1706 1076 1959 1144 Senatu
1989 1100 2033 1144 a
2060 1078 2149 1159 Q.
2167 1077 2503 1145 Curiozwk

312 1175 436 1250 cui,
465 1174 655 1257 quod
699 1176 953 1257 primns
998 1177 1279 1241 consilia
1321 1178 1805 1262 conjuratorum
1849 1183 2218 1261 detexerat,
2260 1185 2505 1248 consti-

318 1282 448 1341 tuta
475 1266 660 1342 erant
687 1277 962 1360 publice
1006 1281 1309 1362 praemia.
1397 1281 1691 1361 CuriuS,¹
1734 1304 1772 1347 e
1804 1284 2099 1351 Catilina
2143 1306 2218 1350 se
2263 1305 2506 1367 cogno-

316 1364 518 1458 visse,
553 1380 853 1446 dicebat:
900 1380 1171 1448 Vettius
1198 1383 1400 1448 etiam
1431 1384 1942 1471 chirographum
1973 1385 2160 1472 ejuS,¹
2194 1386 2507 1453 Catilinae

319 1481 558 1560 datum,
589 1483 1054 1565 pollicebatur.
1145 1487 1231 1552 Id
1263 1506 1424 1552 vero
1465 1487 1701 1554 Caesar
1743 1491 1931 1555 nullo
1976 1491 2179 1556 modo
2222 1491 2507 1556 toleran-

323 1584 473 1648 dum
538 1587 965 1669 existimans,
1025 1610 1199 1670 cum,
1275 1592 1632 1675 implorato
1707 1592 2046 1659 Ciceronis
2103 1592 2507 1671 testimonio,

1223 1773 1589 1794 OOOOOOOOOOO

214 1894 226 1926 ε
312 1880 571 1935 Boxhorn.
608 1888 794 1938 mutari
834 1889 1000 1941 voluit
1036 1891 1088 1941 in
1124 1893 1188 1941 ad
1223 1895 1418 1943 eandem
1451 1908 1656 1942 caueam.
1724 1893 1852 1943 Mox
1891 1893 2044 1942 Fonc.
2066 1891 2323 1953 gratiaset
2343 1905 2512 1952 per.—

316 1954 341 1997 7
382 1950 553 2001 Periz.
594 1953 725 2001 Ven.
760 1968 877 2010 una,
912 1964 968 2006 et
1006 1957 1129 2006 Par.
1168 1959 1363 2008 decidit.
1432 1958 1517 2008 Al.
1555 1957 1838 2008 cecidit.—8
1878 1958 2058 2007 Codex
2096 1972 2224 2004 nnus
2265 1956 2514 2004 Torrent.

316 2013 514 2079 Nonius,
547 2024 603 2065 et
639 2033 795 2081 snpra
817 2021 972 2069 vind.
998 2026 1045 2072 1.
1080 2022 1207 2071 inter
1242 2024 1354 2072 Cat.
1376 2028 1572 2073 eom—9
1606 2022 1778 2072 Palm.
1799 2022 1967 2071 edidit
1994 2022 2173 2083 Venio,
2204 2035 2319 2070 cnm
2357 2027 2515 2069 antea

322 2076 480 2129 Vectio
527 2082 807 2145 legeretur.
858 2085 993 2135 Velio
1033 2086 1086 2135 in
1132 2089 1357 2152 exempl.
1396 2089 1547 2138 Torr.
1603 2088 1769 2137 Veccio
1815 2088 2006 2150 Copes.
2067 2086 2212 2136 Libri
2255 2083 2367 2134 fere
2405 2099 2513 2134 orn-

310 2158 399 2207 nes
431 2146 626 2196 habent
659 2148 832 2211 indice,
865 2152 999 2214 quod
1041 2154 1266 2215 probant
1295 2153 1539 2202 Tor-rent.
1581 2152 1737 2203 Grut.
1768 2153 1948 2201 Bnrm.
1979 2158 2033 2200 et
2067 2153 2278 2200 Ernest.
2313 2148 2514 2198 Aucto·

313 2210 469 2271 ritate
508 2227 833 2264 nummorum
871 2231 933 2265 ac
977 2216 1178 2267 Viterb.
1215 2233 1330 2267 cum
1367 2219 1503 2277 Ven.
1545 2221 1590 2269 1.
1621 2218 1906 2267 contrarias
1953 2224 2124 2280 partes
2164 2222 2379 2265 tuentur
2414 2212 2517 2264 Ur-

314 2276 406 2325 sin.
442 2276 671 2327 Casaub.
698 2279 873 2330 Parin.
909 2281 1087 2337 Graev.
1124 2282 1267 2348 Ongl.
1290 2282 1451 2335 Wolf.
1482 2290 1538 2332 et
1575 2283 1740 2332 Rulin.
1775 2282 1859 2346 qui
1881 2282 2055 2331 Judice
2084 2282 2183 2343 legi
2212 2281 2517 2354 malle-nte-
2581 2304 2584 2307 2

318 2341 376 2387 10
411 2341 452 2390 A
483 2343 547 2398 Q.
582 2343 805 2394 Curione.
841 2344 997 2397 Vind.
1030 2345 1082 2397 1.
1120 2347 1309 2412 Copen.
1345 2349 1431 2397 hic
1453 2350 1670 2397 multum
1698 2349 1894 2403 turbat,
1925 2363 1956 2396 a
1995 2347 2056 2401 Q.
2083 2346 2227 2395 Curio
2248 2350 2516 2394 nominatus

316 2403 438 2454 inter
456 2408 643 2467 socios,·
675 2424 805 2473 quos‚
835 2414 958 2475 quod
974 2427 1049 2477 pr.
1064 2429 1108 2463 c.
1129 2429 1173 2463 c.
1197 2415 1247 2463 d.
1268 2429 1311 2463 c.
1336 2429 1378 2463 e.
1397 2429 1450 2478 p.
1478 2413 1695 2477 proemia,
1718 2429 1747 2463 a
1768 2413 1915 2461 Cario
1938 2411 2048 2477 qaia
2076 2426 2163 2475 per
2186 2410 2447 2459 Catilinam
2466 2423 2518 2456 ⁸⁰

316 2487 355 2519 c.
373 2474 513 2521 d.—l
547 2474 736 2524 Curioe
761 2477 973 2526 Catilina
995 2494 1046 2529 se
1065 2480 1279 2540 cogni-we
1323 2480 1538 2529 Memm.
1607 2480 1753 2528 Cario
1777 2478 1936 2526 Vind.
1961 2483 2006 2526 1.
2059 2479 2204 2527 Curio
2225 2476 2411 2538 quidem
2430 2488 2517 2537 per

321 2536 578 2588 Catilinam
611 2539 758 2588 Med.
783 2545 829 2589 l.
854 2545 900 2591 3.
943 2550 998 2592 et
1026 2544 1261 2594 Harlem.
1314 2545 1490 2593 Curias
1518 2559 1599 2609 per
1624 2543 1903 2603 Catilinam,
1938 2540 2074 2590 unde
2114 2541 2252 2602 conj.
2272 2539 2410 2589 Oud.
2447 2538 2517 2585 Et

322 2600 495 2652 Car-ius
528 2604 720 2666 quidem
748 2621 836 2667 per
863 2608 976 2658 Cat.
1044 2608 1364 2658 Particulam
1389 2611 1576 2672 quidem
1598 2608 1801 2658 addidit
1824 2621 2027 2672 quoque
2052 2606 2270 2656 Wolfius
2292 2619 2357 2653 ex
2384 2604 2517 2677 Lon-

317 2667 414 2728 gol.
449 2668 613 2718 Bern.
638 2673 685 2720 1.
721 2677 779 2719 et
801 2671 1034 2736 vestigiis
1071 2674 1309 2736 aliorum,
1342 2674 1599 2724 suadente
1633 2673 1784 2737 liujus
1820 2671 2087 2736 scriptoris
2121 2668 2516 2721 consuetudine.

1312 2819 1528 2874 No'rAE

378 2919 398 2953 ¹
427 2922 640 2985 Coetam]
675 2922 794 2973 Hoc
826 2927 1076 2977 vocabulo
1103 2927 1376 2992 peculiari·
1455 2927 1551 2990 nis,
1575 2926 1662 2993 qui
1685 2933 1740 2977 et
1762 2925 2010 2990 quaeeitor
2038 2929 2094 2972 et
2129 2924 2357 2986 quaestor
2380 2918 2519 2969 dice-

320 3004 397 3048 ter
429 2999 507 3047 usi
540 3007 663 3048 sunt
699 3006 958 3065 auctores,
1000 3009 1057 3053 ut
1089 3004 1375 3055 multitudi·
1455 3003 1628 3068 batur,
1651 3004 1715 3053 de
1736 3017 1836 3068 quo
1857 3016 2013 3066 snpra
2039 3015 2155 3065 cap.
2180 3004 2262 3048 11.

316 3088 427 3126 nem
443 3076 1378 3136 seditiosecoeuntemindicarent,ut
1518 3081 1532 3115 ἰ
1567 3081 1630 3131 L.
1662 3079 1844 3144 Vettio]
1877 3080 2083 3143 Legunt
2119 3076 2203 3126 alii
2233 3076 2395 3126 Vectio
2431 3076 2524 3123 Ja-

317 3151 449 3201 infra
468 3167 589 3216 cap.
611 3157 694 3202 41.
729 3155 744 3181 ‘
763 3168 829 3204 ne
851 3157 940 3220 qni
965 3158 1085 3206 novi
1107 3165 1267 3208 coetus
1298 3173 1378 3208 re·
1454 3157 1578 3213 dice.
1600 3164 1659 3207 ut
1679 3158 1842 3207 Judex
1874 3168 2157 3219 cognomen
2198 3152 2304 3217 ejus
2343 3149 2522 3201 fuerit.

320 3229 572 3278 censionis
621 3244 776 3280 causa
828 3234 1022 3283 moveri
1067 3234 1378 3300 quandoque
1453 3234 1559 3285 Sed
1587 3249 1703 3283 curn
1732 3233 1909 3295 index,
1930 3232 1980 3281 id
2006 3238 2106 3296 est,
2131 3230 2352 3281 Caesaris
2373 3242 2526 3277 accu-

318 3304 568 3368 possent!
614 3306 684 3355 Et
702 3306 897 3370 Livius,
917 3309 1113 3361 ‘coetus
1138 3312 1382 3362 nocturni
1456 3318 1616 3367 sator,
1640 3309 1799 3359 fuerit
1821 3310 1909 3358 ille
1934 3307 2162 3369 Vettius,
2196 3305 2525 3369 iudicemque

319 3380 486 3444 plebis
513 3382 752 3445 patribus
776 3385 1040 3449 suspect&
1063 3388 1240 3437 etalii
1268 3404 1382 3451 pas·
1461 3386 1604 3436 dicat
1624 3386 1764 3435 illum
1805 3386 1920 3450 ipse
1950 3385 2138 3434 Cicero
2170 3382 2224 3431 in
2258 3381 2424 3431 literis
2457 3378 2524 3428 ad

315 3457 410 3506 siin
434 3474 446 3506 ε
485 3471 774 3524 quanquam
795 3474 894 3511 nou
910 3477 1114 3528 semper
1134 3464 1184 3514 in
1199 3466 1381 3515 malam
1460 3461 1694 3512 Atticum
1718 3461 1760 3526 (‘
1779 3460 1986 3511 Vettius
2010 3459 2097 3510 ille
2113 3465 2289 3508 noster
2307 3454 2528 3518 index’),

319 3543 522 3597 partem
538 3543 814 3599 acceptum
830 3540 1088 3603 reperias;
1113 3540 1247 3605 Aug.
1264 3557 1384 3605 cap.
1452 3540 1610 3589 locus
1627 3538 1785 3587 dubio
1809 3538 2029 3600 relinqui
2053 3550 2151 3585 non
2172 3534 2397 3584 videtur.

319 3616 400 3662 64.
424 3621 481 3662 et
505 3616 590 3661 85.
613 3620 668 3662 et
692 3613 860 3677 Calig.
880 3630 997 3681 cap.
1022 3620 1105 3668 32.
1531 3616 1556 3650 k
1592 3617 1655 3673 Q.
1685 3615 1855 3679 Curio]
1893 3615 2105 3665 Curtius
2128 3614 2211 3663 hic
2232 3613 2381 3661 homo
2406 3626 2523 3675 per-

315 3719 319 3723 ·
382 3697 410 3732 3
441 3688 671 3753 Inducta]
702 3691 822 3740 Hoc
849 3699 948 3754 est,
971 3694 1273 3758 antiquato:
1309 3695 1385 3744 in·
1466 3694 1629 3757 ditus,
1649 3692 1967 3745 Catilinariae
2004 3688 2376 3753 conjurationis
2415 3688 2528 3752 ipse

321 3764 518 3815 ducere
541 3766 676 3815 euim
700 3773 781 3816 est
804 3768 1015 3818 verbum
1038 3769 1386 3821 Juriscouaul-
1466 3769 1991 3833 comcius,adductus
2010 3776 2090 3817 est
2109 3782 2139 3814 a
2158 3767 2412 3816 Cicerone
2434 3781 2531 3829 per
2600 3766 2606 3771 ’

315 3840 390 3888 -tis
413 3839 701 3902 familiare3
735 3842 875 3906 apud
899 3860 1023 3908 quoe
1046 3845 1181 3895 idem
1206 3852 1289 3895 est
1323 3861 1385 3897 ac
1468 3851 1720 3902 Fulviam,
1765 3860 1985 3911 quacum
2038 3844 2135 3908 ipsi
2181 3842 2339 3893 Curio
2379 3850 2528 3893 vetus

322 3915 507 3966 delere
531 3931 624 3966 seu
646 3919 956 3982 cancellare,
972 3924 1070 3971 διο.
1095 3921 1161 3970 ab
1184 3921 1387 3971 inverso
1467 3932 1585 3975 erat
1608 3922 1945 3982 consuetudo,
1981 3928 2040 3969 ut
2064 3919 2356 3984 conjuratos
2384 3918 2530 3969 dete-

326 3993 482 4055 stylo,
503 4007 603 4057 quo
626 3994 944 4058 scribebant,
958 3995 1185 4047 deducta
1209 3999 1386 4064 appel·
1470 4006 1636 4065 geret.
1907 4051 1912 4054 ,

326 4069 544 4119 latione.
1530 4077 1545 4110 ¹
1573 4075 1951 4141 Chirographam
1972 4074 2097 4140 ejice]
2135 4072 2198 4124 Id
2225 4074 2534 4135 concentio-

392 4141 421 4177 ἲ*
460 4148 663 4197 Novium
696 4148 910 4211 Nigrum
944 4152 1259 4216 Qaoestorem]
1292 4154 1389 4203 Le·
1469 4168 1617 4215 nem;
1652 4160 1733 4203 est
1756 4153 1891 4203 enim
1917 4153 2299 4217 Cliirograplius
2324 4153 2533 4215 privata

339 4231 467 4284 gunt
483 4225 800 4274 aliiNoniam
817 4243 837 4284 ,·
870 4234 1177 4293 quaestorem
1217 4235 1388 4279 autem
1471 4230 1734 4294 scriptura
1776 4244 1865 4279 eeu
1904 4229 2078 4279 cautio
2118 4242 2270 4277 manu
2311 4227 2530 4291 aiicujus

336 4300 421 4348 hic
442 4293 665 4364 intellige
686 4303 970 4367 principem
991 4305 1130 4356 illum
1149 4306 1393 4371 quaestio·
1442 4343 1443 4346 η
1474 4305 1671 4371 scripta
1691 4309 1774 4358 vel
1795 4305 2101 4367 subscripta.

477 4383 706 4449 Daph-et
736 4387 854 4440 Var.
875 4389 1005 4440 (ttae.
1264 4405 1265 4410 ¹
1344 4389 1545 4440 Sueten.
2351 4382 2401 4430 D
