3019 4922
2407 443 2524 512 501

338 606 633 665 tereunte
693 600 946 676 funere,
1007 597 1236 663 clare⁶
1296 607 1563 665 mortuo
1622 599 2004 678 mandarat.
2055 609 2132 682 ut
2208 603 2538 669 nuntiaret

336 702 675 784 Augusto,
725 708 744 736 ‘
771 702 1061 766 nondum
1105 702 1293 766 reddi
1339 702 1607 785 legata,f
1646 723 1797 786 quae
1843 704 2068 787 plebi⁷
2115 704 2534 787 reliquisset‚'

337 809 686 869 attractum
732 806 814 869 ad
859 825 952 878 se,
998 804 1296 887 recipere
1335 804 1652 883 debitum,
1686 806 1975 888 ducique
2007 806 2094 870 ad
2127 806 2534 889 supplicium

336 906 702 989 imperavit,
749 917 818 972 et
860 908 1037 990 patri
1086 927 1209 971 suo
1240 927 1466 971 verum
1506 908 1773 972 referre.
1862 907 2012 972 Nec
2044 909 2245 972 multo
2279 905 2435 991 post
2465 908 2534 973 in

337 1008 590 1074 Senatu
651 1010 1314 1102 Pompeichuidam,
1362 1010 1590 1094 Equiti
1639 1011 1976 1087 Romano,
2023 1010 2346 1094 quiddam
2388 1030 2535 1095 per-

336 1115 633 1193 neganti‚
690 1114 849 1177 dum
912 1114 1175 1178 vincula
1234 1115 1574 1192 minatur-‚⁸
1636 1114 1989 1178 affirmavit
2048 1113 2212 1190 fore,
2262 1118 2281 1146 ‘
2309 1120 2382 1177 ut
2441 1133 2531 1177 ex

334 1213 659 1298 Pompeio
706 1215 1168 1299 Pompeianus
1226 1214 1468 1298 fieret3’
1531 1217 1778 1280 acerba
1837 1215 2267 1280 cavillatione
2330 1214 2527 1279 simul

335 1315 619 1381 hominis
662 1338 900 1382 nomen
943 1320 1307 1396 incessen8‚
1333 1325 1765 1403 veteremque
1808 1318 2139 1402 partiumss
2181 1317 2530 1382 fortunam.

335 1419 499 1500 [58]
544 1421 683 1484 Sub
737 1421 920 1485 idem
969 1435 1258 1506 tempuS,
1314 1424 1700 1486 consulente
1754 1420 2077 1497 Praetor-e,
2130 1440 2214 1485 an
2265 1419 2531 1504 judicia

336 1522 706 1607 majestatis
730 1521 755 1560 ¹¹
787 1524 939 1607 cogi
974 1524 1294 1608 juberet,⁹
1321 1526 1735 1590 exercendas
1769 1546 1920 1589 esse
1953 1526 2132 1605 leges
2162 1523 2530 1607 respondit,

334 1633 400 1688 et
442 1628 858 1690 atrocissime
911 1629 1231 1693 exercuit.
1323 1629 1578 1693 Statuae
1610 1628 1884 1712 quidam
1915 1625 2206 1708 Augusti
2233 1633 2284 1663 ¹0
2322 1632 2530 1708 caput

335 1726 682 1806 demserat,
727 1736 800 1794 ut
844 1730 1115 1795 alterius
1142 1727 1161 1800 ⁵,
1198 1731 1580 1814 imponeret.
1668 1729 1844 1793 Acta
1889 1748 1996 1792 res
2040 1731 2104 1792 in
2151 1728 2433 1805 Senatu,
2464 1735 2531 1793 et

337 1832 500 1913 quia
559 1833 1035 1916 ambigebatur,
1091 1854 1210 1917 per
1266 1841 1591 1898 tormenta
1640 1833 1926 1916 quaesita
1985 1837 2102 1896 est.
2193 1831 2530 1894 Damnato

1248 454 1627 504 TIBERIUS.

1250 2031 1609 2052 000000000000

332 2179 629 2229 malatinaem
653 2180 785 2229 Ven.
809 2184 856 2230 2.
878 2184 927 2228 3.
950 2180 1095 2231 Cald.
1120 2179 1263 2230 Med.
1288 2179 1558 2230 Paris.—6
1592 2180 1677 2229 Ita
1702 2180 1827 2229 Mss.
1852 2181 1919 2229 Ο.
1949 2186 2005 2228 et
2041 2179 2174 2228 Edd.
2211 2177 2275 2227 ad
2307 2175 2528 2226 Casaub.

332 2246 419 2308 qui
444 2260 472 2293 e
507 2247 616 2293 solo
638 2245 840 2295 viterb.
861 2248 1077 2295 mutavit
1101 2246 1152 2294 in
1176 2247 1313 2296 elato.
1381 2247 1543 2293 Deest
1565 2254 1840 2307 utrumque
1867 2246 2015 2294 Huls.
2078 2244 2209 2291 Dein
2237 2247 2527 2305 proeterean·

332 2310 588 2369 temsunus
611 2310 736 2373 Cop.
752 2311 945 2359 Medic.
973 2315 1019 2360 1.
1039 2315 1087 2358 3.
1111 2326 1141 2358 a
1166 2326 1229 2358 m.
1252 2314 1427 2373 pta—7
1456 2310 1619 2359 Plebei
1642 2312 1854 2360 Memm.
1876 2312 2027 2359 Voss.
2052 2308 2186 2357 Edd.
2206 2308 2323 2357 And.
2345 2305 2527 2368 Steph-

330 2382 389 2424 ut
412 2375 555 2436 alibi,
584 2375 756 2437 plebeis
777 2383 991 2439 uterque
1010 2376 1167 2423 vind.
1190 2376 1333 2425 Cort.
1363 2375 1534 2424 Pet-iz.
1559 2376 1792 2424 Harlem.
1815 2390 1929 2425 cum
1957 2375 2087 2423 Edd.
2112 2375 2241 2422 Sa‘c.
2275 2386 2371 2420 xv.
2401 2373 2525 2419 item

331 2441 462 2490 Bon.
487 2440 654 2505 Lugd.
677 2441 823 2492 Junt.
889 2441 1021 2490 Tum
1062 2444 1381 2490 adtractatum
1419 2440 1650 2490 Harlem.
1688 2440 1820 2490 Edd.
1847 2443 1973 2488 Ven.
1998 2440 2141 2487 Meu.
2166 2438 2312 2487 Cald.
2335 2437 2521 2500 quibus

333 2521 450 2555 mox
471 2506 619 2557 deest
629 2506 857 2565 sora—8
878 2506 1078 2555 Suadet
1099 2506 1248 2554 Miill.
1271 2504 1555 2555 minabatur.
1609 2507 1739 2555 Dein
1762 2511 2058 2566 veterumque
2081 2503 2346 2565 rescripsit
2368 2503 2522 2549 Τοιϊ.

333 2586 363 2620 e
400 2586 490 2620 sno
528 2572 655 2621 Cod.
692 2573 772 2620 cui
810 2571 1041 2625 obsecuti
1084 2579 1204 2620 sunt
1244 2571 1466 2621 Casaub.
1502 2570 1669 2619 Scriv.
1693 2571 1870 2619 Graev.
1901 2568 2092 2617 Scliild.
2116 2569 2181 2616 al.
2208 2565 2527 2627 suffragante

332 2637 546 2685 Memm.
600 2636 702 2684 Sed
729 2637 944 2685 alteram
971 2637 1090 2685 lect.
1118 2642 1325 2683 servant
1352 2635 1476 2682 Mas.
1501 2636 1671 2684 Pulm.
1696 2637 1849 2685 Grut.
1870 2634 2049 2682 Burm.
2071 2632 2208 2681 Ond.
2230 2630 2386 2681 Wolf.
2411 2645 2528 2679 cum

334 2701 467 2767 Duu.
503 2709 558 2749 et
593 2701 724 2749 Edd.
764 2702 1009 2750 vem—9
1045 2700 1251 2749 Deberet
1285 2700 1438 2748 Vind.
1468 2705 1511 2748 1.
1553 2702 1694 2749 Dun.
1732 2717 1762 2749 a
1801 2714 1877 2763 pr.
1916 2714 1981 2747 m.
2015 2699 2257 2760 respondet
2295 2697 2529 2744 Harlem.

330 2770 460 2814 —10
491 2766 709 2825 Augusto
733 2766 946 2814 Memm.
1015 2765 1140 2813 Mox
1179 2767 1229 2813 in
1267 2763 1423 2812 duob.
1464 2765 1591 2814 Mss.
1629 2765 1779 2813 Torr.
1819 2765 1993 2813 Periz.
2035 2763 2185 2810 Huls.
2226 2762 2371 2810 Cort.
2398 2760 2531 2808 Edd.

332 2830 481 2881 Rom.
512 2831 686 2883 Sabel.
722 2831 868 2881 Cald.
898 2830 1043 2880 Med.
1082 2828 1199 2879 Ald.
1234 2829 1411 2891 Steph.
1449 2831 1762 2894 depresserat,
1798 2829 1934 2894 quod
1961 2834 2135 2877 natum
2163 2831 2314 2890 putat>
2334 2825 2470 2874 Oud-
2496 2836 2526 2872 e

1324 2993 1537 3044 NOTAE

330 3118 456 3171 tem,
495 3125 620 3175 quos
665 3110 914 3161 Latinitas
950 3110 1249 3175 promiscue·
1274 3125 1389 3159 cum
1472 3126 1662 3161 rannos
1683 3126 1749 3160 ea
1770 3109 2048 3174 ignominia
2070 3106 2295 3170 afficere,
2319 3106 2531 3155 videba-

331 3188 496 3237 mimis
518 3196 572 3237 et
592 3187 926 3237 histrionibus
950 3195 1184 3252 usurpat,
1216 3188 1390 3252 quales
1472 3196 1659 3252 tur-que
1676 3188 1881 3238 occulte
1896 3185 2120 3238 Granius
2136 3184 2408 3233 damnasse
2427 3182 2528 3230 An-

331 3271 486 3319 etiam
508 3268 668 3318 fuisse
696 3269 747 3317 in
786 3268 1051 3319 funeribus
1085 3269 1299 3332 colligas
1324 3282 1390 3317 ex
1473 3272 1697 3326 gustum,
1720 3265 1862 3328 quasi
1888 3264 2060 3312 talem.
2111 3260 2453 3323 Hieronymus
2478 3259 2529 3306 in

333 3362 451 3410 cap.
477 3351 554 3396 19.
577 3345 901 3409 Vespasiani.
1470 3343 1788 3405 Prophetam
1823 3340 2074 3390 Habacuc
2104 3352 2221 3398 cap.
2255 3341 2303 3385 4.
2359 3337 2374 3362 ‘
2399 3336 2528 3384 Cum

397 3422 419 3454 f
444 3421 652 3484 Legata]
686 3423 815 3473 Quae
856 3420 995 3485 plebi
1010 3420 1246 3483 jusserat
1275 3434 1388 3470 ero·
1472 3426 1719 3481 tyrannus
1741 3416 2099 3473 detruncatur,
2137 3413 2381 3474 imagines
2403 3425 2528 3473 quo·

333 3500 523 3564 ganda,
544 3512 700 3560 supra
724 3498 773 3546 in
799 3496 1035 3560 Augusto
1055 3509 1171 3558 cap.
1198 3500 1308 3544 101.
1471 3508 1571 3558 que
1607 3495 1719 3557 ejus
1754 3492 2102 3555 deponuntur,
2136 3496 2190 3538 et
2223 3496 2430 3547 statuae,
2473 3495 2530 3536 et

395 3584 421 3619 s
454 3573 700 3636 Partim]
766 3572 1197 3635 Pompeianarum
1253 3570 1390 3620 scili·
1472 3572 1615 3621 vultu
1639 3569 1987 3621 tantummodo
2026 3573 2357 3621 commutato,
2390 3564 2531 3613 abla-

333 3659 437 3707 cet,
456 3665 596 3715 ‚quas
627 3650 796 3701 Julius
821 3649 934 3699 acie
957 3646 1252 3697 Pharsalica
1271 3661 1389 3711 pro·
1472 3656 1632 3713 toque
1660 3647 1851 3710 capite,
1876 3646 1989 3709 ejus
2015 3644 2175 3693 facies
2213 3643 2300 3707 qui
2330 3640 2532 3703 vicerit,

333 3729 554 3793 fligarat.
1472 3722 1872 3789 superponitur!
1918 3722 2068 3774 Quod
2110 3734 2250 3782 saepe
2286 3717 2529 3781 tempori·

398 3806 422 3840 ¹¹
453 3807 654 3858 Judicia
673 3807 958 3870 nunjeseatis]
993 3805 1132 3856 Quid
1160 3804 1283 3864 sint,
1307 3818 1389 3853 su·
1473 3803 1568 3852 bus
1593 3802 1691 3853 illis
1715 3799 2003 3850 factitatum
2024 3803 2242 3856 constat,
2265 3795 2430 3856 Calig.
2454 3794 2529 3841 in-

332 3900 425 3949 pra
448 3900 563 3950 cap.
579 3890 629 3935 2.
653 3894 708 3934 et
739 3885 803 3934 de
839 3898 962 3933 voce
985 3889 1000 3912 ‘
1025 3882 1176 3945 cogi,’
1208 3881 1258 3930 in
1282 3879 1391 3930 Au·
1470 3877 1554 3929 fra
1575 3893 1691 3941 cap.
1712 3880 1795 3927 22.
1852 3875 2043 3937 Capita
2076 3874 2343 3922 mutabant
2378 3877 2434 3918 et
2469 3868 2531 3917 ti·

335 3972 483 4026 gusto
506 3978 623 4025 cap.
645 3966 727 4011 86·-
1471 3957 1626 4016 tulos,
1661 3968 1723 4004 ac
1762 3952 2069 4016 quandoque
2108 3948 2286 3998 titulos
2313 3954 2528 4007 tantum,

394 4039 410 4074 ί
441 4039 679 4100 Alterius]
715 4036 887 4100 Ipsius
915 4035 1124 4086 Tiberii.
1175 4035 1219 4084 A
1257 4035 1391 4085 Gra·
1470 4030 1861 4083 remanentibus
1914 4026 2185 4090 capitibus.
2251 4022 2402 4074 Quod
2463 4036 2530 4070 ex

333 4119 419 4166 nio
444 4117 697 4165 Marcello
730 4115 924 4165 factum
958 4112 1007 4161 id
1044 4111 1390 4163 narrat-Taci·
1471 4111 1732 4161 Pausania
1754 4108 1807 4156 in
1830 4105 2041 4162 Atticis,
2064 4100 2399 4152 Corinthiacis
2425 4100 2529 4148 col-

337 4202 419 4243 tus
440 4208 479 4242 1.
505 4192 796 4242 Annalium·
829 4190 929 4239 Sed
954 4204 1048 4239 cur
1068 4189 1183 4238 ideo
1205 4190 1283 4237 sic
1304 4187 1388 4236 Ti·

334 4270 503 4318 bei-ius
528 4267 756 4316 exarsit?
802 4268 936 4318 Quia
954 4265 1209 4320 nimirum,
1235 4272 1291 4313 ut
1315 4264 1391 4313 ait

337 4346 540 4409 Lipsius
565 4344 629 4393 ad
653 4345 822 4393 locum
839 4343 1033 4407 Taciti,
1057 4341 1293 4392 solebant
1315 4347 1390 4404 ty-

1469 4187 1631 4250 ligere
1649 4192 1749 4248 est,
1772 4189 1830 4234 ut
1852 4189 1907 4233 et
1927 4195 1992 4230 ex
2017 4177 2188 4230 Plinio
2211 4190 2311 4226 non
2345 4190 2445 4225 uno
2477 4176 2529 4224 in

1470 4265 1607 4312 loco.
