3019 4922
510 395 638 458 154

513 554 650 632 let·‚
695 571 813 616 nec
844 569 965 634 pro
996 552 1260 613 ostento
1291 546 1696 622 ducendum,
1741 545 1801 610 si
1854 546 2094 630 pecudi
2141 553 2302 611 cor¹
2349 546 2696 612 defuisset.

512 653 677 738 [78.]
719 653 975 719 Verum
1021 651 1431 735 praecipuam
1484 657 1556 714 et
1600 648 2075 732 inexpiabilem
2097 657 2169 697 Η
2218 650 2349 714 sibi
2377 650 2699 715 invidiam

512 756 986 820 hincmaxime
1013 753 1244 818 movit.
1330 750 1716 815 Adeuntes⁵
1764 771 1840 815 se
1870 772 2024 816 cum
2055 752 2356 835 plurimis
2385 752 2699 817 honorifi-

514 858 1053 942 centissimisque
1096 855 1375 920 decretis
1398 861 1421 889 ²⁵
1464 854 1808 918 universos
1843 853 2084 919 Patres
2119 857 2544 939 conscriptos
2589 876 2700 920 se-

518 963 687 1027 dens
720 982 842 1045 pro
871 961 1017 1026 aede
1046 958 1330 1024 Veneris
1359 958 1734 1023 Genetricis
1758 966 1784 993 ⁸
1828 956 2143 1043 excepit.⁶
2233 958 2530 1037 Quidam
2572 979 2699 1042 pu-

515 1073 681 1142 tant,
709 1070 1031 1130 retentum
1061 1084 1102 1128 a
1133 1062 1443 1128 Cornelio
1475 1062 1716 1139 Balbo,
1745 1082 1893 1128 cum
1925 1069 2278 1128 conaretur
2307 1082 2694 1147 assurgere:

518 1170 657 1247 alii,
689 1188 773 1233 ne
820 1174 1133 1233 conatum
1167 1166 1439 1251 quidem
1469 1165 1765 1244 omnino,
1817 1165 1939 1230 sed
1991 1168 2192 1232 etiam
2237 1167 2699 1233 admonentem

1360 406 1425 454 0.
1472 403 1833 452 SUETONII

1419 1364 1791 1384 ‘mmo

515 1502 677 1551 Fouc.
711 1498 827 1548 cod.
850 1499 996 1546 Torr.
1020 1497 1132 1562 (qm
1155 1498 1313 1547 etiam
1336 1497 1504 1547 omisit
1527 1497 1598 1562 et)
1621 1497 1756 1547 Edd.
1779 1498 1928 1547 Rom.
1946 1499 2078 1550 Ven.
2101 1503 2165 1546 tr.
2188 1497 2333 1547 Med.
2357 1496 2504 1548 Cald.
2532 1496 2695 1560 Lugd.

515 1567 664 1617 Juut.
681 1578 816 1613 sacro
838 1566 1067 1626 quondum
1091 1563 1207 1613 Bas.
1228 1564 1427 1627 Grypb.
1447 1564 1623 1615 Plant.
1642 1562 1779 1613 Oud.
1801 1564 1989 1613 omisso
2021 1579 2152 1614 sacro
2188 1579 2302 1612 cum
2338 1563 2532 1612 Medic.
2569 1566 2613 1611 1.
2649 1567 2701 1613 3.

516 1631 651 1680 Edd.
685 1630 813 1678 Bou.
839 1629 1002 1678 Paris.
1027 1628 1374 1692 reponendum
1399 1637 1582 1679 censet
1603 1630 1847 1693 quondum.
1914 1630 2113 1679 Probat
2139 1626 2625 1692 wolf.exGue1ph.
2653 1632 2703 1679 2.

515 1700 613 1744 —4
650 1693 961 1744 Exitiubilem
993 1694 1122 1743 Mss.
1157 1694 1329 1743 Pulm.
1360 1696 1505 1744 Torr.
1538 1703 1594 1744 et
1632 1696 1785 1746 Polit.
1805 1694 1956 1744 codd.
1976 1695 2098 1745 Par.
2126 1696 2334 1743 Merum.
2358 1694 2553 1743 Medic.
2579 1698 2625 1742 1.
2650 1697 2701 1744 3.

517 1776 680 1823 marg.
714 1758 916 1821 Grypb.
949 1759 1049 1809 Ed.
1073 1760 1206 1809 Bon.
1238 1759 1371 1824 quod
1409 1759 1548 1810 haud
1588 1759 1897 1823 displicebat
1922 1759 2062 1808 Oud.
2099 1760 2292 1810 inexit.
2317 1760 2413 1809 Ed.
2433 1760 2597 1810 Paris.
2602 1764 2700 1807 -6

516 1827 750 1875 Adeuntis
771 1826 984 1874 Memm.
1020 1826 1104 1887 qui
1141 1841 1260 1875 mox
1295 1826 1481 1889 escepit.
1548 1826 1839 1889 Rescripsit
1872 1826 2092 1889 plurimis
2131 1825 2354 1875 casaub.
2398 1825 2502 1874 fide
2546 1823 2702 1873 codd.

512 1893 660 1941 Torr.
715 1890 908 1940 Nonuii
943 1890 1224 1940 Turonens.
1269 1890 1431 1939 Polit.
1475 1896 1531 1940 et
1575 1890 1710 1941 Edd.
1750 1893 1895 1941 Rom.
1931 1891 2116 1953 quibus
2156 1891 2411 1940 accedunt
2449 1891 2606 1940 Vind.
2648 1894 2704 1938 et

517 1958 660 2007 Cort.
725 1956 789 2005 In
823 1956 991 2006 Periz.
1026 1965 1083 2006 et
1115 1956 1353 2006 omnibus
1385 1953 1498 2006 fere
1546 1956 1680 2006 Edd.
1724 1958 1871 2007 Vett.
1913 1956 2145 2021 pluribus.
2148 1961 2245 2005 -6
2297 1955 2492 2018 Recepit
2540 1954 2707 2005 Rhed.
2779 2015 2789 2020 ἢ

1507 2120 1721 2171 NO'PAE

518 2234 799 2297 existimat,
820 2234 908 2284 nbi
933 2233 1098 2284 simile
1121 2235 1243 2300 quid
1268 2235 1369 2299 ipsi
1390 2241 1573 2285 contra
1653 2234 1761 2284 thia
1782 2232 1988 2284 Ortelio
2024 2230 2189 2282 refert
2225 2232 2442 2281 Thomas
2482 2232 2708 2281 Bartoli·

517 2313 795 2375 Pompeios
821 2318 1108 2375 pugnaturo
1132 2312 1367 2377 contigit.
1434 2313 1573 2364 Con·
1650 2325 1744 2359 nus
1781 2309 1871 2360 lib.
1894 2324 1935 2360 1.
1974 2322 2091 2373 oap-
2124 2313 2204 2358 14.
2242 2307 2512 2358 anatomiae
2545 2308 2708 2359 refor-

506 2390 719 2452 jectnra
735 2388 891 2438 ducta
909 2404 971 2438 ex
988 2389 1249 2453 Appiano,
1268 2390 1570 2455 qui,Romae
1650 2391 1823 2437 matoe.

515 2465 841 2529 degentemC
845 2482 1057 2517 aesarem
1076 2467 1351 2531 Haruspici
1366 2482 1573 2531 respon-

485 2544 655 2617 ‚disse
681 2544 826 2606 ait,‘
847 2558 1058 2595 necesse
1082 2551 1161 2594 est
1187 2545 1409 2608 eveniat,
1434 2543 1569 2611 quod

516 2621 723 2671 evenire
747 2636 957 2672 necesse
981 2620 1095 2672 est.'

582 2704 607 2729 ¹
631 2697 690 2747 Si
705 2699 876 2761 pecudi
895 2714 992 2763 cor,
1011 2699 1116 2764 εμπ]
1147 2699 1330 2750 Cicero
1353 2700 1572 2750 ibidem:

515 2780 530 2801 ‘
551 2781 606 2823 tu
631 2789 753 2824 vero
778 2775 898 2839 quid
923 2776 1100 2841 habes,
1130 2792 1290 2843 quare
1327 2785 1498 2843 putes,
1531 2780 1575 2828 si

515 2852 671 2913 paulo
692 2860 812 2900 ante
834 2867 924 2902 cor
946 2852 1103 2904 fuerit
1135 2855 1186 2904 in
1210 2862 1359 2905 tauro
1381 2858 1573 2922 opimo,

514 2929 684 2979 subito
720 2929 855 2979 idem
891 2931 941 2979 in
980 2931 1094 2994 ipsa
1126 2932 1474 2983 immolatione
1497 2934 1572 2983 in·

515 3006 761 3054 teriisse?
798 3021 861 3055 au
902 3008 1037 3071 quod
1075 3009 1338 3072 aspexerit
1378 3010 1575 3060 vestitu

516 3095 781 3143 purpureo
820 3083 1097 3133 excordem
1137 3084 1419 3150 Caesarem,
1457 3086 1574 3150 ipse

515 3157 671 3206 corde
713 3158 946 3222 privatus
980 3159 1102 3223 est,’
1136 3163 1235 3211 &m
1321 3162 1438 3212 Hoc
1478 3163 1572 3212 ulli

514 3233 763 3282 animanti
804 3234 1109 3299 contingere
1156 3251 1325 3300 posse,
1359 3246 1418 3288 ut
1460 3240 1573 3290 sine

514 3310 671 3379 corde
686 3311 862 3360 vivere
888 3319 1060 3377 queat,
1080 3328 1331 3378 nusquam
1354 3316 1536 3380 accepi
1556 3333 1572 3378 ;

516 3384 779 3512 egcontra
800 3390 1031 3440 sentiunt
1053 3392 1234 3442 Cicero
1258 3393 1372 3443 loco
1394 3394 1576 3458 citato,

513 3463 563 3514 A
592 3465 846 3528 istoteles,
880 3471 937 3515 et
977 3467 1310 3520 Plutarchus.
1356 3470 1575 3535 ,Appia-

515 3557 612 3592 nns
637 3543 795 3592 tradit
817 3543 918 3593 illis
940 3545 1079 3594 extis
1103 3559 1202 3595 non
1226 3562 1336 3612 cor,
1368 3547 1463 3598 sed
1485 3563 1572 3599 ca·

513 3628 611 3683 put
643 3619 892 3672 defuisse.
965 3621 1094 3671 Cum
1135 3622 1299 3686 igitur
1334 3631 1571 3673 extorum

511 3706 672 3761 caput
694 3699 764 3748 sit
788 3699 1054 3762 injecere,
1090 3706 1149 3749 nt
1172 3698 1354 3749 Cicero
1374 3699 1571 3749 ibidem

513 3775 691 3835 tradit,
723 3775 889 3825 minus
920 3775 1100 3825 mirum
1125 3783 1228 3835 est,
1248 3778 1436 3826 animal
1457 3778 1570 3827 sine

511 3853 598 3901 illo
621 3852 794 3901 vivere
818 3854 1063 3916 potuisse,
1098 3860 1210 3902 tum
1243 3867 1308 3902 ex
1333 3854 1571 3918 antiqno·

513 3945 648 3990 rum,
681 3939 788 3980 tum
812 3946 878 3981 ex
901 3932 1247 3983 recentiorum
1279 3935 1573 3997 praesertim

512 4009 773 4057 sententia
789 4010 1128 4071 medicorum;
1155 4011 1206 4060 bi
1222 4011 1471 4077 siquidem
1488 4013 1573 4076 je·

512 4086 647 4136 coris
690 4086 931 4136 obeundo
967 4088 1186 4150 muneri,
1230 4089 1570 4153 repurgandis

513 4162 712 4211 scilicet
755 4161 866 4224 bili,
908 4163 1096 4212 lienem
1136 4162 1375 4215 sufficere
1416 4180 1570 4229 posse

513 4244 717 4300 putant,
741 4244 797 4289 et
819 4246 962 4286 certe
983 4237 1127 4303 (utut
1149 4247 1230 4290 est
1252 4241 1319 4292 de
1336 4241 1572 4314 munere)

514 4315 628 4377 ipsa
652 4313 893 4379 probavit
915 4317 1261 4382 experientia,
1296 4326 1355 4370 ut
1372 4319 1437 4372 de
1457 4321 1572 4375 Ma-

1715 2472 1736 2507 !
1772 2461 2134 2527 [inexpiabilem]
2167 2464 2292 2513 Tres
2329 2463 2585 2514 Torrentii
2621 2477 2707 2513 co·

1652 2542 1796 2592 dices
1811 2542 2001 2591 habeut
2021 2542 2332 2603 exitiabilem,
2348 2549 2402 2591 et
2416 2549 2564 2591 vetus
2583 2556 2707 2605 quo·

1558 2646 1561 2651 ,
1651 2634 1751 2685 que
1775 2619 2043 2682 Politiani,
2064 2625 2120 2667 et
2140 2618 2469 2674 Turonensis..
2491 2618 2582 2666 sed
2606 2620 2708 2681 pri·

1653 2712 1793 2748 orem
1810 2697 2086 2747 lectionem
2102 2697 2292 2745 habent
2311 2697 2501 2760 plures,
2515 2710 2581 2746 ex
2598 2697 2710 2760 qui·

1653 2774 1749 2825 bns
1793 2789 1950 2824 unum
1992 2789 2022 2824 e
2077 2773 2254 2837 Regiis
2299 2774 2708 2838 antiquissimum

1653 2851 1836 2901 laudat
1859 2852 2079 2902 Casaub.

1718 2939 1739 2963 ²
1772 2930 2017 2993 Decretis]
2054 2928 2163 2979 Illis
2185 2928 2372 2994 quibus
2393 2930 2611 2979 honores
2634 2945 2714 2978 sn-

1654 3019 1749 3069 pra
1770 3006 2041 3056 memorati
2063 3005 2452 3056 deferebantur.
2488 3007 2712 3056 Senatus

1654 3085 1870 3134 decreta
1888 3100 1917 3133 a
1931 3084 2401 3134 senatusconsultis
2418 3084 2515 3133 hoc
2531 3083 2713 3134 distin·

1654 3169 1817 3225 guuut
1839 3162 2014 3226 aliqui,
2030 3159 2166 3225 quod
2184 3161 2295 3210 baec
2318 3160 2603 3223 generalia,
2626 3161 2715 3210 illa

1656 3254 1781 3290 vero
1798 3239 2065 3304 specialia,
2084 3244 2139 3287 et
2156 3238 2374 3301 alicujus
2392 3252 2552 3288 causa
2563 3238 2714 3288 emis·

1656 3332 1732 3380 sa,
1764 3323 1821 3366 ut
1863 3316 1908 3365 si
1947 3316 2031 3366 cui
2069 3314 2334 3379 provincia
2370 3314 2452 3363 vel
2491 3314 2711 3363 honores

1656 3397 2078 3446 decernerentur.

1717 3479 1741 3504 ὃ
1772 3471 1875 3519 Pro
1893 3472 1992 3520 oede
2014 3468 2211 3519 Veneris
2226 3465 2508 3530 genetricis]
2544 3468 2714 3531 Supra

1652 3563 1713 3599 ca
1755 3580 1768 3597 .
1791 3552 1875 3596 61.

1717 3563 1750 3657 hp
1776 3623 1993 3674 Cornelio
2016 3620 2194 3685 Balbo]
2241 3622 2344 3671 Hic
2371 3621 2571 3670 Caesari
2606 3619 2712 3670 affi-

1652 3702 1733 3751 nis
1758 3709 1887 3761 erat,
1918 3700 1998 3750 M.
2026 3700 2161 3748 enim
2186 3699 2376 3748 Accius
2400 3698 2600 3747 Balbus
2620 3699 2713 3750 Ju-

1650 3778 1770 3827 liam
1793 3776 2009 3826 Caesaris
2032 3789 2259 3824 sororem
2282 3773 2525 3824 duxerat.
2595 3775 2713 3823 Bal·

1651 3857 1771 3907 bum
1793 3858 1937 3906 illum
1951 3855 2146 3906 dixisse
2167 3853 2365 3916 ferunt,
2385 3856 2400 3880 ‘
2413 3854 2712 3903 memineris

1653 3950 1766 3985 esse
1789 3941 1842 3984 te
1866 3931 2162 3983 Caesarem!
2204 3932 2380 3981 Ca’sar
2403 3938 2578 3980 tamen
2601 3930 2712 3993 ipse

1652 4020 1835 4076 postea
1857 4018 2098 4060 causatus
2121 4015 2223 4069 est,
2245 4021 2301 4057 se
2323 4017 2446 4056 tuuc
2465 4007 2713 4071 temporis

1651 4087 1895 4140 comitiali
1932 4086 2108 4136 morbo
2144 4084 2238 4149 (de
2277 4097 2380 4148 quo
2417 4096 2576 4146 supra
2594 4097 2711 4145 cap.

1648 4171 1732 4217 45.
1756 4173 1812 4216 et
1834 4162 1941 4228 50.)
1976 4169 2271 4226 correptum
2305 4174 2580 4224 assurgere
2612 4172 2713 4209 nou

1652 4244 1900 4310 potuisse.
1962 4298 1972 4312 ι
