3019 4922
2397 429 2528 495 453

329 586 700 670 increpans,
731 593 802 653 ut
830 586 1121 668 ignaros,
1139 592 1395 668 quanta
1420 586 1648 650 bellna
1673 583 1691 620 ²
1722 591 1902 658 esset
1919 588 2309 671 imperium3
2356 611 2526 656 nunc

329 697 721 773 precantem
767 690 1110 766 Senatum,
1152 692 1219 752 et
1247 689 1792 771 procumbentem
1824 690 1955 754 sibi
1987 691 2071 754 ad
2113 711 2351 774 genua,
2384 673 2525 757 am·

330 792 555 873 biguis
583 791 921 876 responsis
944 797 1008 855 et
1030 791 1279 856 callida
1303 793 1730 856 cunctatione
1764 794 2185 876 suspendens
2208 791 2252 860 :k
2281 803 2349 860 ut
2380 798 2527 879 qui-

332 895 485 958 dam
516 896 911 979 patientiam
938 902 1399 979 rumperent‚¹0
1428 902 1634 979 atque
1655 916 1821 960 unus
1853 896 1919 959 in
1950 899 2228 963 tumultu
2260 901 2526 982 procla·

331 1005 567 1075 maret,
605 997 787 1061 ‘Aut
814 994 1005 1080 agat,¹
1061 1004 1180 1062 aut
1224 996 1512 1061 desistat
1537 994 1576 1059 τ’
1622 997 1789 1062 alter
1817 1017 2040 1063 coram
2069 1001 2525 1083 exprobraret,

334 1105 353 1134 ‘
375 1101 708 1179 CeteroS,*
737 1101 920 1185 quod
963 1102 1252 1185 polliciti
1293 1102 1448 1177 sint,
1479 1100 1668 1166 tarde
1701 1107 2054 1184 praestare:
2102 1103 2222 1166 sed
2252 1103 2522 1186 ipsum,¹

332 1203 515 1287 quod
549 1210 851 1287 praestet,
893 1204 1083 1269 tarde
1127 1202 1475 1287 polliceri!
1562 1203 1866 1268 Tandem
1896 1204 2091 1286 quasi
2119 1212 2423 1284 coactuS,
2458 1213 2527 1271 et

332 1326 615 1390 querens
680 1311 699 1340 ‘
725 1308 1036 1371 miseram
1083 1313 1152 1370 et
1196 1324 1541 1369 onerosam
1587 1306 1834 1389 injungi
1881 1306 2051 1369 sibi²
2100 1307 2526 1384 servitutem,'

330 1410 587 1492 recepit
617 1411 967 1493 imperium
996 1429 1015 1491 ;
1059 1429 1184 1474 nec
1224 1418 1442 1474 tamen
1472 1409 1687 1486 aliter,
1718 1428 1919 1493 quam
1947 1416 2039 1483 ut,
2067 1409 2524 1492 depositurum

333 1531 406 1575 se
460 1512 882 1596 quandoque,
928 1531 1116 1595 spem
1164 1511 1429 1575 faceret.
1519 1511 1745 1594 Ipsius
1796 1514 1999 1575 verba
2042 1517 2200 1575 sunt
2222 1520 2262 1575 :³
2312 1518 2331 1546 ‘
2351 1514 2524 1595 Dum

329 1615 594 1679 veniam
632 1615 719 1680 ad
752 1614 822 1679 id
869 1622 1155 1698 tempuS,
1175 1635 1309 1699 quo
1336 1615 1534 1679 vobis
1565 1634 1827 1698 aequum
1856 1616 2074 1698 possit
2103 1613 2333 1692 videri,
2364 1613 2525 1679 dare

327 1724 511 1782 vos4
559 1718 855 1803 aliquam
905 1718 1235 1782 senectuti
1280 1737 1451 1783 meae
1482 1717 1818 1802 requiem.’
1897 1715 2059 1800 [25]
2107 1716 2523 1782 Cunctandi⁵

1236 440 1621 490 TIBERIUS.

390 1934 415 1967 ¹¹
437 1935 574 1985 Alios
594 1951 694 1985 sero
711 1937 879 2000 exequi
892 1936 1122 2000 promissa
1141 1951 1246 2001 sua,
1267 1936 1422 2000 ipsum
1436 1935 1683 1986 Tiberium
1703 1951 1805 1985 sero
1819 1936 2092 1999 promittere
2113 1938 2234 2001 quod
2251 1940 2527 2001 exequatur.

1242 2116 1331 2136 ’θ’
1338 2116 1605 2136 ὈΙΝΟΟΟΟ

322 2264 479 2312 animo
502 2264 666 2314 Grou.
689 2263 977 2327 probantib.
1002 2265 1218 2315 Dukero
1239 2265 1302 2316 ad
1339 2267 1477 2317 Flor.
1499 2282 1561 2317 n.
1585 2272 1661 2316 14.
1683 2271 1732 2316 3.
1754 2267 1933 2317 GraeV.
1956 2266 2078 2316 Ern.
2101 2264 2259 2314 Wolf.
2279 2265 2449 2314 Periz.
2471 2277 2526 2315 et

325 2329 534 2378 Ruhnk.
554 2329 615 2377 ad
652 2331 700 2379 h.
725 2330 762 2378 Ι.
785 2345 849 2379 eu
928 2346 1062 2381 man.
1099 2331 1240 2382 doct.
1280 2333 1330 2381 in
1368 2337 1531 2396 marg.
1559 2332 1657 2383 Ed.
1681 2333 1882 2397 Grypli.
1908 2335 2055 2382 1539.
2087 2333 2103 2360 ⁴
2128 2332 2179 2379 Si
2202 2337 2363 2380 staret
2391 2332 2529 2393 vulg.

321 2395 786 2457 interpungendum
812 2397 881 2444 nal
908 2409 988 2444 em
1013 2405 1150 2447 esset
1172 2412 1288 2446 cum
1314 2399 1573 2464 plerisque
1598 2398 1732 2448 Edd.
1756 2406 1811 2446 et
1837 2398 1973 2446 Oud.
1994 2403 2109 2460 post
2133 2397 2385 2457 recusavit,
2401 2397 2526 2460 jun-

323 2461 594 2525 gendaque
628 2460 742 2526 imp.
763 2461 918 2511 animo
944 2496 990 2510 ..
1013 2496 1026 2510 .
1049 2461 1242 2575 ἐπι-νεῖ]
1278 2465 1499 2527 Baumg.
1565 2465 1629 2514 In
1657 2464 1790 2513 Edd.
1831 2464 1979 2514 Junt.
2021 2463 2139 2511 ΑΜ.
2180 2465 2271 2510 Ste
2314 2461 2363 2511 Ιι.
2400 2478 2525 2511 nunc

323 2527 578 2575 adhortans
598 2542 690 2574 am.
711 2542 832 2575 nunc
853 2528 1031 2590 inc-rep.
1056 2529 1157 2577 Vin
1201 2562 1213 2576 .
1236 2533 1284 2577 2.
1306 2530 1612 2578 adhortantes
1632 2545 1756 2577 nunc
1775 2544 1868 2577 am.
1887 2536 1942 2577 et
1963 2529 2033 2577 ita
2051 2528 2193 2576 Cort.
2218 2528 2263 2575 E
2303 2527 2352 2575 d.
2377 2528 2524 2576 Rom.

322 2591 468 2641 Med.
489 2591 679 2642 Sabell.
705 2591 850 2641 Cald.
876 2593 1004 2640 Bon.
1052 2594 1350 2642 adhortantis
1387 2594 1583 2642 Medic.
1607 2597 1654 2641 3.
1704 2594 1963 2642 adhortans
1997 2607 2158 2650 marg.
2203 2591 2414 2641 Mediol.
2442 2606 2523 2655 pr.

320 2658 494 2705 amicos
512 2656 661 2704 deest
683 2656 842 2705 Vind.
861 2661 1037 2708 1.—10
1057 2658 1313 2720 Rumperet
1336 2659 1529 2708 Medic.
1557 2664 1600 2708 l.
1624 2658 1758 2707 Edd.
1787 2657 1979 2706 Sabell.
2006 2657 2148 2706 Med.
2173 2656 2322 2704 Cald.
2359 2657 2525 2705 Paulo

322 2731 446 2771 aute
466 2721 621 2770 calida
636 2722 768 2770 Ven.
790 2727 840 2771 8.
862 2738 925 2771 ac
951 2737 1068 2772 mox
1091 2724 1362 2785 exprobarit
1388 2725 1626 2772 Corn—1
1658 2723 1723 2773 Se
1739 2724 1828 2787 ips.
1853 2723 2064 2771 Memm.
2087 2721 2239 2771 Vind.
2263 2727 2306 2770 1.
2332 2721 2528 2770 Medic.

324 2790 373 2834 Ι.
399 2786 563 2835 Periz.
594 2787 823 2836 Harlem.
847 2787 968 2849 Cuj.
989 2796 1041 2837 et
1083 2790 1345 2852 pleraeque
1369 2789 1504 2838 Edd.
1530 2788 1679 2838 Vett.
1717 2804 1768 2837 se
1789 2793 1835 2836 et
1858 2788 1948 2850 ips.
1969 2787 2164 2836 Medic.
2189 2791 2235 2834 l.
2266 2789 2348 2834 sed
2362 2802 2414 2835 se
2435 2787 2525 2848 ips.

324 2851 475 2899 Voss.
509 2866 560 2899 se
580 2852 670 2914 ips.
689 2853 877 2915 quidem
899 2854 999 2902 Ed.
1023 2855 1171 2903 Rom.
1193 2867 1296 2904 sec.
1361 2854 1436 2903 At
1457 2856 1541 2903 sed
1562 2855 1651 2917 ips.
1687 2853 1824 2917 quod
1862 2868 1925 2900 ex
1964 2853 2085 2902 Urs.
2122 2860 2176 2900 et
2211 2852 2332 2900 Lisl.
2358 2851 2526 2900 Codd.

324 2929 443 2966 cum
465 2915 564 2965 Ed.
583 2917 766 2981 Steph.
791 2918 1022 2967 restituit
1044 2918 1266 2967 Casaub.
1289 2920 1480 2968 liabent
1499 2919 1691 2968 Medic.
1713 2923 1761 2967 2.
1784 2918 1940 2966 vind.
1960 2921 2008 2966 2.
2037 2918 2329 2980 pluresque.
2395 2918 2525 2968 Cum

325 2980 450 3031 Bae.
471 2991 605 3043 post.
629 2990 683 3032 et
705 2983 844 3044 Lips.
865 2982 1025 3046 ejecit
1048 2998 1098 3032 se
1133 2985 1213 3032 vel
1235 2986 1316 3034 sed
1337 2984 1487 3034 Torr.
1553 2985 1679 3033 Tum
1703 2985 1863 3032 tardet
1886 2983 2122 3031 Dum—2
2157 2982 2266 3030 Sibi
2288 2980 2372 3042 inj.
2396 2983 2532 3030 Edd.

324 3046 473 3094 Rom.
497 3054 549 3094 et
572 3048 744 3110 recipit
767 3047 961 3098 Medic.
987 3052 1036 3097 3.
1064 3048 1217 3099 Polit.
1240 3049 1464 3112 coru—3
1490 3049 1666 3113 Vulgo
1686 3054 1796 3096 sunt
1819 3048 1933 3097 hoec.
2002 3049 2207 3097 Delevit
2235 3062 2527 3109 praenomen

324 3111 462 3160 Oud.
487 3114 742 3161 auctorit).
768 3114 894 3162 Mas.
921 3113 1245 3177 Palm-Cop-
1272 3114 1423 3163 Huls.
1458 3115 1632 3164 Periz.
1669 3113 1864 3163 Medic.
1886 3114 2043 3162 vind.
2086 3114 2246 3162 Polit.
2281 3114 2433 3161 Voss.
2471 3120 2528 3163 et

323 3176 456 3224 Edd.
478 3183 599 3225 aute
627 3179 747 3227 Bas.
768 3179 1223 3241 comprobantibus
1247 3181 1369 3230 Ern.
1392 3178 1551 3230 Wolf.
1587 3181 1905 3242 Bauiug.-4
1948 3178 2040 3228 Vos
2072 3180 2185 3227 dare
2220 3177 2352 3227 Edd.
2379 3180 2526 3227 Rom.

322 3241 454 3292 Ven.
482 3243 613 3291 Bon.
635 3242 794 3307 Lugd.
838 3245 974 3295 Dein
1000 3260 1094 3308 pro
1116 3261 1218 3309 req.
1253 3246 1378 3296 Per.
1400 3262 1431 3296 a
1452 3262 1523 3297 m.
1546 3260 1623 3309 pr.
1641 3247 1941 3296 veniam—5
1979 3244 2236 3294 Cunctanti
2258 3245 2453 3294 Medic.
2480 3249 2529 3294 l.

1321 3442 1537 3492 NOTAE

388 3568 402 3602 ¹
435 3568 627 3624 Quana
670 3569 843 3634 bellua]
886 3570 1081 3621 Eadem
1129 3572 1386 3622 sententia
1467 3572 1521 3621 in
1547 3570 1699 3621 rebus
1720 3584 1845 3635 quas
1880 3583 1980 3619 non
2016 3569 2298 3626 occuleret,
2332 3584 2419 3618 seu
2441 3583 2529 3618 na-

321 3646 590 3696 Saturnini
627 3647 764 3712 apud
785 3649 1088 3712 Vopiscum,
1117 3651 1306 3699 amicos
1331 3659 1388 3700 et

321 3727 612 3773 exercitum
666 3727 1012 3792 alloquentis:
1094 3729 1110 3756 ‘
1134 3729 1387 3791 Nescitis,

323 3803 634 3866 amici,quid
670 3805 789 3852 muli
821 3806 889 3854 sit
921 3804 1196 3868 imperare.
1263 3805 1386 3856 Gla·

320 3884 391 3932 dii
426 3891 484 3932 et
518 3886 622 3932 tela
655 3883 846 3932 nostris
879 3883 1171 3933 cervicibus
1194 3884 1390 3946 impen-

319 3963 464 4015 dent,
504 3958 772 4008 imminent
814 3961 974 4008 liastae
1014 3960 1258 4021 undique,
1296 3974 1388 4010 une

320 4036 475 4100 dique
502 4034 720 4096 spicula,
736 4035 837 4098 ipsi
859 4034 1100 4085 custodes
1120 4035 1386 4099 timentur,

319 4112 420 4175 ipsi
456 4112 675 4160 comites
709 4110 1075 4177 formidantur,
1106 4127 1208 4161 non
1241 4114 1386 4162 cibus

321 4203 416 4253 pro
441 4187 749 4250 voluptate,’
774 4191 872 4239 ἔω.

384 4264 408 4298 k
447 4266 638 4314 Callida
710 4262 1007 4317 cunctatione
1075 4264 1385 4330 suspendens]

320 4341 529 4396 Tucim
573 4340 798 4392 ibidemz
834 4341 1187 4408 ‘Tiberioque
1228 4340 1387 4392 etiam

1468 3659 1610 3713 tura,
1632 3664 1720 3698 seu
1745 3648 2094 3706 assuetudine,
2127 3660 2374 3709 suspensa
2397 3662 2529 3696 sem-

1469 3739 1564 3791 per
1606 3732 1660 3774 et
1704 3725 1926 3774 obscura
1981 3725 2176 3774 verba:
2232 3730 2353 3772 tunc
2406 3739 2529 3774 vcro

1466 3803 1654 3852 nitenti
1678 3809 1738 3851 ut
1758 3815 1935 3850 sensus
1975 3813 2093 3849 suos
2129 3801 2332 3862 penitus
2371 3800 2529 3849 abde·

1468 3887 1570 3940 ret,
1601 3879 1653 3927 in
1688 3880 1940 3928 incertum
1964 3886 2017 3927 et
2041 3877 2330 3941 ambiguum
2370 3879 2530 3939 magis

1468 3953 1907 4021 implicabantur.'

1531 4032 1545 4066 ¹
1578 4033 1680 4082 Aut
1707 4037 1843 4093 agat,
1873 4028 1977 4093 ξω]
2012 4029 2128 4078 Hoc
2165 4035 2263 4083 est,
2296 4029 2377 4077 vel
2415 4035 2531 4078 tau-

1469 4110 1585 4159 dem
1634 4120 1816 4174 aperte
1860 4109 2172 4174 profiteatur
2223 4123 2425 4157 sumere
2472 4122 2528 4158 se

1465 4188 1834 4252 principatum,
1867 4189 1946 4236 vel
1985 4186 2050 4235 ab
2084 4200 2146 4235 eo
2172 4185 2417 4235 sumendo
2442 4186 2528 4235 de-

1466 4266 1649 4326 sistat3
1682 4279 1799 4313 nam
1843 4279 1897 4313 re
1936 4264 2068 4327 ipsa,
2102 4271 2161 4312 ut
2196 4262 2391 4311 dictum
2427 4272 2527 4326 est,

1456 4342 1567 4406 jam
1592 4341 1778 4405 agebat
1801 4340 2097 4408 Principem
2116 4346 2170 4390 et
2187 4339 2527 4411 principatum
