<?xml version="1.0" encoding="UTF-8"?>
<!DOCTYPE html PUBLIC "-//W3C//DTD XHTML 1.0 Transitional//EN"
    "http://www.w3.org/TR/xhtml1/DTD/xhtml1-transitional.dtd">
<html xmlns="http://www.w3.org/1999/xhtml" xml:lang="en" lang="en">
 <head>
  <title>
</title>
<meta http-equiv="Content-Type" content="text/html;charset=utf-8" />
  <meta name='ocr-system' content='tesseract 3.04.00' />
  <meta name='ocr-capabilities' content='ocr_page ocr_carea ocr_par ocr_line ocrx_word'/>
</head>
<body>
  <div class='ocr_page' id='page_1' title='image "./operaomniaexedi04suetgoog/operaomniaexedi04suetgoog_0093.png"; bbox 0 0 3019 4922; ppageno 0'>
   <div class='ocr_carea' id='block_1_1' title="bbox 1318 365 1616 415">
    <p class='ocr_par' dir='ltr' id='par_1_1' title="bbox 1318 365 1616 415">
     <span class='ocr_line' id='line_1_1' title="bbox 1318 365 1616 415; baseline 0.007 -2"><span class='ocrx_word' id='word_1_1' title='bbox 1318 365 1616 415; x_wconf 73' lang='lat' dir='ltr'><strong>snmus·</strong></span> 
     </span>
    </p>
   </div>
   <div class='ocr_carea' id='block_1_2' title="bbox 2472 352 2566 430">
    <p class='ocr_par' dir='ltr' id='par_1_2' title="bbox 2472 352 2566 430">
     <span class='ocr_line' id='line_1_2' title="bbox 2472 352 2566 430; baseline 0 0"><span class='ocrx_word' id='word_1_2' title='bbox 2472 352 2566 430; x_wconf 70' lang='lat'><strong>„83</strong></span> 
     </span>
    </p>
   </div>
   <div class='ocr_carea' id='block_1_3' title="bbox 354 503 2563 1109">
    <p class='ocr_par' dir='ltr' id='par_1_3' title="bbox 354 503 2563 1109">
     <span class='ocr_line' id='line_1_3' title="bbox 354 503 2560 601; baseline 0.004 -29"><span class='ocrx_word' id='word_1_3' title='bbox 354 525 519 573; x_wconf 82' lang='lat' dir='ltr'><strong>sane</strong></span> <span class='ocrx_word' id='word_1_4' title='bbox 539 503 1007 575; x_wconf 83' lang='lat' dir='ltr'><strong>difficillimum</strong></span> <span class='ocrx_word' id='word_1_5' title='bbox 1034 508 1263 592; x_wconf 84' lang='lat' dir='ltr'>gessit,</span> <span class='ocrx_word' id='word_1_6' title='bbox 1286 529 1502 595; x_wconf 89' lang='lat' dir='ltr'><strong>neque</strong></span> <span class='ocrx_word' id='word_1_7' title='bbox 1525 518 1551 548; x_wconf 85' lang='lat'>²</span> <span class='ocrx_word' id='word_1_8' title='bbox 1580 511 1758 593; x_wconf 91' lang='lat' dir='ltr'><strong>loco,</strong></span> <span class='ocrx_word' id='word_1_9' title='bbox 1781 533 2000 599; x_wconf 91' lang='lat' dir='ltr'><strong>neque</strong></span> <span class='ocrx_word' id='word_1_10' title='bbox 2027 522 2323 598; x_wconf 88' lang='lat' dir='ltr'><strong>tempore</strong></span> <span class='ocrx_word' id='word_1_11' title='bbox 2343 535 2560 601; x_wconf 78' lang='lat' dir='ltr'><strong>aequo,</strong></span> 
     </span>
     <span class='ocr_line' id='line_1_4' title="bbox 357 610 2563 700; baseline 0.005 -28"><span class='ocrx_word' id='word_1_12' title='bbox 357 611 473 675; x_wconf 88' lang='lat' dir='ltr'><strong>sed</strong></span> <span class='ocrx_word' id='word_1_13' title='bbox 497 610 767 694; x_wconf 84' lang='lat' dir='ltr'><strong>hyemev</strong></span> <span class='ocrx_word' id='word_1_14' title='bbox 798 613 1000 689; x_wconf 85' lang='lat' dir='ltr'><strong>anni,³</strong></span> <span class='ocrx_word' id='word_1_15' title='bbox 1034 619 1104 676; x_wconf 88' lang='lat' dir='ltr'><strong>et</strong></span> <span class='ocrx_word' id='word_1_16' title='bbox 1131 612 1309 677; x_wconf 88' lang='lat' dir='ltr'><strong>intra</strong></span> <span class='ocrx_word' id='word_1_17' title='bbox 1336 614 1587 681; x_wconf 87' lang='lat' dir='ltr'><strong>moenia</strong></span> <span class='ocrx_word' id='word_1_18' title='bbox 1606 619 1644 650; x_wconf 68' lang='lat' dir='ltr'>w</span> <span class='ocrx_word' id='word_1_19' title='bbox 1675 617 2128 700; x_wconf 84' lang='lat' dir='ltr'><strong>copiosissimi</strong></span> <span class='ocrx_word' id='word_1_20' title='bbox 2160 638 2241 683; x_wconf 86' lang='lat' dir='ltr'><strong>ac</strong></span> <span class='ocrx_word' id='word_1_21' title='bbox 2270 619 2563 684; x_wconf 87' lang='lat' dir='ltr'><strong>solertis·</strong></span> 
     </span>
     <span class='ocr_line' id='line_1_5' title="bbox 362 712 2560 807; baseline 0.005 -30"><span class='ocrx_word' id='word_1_22' title='bbox 362 712 507 777; x_wconf 88' lang='lat' dir='ltr'><strong>simi</strong></span> <span class='ocrx_word' id='word_1_23' title='bbox 551 713 820 793; x_wconf 82' lang='lat' dir='ltr'><strong>hostis,¹</strong></span> <span class='ocrx_word' id='word_1_24' title='bbox 856 716 1050 800; x_wconf 88' lang='lat' dir='ltr'><strong>inops</strong></span> <span class='ocrx_word' id='word_1_25' title='bbox 1100 717 1249 799; x_wconf 90' lang='lat' dir='ltr'><strong>ipse</strong></span> <span class='ocrx_word' id='word_1_26' title='bbox 1288 736 1500 781; x_wconf 87' lang='lat' dir='ltr'><strong>rerum</strong></span> <span class='ocrx_word' id='word_1_27' title='bbox 1549 718 1898 799; x_wconf 80' lang='lat' dir='ltr'><strong>omnium,4</strong></span> <span class='ocrx_word' id='word_1_28' title='bbox 1931 727 2129 806; x_wconf 87' lang='lat' dir='ltr'><strong>atque</strong></span> <span class='ocrx_word' id='word_1_29' title='bbox 2170 724 2560 807; x_wconf 78' lang='lat' dir='ltr'><strong>imparatuS.</strong></span> 
     </span>
     <span class='ocr_line' id='line_1_6' title="bbox 365 813 2561 909; baseline 0.004 -29"><span class='ocrx_word' id='word_1_30' title='bbox 365 813 665 899; x_wconf 84' lang='lat' dir='ltr'><strong>Regnum</strong></span> <span class='ocrx_word' id='word_1_31' title='bbox 697 818 979 903; x_wconf 86' lang='lat' dir='ltr'><strong>AEgypti</strong></span> <span class='ocrx_word' id='word_1_32' title='bbox 1010 818 1231 884; x_wconf 84' lang='lat' dir='ltr'><strong>victor</strong></span> <span class='ocrx_word' id='word_1_33' title='bbox 1260 817 1633 904; x_wconf 66' lang='lat' dir='ltr'><strong>Cleopatrae</strong></span> <span class='ocrx_word' id='word_1_34' title='bbox 1659 830 1688 867; x_wconf 61' lang='grc' dir='ltr'><strong><em>Υ</em></strong></span> <span class='ocrx_word' id='word_1_35' title='bbox 1742 822 2055 909; x_wconf 82' lang='lat' dir='ltr'><strong>fratrique</strong></span> <span class='ocrx_word' id='word_1_36' title='bbox 2085 824 2235 909; x_wconf 88' lang='lat' dir='ltr'><strong>ejus</strong></span> <span class='ocrx_word' id='word_1_37' title='bbox 2279 825 2515 891; x_wconf 90' lang='lat' dir='ltr'><strong>minori</strong></span> <span class='ocrx_word' id='word_1_38' title='bbox 2537 832 2561 859; x_wconf 81' lang='lat'>²</span> 
     </span>
     <span class='ocr_line' id='line_1_7' title="bbox 359 921 2560 1013; baseline 0.006 -32"><span class='ocrx_word' id='word_1_39' title='bbox 359 921 700 1001; x_wconf 81' lang='lat' dir='ltr'><strong>permisit:</strong></span> <span class='ocrx_word' id='word_1_40' title='bbox 732 923 984 987; x_wconf 85' lang='lat' dir='ltr'><strong>veritus</strong></span> <span class='ocrx_word' id='word_1_41' title='bbox 1014 924 1434 1007; x_wconf 83' lang='lat' dir='ltr'><strong>provinciam</strong></span> <span class='ocrx_word' id='word_1_42' title='bbox 1463 924 1738 1004; x_wconf 73' lang='lat' dir='ltr'><strong>facere,a</strong></span> <span class='ocrx_word' id='word_1_43' title='bbox 1768 948 1846 990; x_wconf 91' lang='lat' dir='ltr'><strong>ne</strong></span> <span class='ocrx_word' id='word_1_44' title='bbox 1870 929 2281 1013; x_wconf 84' lang='lat' dir='ltr'><strong>quandoque</strong></span> <span class='ocrx_word' id='word_1_45' title='bbox 2308 928 2560 994; x_wconf 89' lang='lat' dir='ltr'><strong>violen-</strong></span> 
     </span>
     <span class='ocr_line' id='line_1_8' title="bbox 366 1022 2557 1109; baseline 0.005 -23"><span class='ocrx_word' id='word_1_46' title='bbox 366 1022 594 1088; x_wconf 83' lang='lat' dir='ltr'><strong>tiorem</strong></span> <span class='ocrx_word' id='word_1_47' title='bbox 625 1025 983 1109; x_wconf 86' lang='lat' dir='ltr'><strong>praesidem</strong></span> <span class='ocrx_word' id='word_1_48' title='bbox 1012 1032 1234 1104; x_wconf 84' lang='lat' dir='ltr'><strong>nacta,</strong></span> <span class='ocrx_word' id='word_1_49' title='bbox 1258 1047 1582 1092; x_wconf 85' lang='lat' dir='ltr'><strong>novarum</strong></span> <span class='ocrx_word' id='word_1_50' title='bbox 1608 1049 1821 1095; x_wconf 90' lang='lat' dir='ltr'><strong>rerum</strong></span> <span class='ocrx_word' id='word_1_51' title='bbox 1852 1034 2127 1099; x_wconf 84' lang='lat' dir='ltr'><strong>materia</strong></span> <span class='ocrx_word' id='word_1_52' title='bbox 2156 1041 2382 1098; x_wconf 86' lang='lat' dir='ltr'><strong>essct.⁵</strong></span> <span class='ocrx_word' id='word_1_53' title='bbox 2445 1032 2557 1098; x_wconf 91' lang='lat' dir='ltr'><strong>Ab</strong></span> 
     </span>
    </p>
   </div>
   <div class='ocr_carea' id='block_1_4' title="bbox 1276 1226 1642 1247">
    <p class='ocr_par' dir='ltr' id='par_1_4' title="bbox 1276 1226 1642 1247">
     <span class='ocr_line' id='line_1_9' title="bbox 1276 1226 1642 1247; baseline 0 0"><span class='ocrx_word' id='word_1_54' title='bbox 1276 1226 1642 1247; x_wconf 58' lang='lat' dir='ltr'><strong>OOOOOOOOOOOO</strong></span> 
     </span>
    </p>
   </div>
   <div class='ocr_carea' id='block_1_5' title="bbox 364 1374 2557 1645">
    <p class='ocr_par' dir='ltr' id='par_1_5' title="bbox 364 1374 2557 1645">
     <span class='ocr_line' id='line_1_10' title="bbox 364 1374 2556 1443; baseline 0.003 -18"><span class='ocrx_word' id='word_1_55' title='bbox 364 1375 564 1427; x_wconf 83' lang='lat' dir='ltr'><strong>inverso</strong></span> <span class='ocrx_word' id='word_1_56' title='bbox 600 1374 784 1427; x_wconf 83' lang='lat' dir='ltr'><strong>ordine</strong></span> <span class='ocrx_word' id='word_1_57' title='bbox 819 1377 913 1427; x_wconf 78' lang='lat' dir='ltr'><strong>ins.</strong></span> <span class='ocrx_word' id='word_1_58' title='bbox 945 1383 983 1428; x_wconf 79' lang='lat' dir='ltr'><strong>t.</strong></span> <span class='ocrx_word' id='word_1_59' title='bbox 1019 1393 1158 1442; x_wconf 77' lang='lat' dir='ltr'><strong>quoq.</strong></span> <span class='ocrx_word' id='word_1_60' title='bbox 1161 1383 1257 1429; x_wconf 82' lang='lat'><strong>-2</strong></span> <span class='ocrx_word' id='word_1_61' title='bbox 1292 1380 1393 1430; x_wconf 83' lang='lat' dir='ltr'><strong>Nec</strong></span> <span class='ocrx_word' id='word_1_62' title='bbox 1431 1382 1531 1431; x_wconf 83' lang='lat' dir='ltr'><strong>loco</strong></span> <span class='ocrx_word' id='word_1_63' title='bbox 1566 1381 1892 1432; x_wconf 77' lang='lat' dir='ltr'><strong>Vind.1.--s</strong></span> <span class='ocrx_word' id='word_1_64' title='bbox 1927 1383 2006 1432; x_wconf 81' lang='lat' dir='ltr'><strong>Ex</strong></span> <span class='ocrx_word' id='word_1_65' title='bbox 2045 1382 2224 1434; x_wconf 86' lang='lat' dir='ltr'><strong>codice</strong></span> <span class='ocrx_word' id='word_1_66' title='bbox 2256 1397 2348 1433; x_wconf 85' lang='lat' dir='ltr'><strong>suo</strong></span> <span class='ocrx_word' id='word_1_67' title='bbox 2386 1383 2556 1443; x_wconf 67' lang='grc' dir='ltr'><strong>Πηίη,</strong></span> 
     </span>
     <span class='ocr_line' id='line_1_11' title="bbox 365 1443 2557 1508; baseline 0.003 -17"><span class='ocrx_word' id='word_1_68' title='bbox 365 1443 460 1507; x_wconf 85' lang='lat' dir='ltr'><strong>legi</strong></span> <span class='ocrx_word' id='word_1_69' title='bbox 476 1443 632 1506; x_wconf 85' lang='lat' dir='ltr'><strong>jubet</strong></span> <span class='ocrx_word' id='word_1_70' title='bbox 654 1449 795 1506; x_wconf 80' lang='lat' dir='ltr'><strong>temp·</strong></span> <span class='ocrx_word' id='word_1_71' title='bbox 822 1443 936 1493; x_wconf 76' lang='lat' dir='ltr'><strong>anni</strong></span> <span class='ocrx_word' id='word_1_72' title='bbox 968 1445 1099 1508; x_wconf 77' lang='lat' dir='ltr'><strong>ae&#39;quo</strong></span> <span class='ocrx_word' id='word_1_73' title='bbox 1119 1446 1202 1494; x_wconf 81' lang='lat' dir='ltr'><strong>sed</strong></span> <span class='ocrx_word' id='word_1_74' title='bbox 1240 1444 1409 1506; x_wconf 76' lang='lat' dir='ltr'><strong>hieme,</strong></span> <span class='ocrx_word' id='word_1_75' title='bbox 1432 1445 1825 1497; x_wconf 80' lang='lat' dir='ltr'><strong>adversantibus</strong></span> <span class='ocrx_word' id='word_1_76' title='bbox 1859 1448 2079 1499; x_wconf 78' lang='lat' dir='ltr'><strong>Casaub.</strong></span> <span class='ocrx_word' id='word_1_77' title='bbox 2102 1449 2252 1499; x_wconf 86' lang='lat' dir='ltr'><strong>Grut.</strong></span> <span class='ocrx_word' id='word_1_78' title='bbox 2288 1464 2405 1497; x_wconf 89' lang='lat' dir='ltr'><strong>cum</strong></span> <span class='ocrx_word' id='word_1_79' title='bbox 2442 1444 2557 1499; x_wconf 81' lang='lat' dir='ltr'><strong>Pal.</strong></span> 
     </span>
     <span class='ocr_line' id='line_1_12' title="bbox 365 1508 2556 1578; baseline 0.003 -22"><span class='ocrx_word' id='word_1_80' title='bbox 365 1510 547 1565; x_wconf 80' lang='lat' dir='ltr'><strong>tribus,</strong></span> <span class='ocrx_word' id='word_1_81' title='bbox 581 1509 707 1558; x_wconf 90' lang='lat' dir='ltr'><strong>Ern.</strong></span> <span class='ocrx_word' id='word_1_82' title='bbox 731 1508 910 1559; x_wconf 84' lang='lat' dir='ltr'><strong>Pitisc.</strong></span> <span class='ocrx_word' id='word_1_83' title='bbox 936 1509 1079 1560; x_wconf 90' lang='lat' dir='ltr'><strong>Oud.</strong></span> <span class='ocrx_word' id='word_1_84' title='bbox 1115 1517 1170 1560; x_wconf 90' lang='lat' dir='ltr'><strong>et</strong></span> <span class='ocrx_word' id='word_1_85' title='bbox 1195 1509 1349 1560; x_wconf 79' lang='lat' dir='ltr'><strong>editis</strong></span> <span class='ocrx_word' id='word_1_86' title='bbox 1389 1509 1502 1562; x_wconf 88' lang='lat' dir='ltr'><strong>fere</strong></span> <span class='ocrx_word' id='word_1_87' title='bbox 1540 1513 1886 1563; x_wconf 61' lang='lat' dir='ltr'><strong>omnium—4</strong></span> <span class='ocrx_word' id='word_1_88' title='bbox 1926 1516 2069 1563; x_wconf 78' lang='lat' dir='ltr'><strong>Omn-</strong></span> <span class='ocrx_word' id='word_1_89' title='bbox 2101 1530 2197 1564; x_wconf 84' lang='lat' dir='ltr'><strong>rer.</strong></span> <span class='ocrx_word' id='word_1_90' title='bbox 2232 1515 2389 1564; x_wconf 85' lang='lat' dir='ltr'><strong>Fouc.</strong></span> <span class='ocrx_word' id='word_1_91' title='bbox 2413 1513 2556 1578; x_wconf 85' lang='lat' dir='ltr'><strong>Med.</strong></span> 
     </span>
     <span class='ocr_line' id='line_1_13' title="bbox 365 1574 2557 1645; baseline 0.002 -21"><span class='ocrx_word' id='word_1_92' title='bbox 365 1574 476 1632; x_wconf 84' lang='lat' dir='ltr'><strong>duo,</strong></span> <span class='ocrx_word' id='word_1_93' title='bbox 498 1576 649 1625; x_wconf 87' lang='lat' dir='ltr'><strong>Cort.</strong></span> <span class='ocrx_word' id='word_1_94' title='bbox 672 1589 733 1624; x_wconf 91' lang='lat' dir='ltr'><strong>ac</strong></span> <span class='ocrx_word' id='word_1_95' title='bbox 768 1576 900 1625; x_wconf 90' lang='lat' dir='ltr'><strong>Edd.</strong></span> <span class='ocrx_word' id='word_1_96' title='bbox 925 1576 1074 1625; x_wconf 88' lang='lat' dir='ltr'><strong>Rom.</strong></span> <span class='ocrx_word' id='word_1_97' title='bbox 1077 1582 1172 1626; x_wconf 84' lang='lat'><strong>—5</strong></span> <span class='ocrx_word' id='word_1_98' title='bbox 1211 1576 1422 1628; x_wconf 90' lang='lat' dir='ltr'><strong>Memm.</strong></span> <span class='ocrx_word' id='word_1_99' title='bbox 1457 1579 1770 1643; x_wconf 79' lang='lat' dir='ltr'><strong>materiesset,</strong></span> <span class='ocrx_word' id='word_1_100' title='bbox 1794 1578 1929 1645; x_wconf 88' lang='lat' dir='ltr'><strong>quod</strong></span> <span class='ocrx_word' id='word_1_101' title='bbox 1967 1580 2129 1631; x_wconf 85' lang='lat' dir='ltr'><strong>Gron.</strong></span> <span class='ocrx_word' id='word_1_102' title='bbox 2165 1587 2220 1630; x_wconf 90' lang='lat' dir='ltr'><strong>et</strong></span> <span class='ocrx_word' id='word_1_103' title='bbox 2257 1580 2435 1631; x_wconf 82' lang='lat' dir='ltr'><strong>Graev.</strong></span> <span class='ocrx_word' id='word_1_104' title='bbox 2459 1594 2557 1644; x_wconf 88' lang='lat' dir='ltr'><strong>pro</strong></span> 
     </span>
    </p>
   </div>
   <div class='ocr_carea' id='block_1_6' title="bbox 1351 1759 1568 1810">
    <p class='ocr_par' dir='ltr' id='par_1_6' title="bbox 1351 1759 1568 1810">
     <span class='ocr_line' id='line_1_14' title="bbox 1351 1759 1568 1810; baseline 0.005 -1"><span class='ocrx_word' id='word_1_105' title='bbox 1351 1759 1568 1810; x_wconf 82' lang='lat' dir='ltr'><strong>NOTAE</strong></span> 
     </span>
    </p>
   </div>
   <div class='ocr_carea' id='block_1_7' title="bbox 352 1887 1429 4346">
    <p class='ocr_par' dir='ltr' id='par_1_7' title="bbox 352 1887 1429 4346">
     <span class='ocr_line' id='line_1_15' title="bbox 366 1887 805 1952; baseline -0.002 -14"><span class='ocrx_word' id='word_1_106' title='bbox 366 1887 425 1938; x_wconf 89' lang='lat' dir='ltr'><strong>ad</strong></span> <span class='ocrx_word' id='word_1_107' title='bbox 447 1889 786 1952; x_wconf 71' lang='lat' dir='ltr'><strong>sepulturam.</strong></span> <span class='ocrx_word' id='word_1_108' title='bbox 789 1887 805 1911; x_wconf 90' lang='lat'>’</span> 
     </span>
     <span class='ocr_line' id='line_1_16' title="bbox 420 1965 1421 2032; baseline 0 -16"><span class='ocrx_word' id='word_1_109' title='bbox 420 1968 436 2001; x_wconf 71' lang='lat'><em>²</em></span> <span class='ocrx_word' id='word_1_110' title='bbox 475 1967 738 2018; x_wconf 78' lang='lat' dir='ltr'><strong>Ptolemoeo</strong></span> <span class='ocrx_word' id='word_1_111' title='bbox 778 1965 915 2030; x_wconf 83' lang='lat' dir='ltr'><strong>rege]</strong></span> <span class='ocrx_word' id='word_1_112' title='bbox 972 1966 1285 2029; x_wconf 87' lang='lat' dir='ltr'><strong>Recensitis‚</strong></span> <span class='ocrx_word' id='word_1_113' title='bbox 1330 1966 1421 2032; x_wconf 84' lang='lat' dir='ltr'><strong>qui</strong></span> 
     </span>
     <span class='ocr_line' id='line_1_17' title="bbox 364 2039 1421 2114; baseline -0.002 -20"><span class='ocrx_word' id='word_1_114' title='bbox 364 2039 472 2094; x_wconf 80' lang='lat' dir='ltr'><strong>cum</strong></span> <span class='ocrx_word' id='word_1_115' title='bbox 532 2044 789 2114; x_wconf 80' lang='lat' dir='ltr'><strong>Pompeio</strong></span> <span class='ocrx_word' id='word_1_116' title='bbox 842 2048 1138 2107; x_wconf 86' lang='lat' dir='ltr'><strong>evaserant,</strong></span> <span class='ocrx_word' id='word_1_117' title='bbox 1188 2042 1421 2093; x_wconf 83' lang='lat' dir='ltr'><strong>Velleius</strong></span> 
     </span>
     <span class='ocr_line' id='line_1_18' title="bbox 365 2120 1422 2183; baseline -0.001 -11"><span class='ocrx_word' id='word_1_118' title='bbox 365 2122 537 2174; x_wconf 75' lang='lat' dir='ltr'><strong>addit·</strong></span> <span class='ocrx_word' id='word_1_119' title='bbox 586 2122 603 2149; x_wconf 90' lang='lat'>‘</span> <span class='ocrx_word' id='word_1_120' title='bbox 626 2120 763 2171; x_wconf 89' lang='lat' dir='ltr'><strong>Aliis</strong></span> <span class='ocrx_word' id='word_1_121' title='bbox 810 2128 867 2171; x_wconf 87' lang='lat' dir='ltr'><strong>ut</strong></span> <span class='ocrx_word' id='word_1_122' title='bbox 914 2120 1155 2183; x_wconf 79' lang='lat' dir='ltr'><strong>Parthos,</strong></span> <span class='ocrx_word' id='word_1_123' title='bbox 1202 2120 1314 2169; x_wconf 88' lang='lat' dir='ltr'><strong>aliis</strong></span> <span class='ocrx_word' id='word_1_124' title='bbox 1361 2128 1422 2171; x_wconf 90' lang='lat' dir='ltr'><strong>ut</strong></span> 
     </span>
     <span class='ocr_line' id='line_1_19' title="bbox 362 2195 1422 2264; baseline -0.004 -15"><span class='ocrx_word' id='word_1_125' title='bbox 362 2197 591 2250; x_wconf 82' lang='lat' dir='ltr'><strong>Africam</strong></span> <span class='ocrx_word' id='word_1_126' title='bbox 618 2203 823 2264; x_wconf 88' lang='lat' dir='ltr'><strong>peteret</strong></span> <span class='ocrx_word' id='word_1_127' title='bbox 854 2195 1207 2260; x_wconf 77' lang='lat' dir='ltr'><strong>suadentibus,</strong></span> <span class='ocrx_word' id='word_1_128' title='bbox 1231 2197 1422 2261; x_wconf 86' lang='lat' dir='ltr'><strong>AEgyp-</strong></span> 
     </span>
     <span class='ocr_line' id='line_1_20' title="bbox 364 2273 1419 2340; baseline -0.001 -16"><span class='ocrx_word' id='word_1_129' title='bbox 364 2281 463 2325; x_wconf 84' lang='lat' dir='ltr'><strong>tum</strong></span> <span class='ocrx_word' id='word_1_130' title='bbox 491 2281 673 2340; x_wconf 83' lang='lat' dir='ltr'><strong>petere</strong></span> <span class='ocrx_word' id='word_1_131' title='bbox 707 2276 982 2339; x_wconf 82' lang='lat' dir='ltr'><strong>proposuit</strong></span> <span class='ocrx_word' id='word_1_132' title='bbox 1011 2289 1207 2324; x_wconf 88' lang='lat' dir='ltr'><strong>memor</strong></span> <span class='ocrx_word' id='word_1_133' title='bbox 1230 2273 1419 2324; x_wconf 82' lang='lat' dir='ltr'><strong>benefl-</strong></span> 
     </span>
     <span class='ocr_line' id='line_1_21' title="bbox 363 2351 1420 2418; baseline 0 -17"><span class='ocrx_word' id='word_1_134' title='bbox 363 2353 573 2414; x_wconf 84' lang='lat' dir='ltr'><strong>ciorum,</strong></span> <span class='ocrx_word' id='word_1_135' title='bbox 604 2367 723 2417; x_wconf 70' lang='lat' dir='ltr'><strong>quse</strong></span> <span class='ocrx_word' id='word_1_136' title='bbox 758 2352 809 2402; x_wconf 90' lang='lat' dir='ltr'><strong>in</strong></span> <span class='ocrx_word' id='word_1_137' title='bbox 848 2358 1048 2418; x_wconf 86' lang='lat' dir='ltr'><strong>patrem</strong></span> <span class='ocrx_word' id='word_1_138' title='bbox 1088 2351 1203 2415; x_wconf 88' lang='lat' dir='ltr'><strong>ejus</strong></span> <span class='ocrx_word' id='word_1_139' title='bbox 1240 2351 1420 2401; x_wconf 85' lang='lat' dir='ltr'><strong>Ptole·</strong></span> 
     </span>
     <span class='ocr_line' id='line_1_22' title="bbox 362 2426 1419 2495; baseline -0.002 -16"><span class='ocrx_word' id='word_1_140' title='bbox 362 2429 489 2488; x_wconf 80' lang='lat' dir='ltr'><strong>maei,</strong></span> <span class='ocrx_word' id='word_1_141' title='bbox 513 2428 604 2495; x_wconf 87' lang='lat' dir='ltr'><strong>qui</strong></span> <span class='ocrx_word' id='word_1_142' title='bbox 625 2435 736 2479; x_wconf 86' lang='lat' dir='ltr'><strong>tum</strong></span> <span class='ocrx_word' id='word_1_143' title='bbox 759 2443 919 2492; x_wconf 82' lang='lat' dir='ltr'><strong>puero</strong></span> <span class='ocrx_word' id='word_1_144' title='bbox 937 2426 1278 2492; x_wconf 83' lang='lat' dir='ltr'><strong>quamjuveni</strong></span> <span class='ocrx_word' id='word_1_145' title='bbox 1303 2442 1419 2492; x_wconf 87' lang='lat' dir='ltr'><strong>pro·</strong></span> 
     </span>
     <span class='ocr_line' id='line_1_23' title="bbox 362 2504 1419 2570; baseline -0.001 -15"><span class='ocrx_word' id='word_1_146' title='bbox 362 2507 470 2570; x_wconf 87' lang='lat' dir='ltr'><strong>pior</strong></span> <span class='ocrx_word' id='word_1_147' title='bbox 509 2505 765 2570; x_wconf 80' lang='lat' dir='ltr'><strong>regnabat</strong></span> <span class='ocrx_word' id='word_1_148' title='bbox 794 2504 1149 2565; x_wconf 62' lang='lat' dir='ltr'><strong>Alexandriae,</strong></span> <span class='ocrx_word' id='word_1_149' title='bbox 1182 2506 1419 2555; x_wconf 85' lang='lat' dir='ltr'><strong>contule·</strong></span> 
     </span>
     <span class='ocr_line' id='line_1_24' title="bbox 361 2580 1419 2644; baseline -0.001 -12"><span class='ocrx_word' id='word_1_150' title='bbox 361 2580 474 2632; x_wconf 62' lang='lat' dir='ltr'><strong>rat!</strong></span> <span class='ocrx_word' id='word_1_151' title='bbox 540 2582 714 2642; x_wconf 89' lang='lat' dir='ltr'><strong>Illum,</strong></span> <span class='ocrx_word' id='word_1_152' title='bbox 737 2581 994 2632; x_wconf 87' lang='lat' dir='ltr'><strong>seditione</strong></span> <span class='ocrx_word' id='word_1_153' title='bbox 1024 2580 1245 2644; x_wconf 84' lang='lat' dir='ltr'><strong>pulsum,</strong></span> <span class='ocrx_word' id='word_1_154' title='bbox 1276 2580 1419 2631; x_wconf 85' lang='lat' dir='ltr'><strong>resti·</strong></span> 
     </span>
     <span class='ocr_line' id='line_1_25' title="bbox 360 2657 1419 2722; baseline -0.002 -13"><span class='ocrx_word' id='word_1_155' title='bbox 360 2659 603 2710; x_wconf 85' lang='lat' dir='ltr'><strong>tuendum</strong></span> <span class='ocrx_word' id='word_1_156' title='bbox 620 2673 652 2708; x_wconf 89' lang='lat' dir='ltr'><strong>a</strong></span> <span class='ocrx_word' id='word_1_157' title='bbox 668 2658 911 2708; x_wconf 88' lang='lat' dir='ltr'><strong>Romanis</strong></span> <span class='ocrx_word' id='word_1_158' title='bbox 929 2665 1219 2722; x_wconf 78' lang='lat' dir='ltr'><strong>curaverat,</strong></span> <span class='ocrx_word' id='word_1_159' title='bbox 1238 2657 1302 2707; x_wconf 88' lang='lat' dir='ltr'><strong>de</strong></span> <span class='ocrx_word' id='word_1_160' title='bbox 1317 2673 1419 2722; x_wconf 89' lang='lat' dir='ltr'><strong>quo</strong></span> 
     </span>
     <span class='ocr_line' id='line_1_26' title="bbox 359 2742 757 2804; baseline -0.003 -15"><span class='ocrx_word' id='word_1_161' title='bbox 359 2754 511 2804; x_wconf 85' lang='lat' dir='ltr'><strong>snpra</strong></span> <span class='ocrx_word' id='word_1_162' title='bbox 534 2754 652 2802; x_wconf 81' lang='lat' dir='ltr'><strong>cap.</strong></span> <span class='ocrx_word' id='word_1_163' title='bbox 674 2742 757 2788; x_wconf 93' lang='lat' dir='ltr'><strong>ll.</strong></span> 
     </span>
     <span class='ocr_line' id='line_1_27' title="bbox 368 2817 1414 2883; baseline 0 -15"><span class='ocrx_word' id='word_1_164' title='bbox 368 2826 377 2831; x_wconf 89' lang='grc'><em>“</em></span> <span class='ocrx_word' id='word_1_165' title='bbox 418 2818 689 2868; x_wconf 67' lang='grc' dir='ltr'><strong>“’Ῑηεὶάἰαε</strong></span> <span class='ocrx_word' id='word_1_166' title='bbox 723 2817 1014 2882; x_wconf 59' lang='grc' dir='ltr'><strong>ιεπάἰ,’ᾷ·σ.]</strong></span> <span class='ocrx_word' id='word_1_167' title='bbox 1062 2819 1146 2868; x_wconf 90' lang='lat' dir='ltr'><strong>De</strong></span> <span class='ocrx_word' id='word_1_168' title='bbox 1168 2833 1268 2883; x_wconf 88' lang='lat' dir='ltr'><strong>quo</strong></span> <span class='ocrx_word' id='word_1_169' title='bbox 1290 2819 1414 2868; x_wconf 89' lang='lat' dir='ltr'><strong>Vel-</strong></span> 
     </span>
     <span class='ocr_line' id='line_1_28' title="bbox 358 2894 1420 2960; baseline -0.001 -13"><span class='ocrx_word' id='word_1_170' title='bbox 358 2898 481 2947; x_wconf 80' lang='lat' dir='ltr'><strong>leius</strong></span> <span class='ocrx_word' id='word_1_171' title='bbox 516 2896 643 2945; x_wconf 88' lang='lat' dir='ltr'><strong>ibid.</strong></span> <span class='ocrx_word' id='word_1_172' title='bbox 674 2897 690 2923; x_wconf 81' lang='lat'>⁸</span> <span class='ocrx_word' id='word_1_173' title='bbox 710 2910 811 2945; x_wconf 89' lang='lat' dir='ltr'><strong>non</strong></span> <span class='ocrx_word' id='word_1_174' title='bbox 834 2894 936 2946; x_wconf 84' lang='lat' dir='ltr'><strong>fuit</strong></span> <span class='ocrx_word' id='word_1_175' title='bbox 958 2896 1122 2960; x_wconf 87' lang='lat' dir='ltr'><strong>major</strong></span> <span class='ocrx_word' id='word_1_176' title='bbox 1158 2895 1209 2944; x_wconf 86' lang='lat' dir='ltr'><strong>in</strong></span> <span class='ocrx_word' id='word_1_177' title='bbox 1247 2897 1420 2946; x_wconf 83' lang='lat' dir='ltr'><strong>Caesa-</strong></span> 
     </span>
     <span class='ocr_line' id='line_1_29' title="bbox 357 2972 1420 3040; baseline -0.003 -14"><span class='ocrx_word' id='word_1_178' title='bbox 357 2990 480 3039; x_wconf 83' lang='lat' dir='ltr'><strong>rem,</strong></span> <span class='ocrx_word' id='word_1_179' title='bbox 503 2989 655 3040; x_wconf 88' lang='lat' dir='ltr'><strong>quam</strong></span> <span class='ocrx_word' id='word_1_180' title='bbox 684 2973 737 3022; x_wconf 90' lang='lat' dir='ltr'><strong>in</strong></span> <span class='ocrx_word' id='word_1_181' title='bbox 770 2974 1079 3038; x_wconf 87' lang='lat' dir='ltr'><strong>Pompeium</strong></span> <span class='ocrx_word' id='word_1_182' title='bbox 1102 2972 1294 3037; x_wconf 82' lang='lat' dir='ltr'><strong>fuerat,</strong></span> <span class='ocrx_word' id='word_1_183' title='bbox 1319 2976 1420 3023; x_wconf 87' lang='lat' dir='ltr'><strong>Re·</strong></span> 
     </span>
     <span class='ocr_line' id='line_1_30' title="bbox 356 3050 1420 3118; baseline -0.002 -16"><span class='ocrx_word' id='word_1_184' title='bbox 356 3054 451 3118; x_wconf 85' lang='lat' dir='ltr'><strong>gis,</strong></span> <span class='ocrx_word' id='word_1_185' title='bbox 470 3052 791 3115; x_wconf 72' lang='lat' dir='ltr'><strong>aliorumque</strong></span> <span class='ocrx_word' id='word_1_186' title='bbox 808 3066 1025 3116; x_wconf 88' lang='lat' dir='ltr'><strong>quorum</strong></span> <span class='ocrx_word' id='word_1_187' title='bbox 1045 3051 1088 3100; x_wconf 86' lang='lat' dir='ltr'><strong>is</strong></span> <span class='ocrx_word' id='word_1_188' title='bbox 1106 3050 1420 3100; x_wconf 86' lang='lat' dir='ltr'><strong>auctoritate</strong></span> 
     </span>
     <span class='ocr_line' id='line_1_31' title="bbox 352 3127 1415 3194; baseline -0.003 -14"><span class='ocrx_word' id='word_1_189' title='bbox 352 3130 650 3194; x_wconf 77' lang='lat' dir='ltr'><strong>regebatur,</strong></span> <span class='ocrx_word' id='word_1_190' title='bbox 674 3127 819 3186; x_wconf 85' lang='lat' dir='ltr'><strong>fides,</strong></span> <span class='ocrx_word' id='word_1_191' title='bbox 839 3129 1039 3193; x_wconf 78' lang='lat' dir='ltr'><strong>&#39;quippe</strong></span> <span class='ocrx_word' id='word_1_192' title='bbox 1070 3144 1184 3178; x_wconf 85' lang='lat' dir='ltr'><strong>cum</strong></span> <span class='ocrx_word' id='word_1_193' title='bbox 1210 3128 1415 3178; x_wconf 84' lang='lat' dir='ltr'><strong>venien·</strong></span> 
     </span>
     <span class='ocr_line' id='line_1_32' title="bbox 354 3204 1417 3269; baseline -0.002 -13"><span class='ocrx_word' id='word_1_194' title='bbox 354 3204 453 3256; x_wconf 78' lang='lat' dir='ltr'><strong>t&#39;em</strong></span> <span class='ocrx_word' id='word_1_195' title='bbox 474 3221 593 3257; x_wconf 88' lang='lat' dir='ltr'><strong>eum</strong></span> <span class='ocrx_word' id='word_1_196' title='bbox 618 3211 906 3256; x_wconf 71' lang='lat' dir='ltr'><strong>tentassent</strong></span> <span class='ocrx_word' id='word_1_197' title='bbox 925 3205 1213 3269; x_wconf 80' lang='lat' dir='ltr'><strong>insidiis,ac</strong></span> <span class='ocrx_word' id='word_1_198' title='bbox 1229 3205 1417 3254; x_wconf 89' lang='lat' dir='ltr'><strong>deinde</strong></span> 
     </span>
     <span class='ocr_line' id='line_1_33' title="bbox 354 3281 1418 3346; baseline -0.002 -13"><span class='ocrx_word' id='word_1_199' title='bbox 354 3283 492 3334; x_wconf 89' lang='lat' dir='ltr'><strong>bello</strong></span> <span class='ocrx_word' id='word_1_200' title='bbox 546 3283 805 3333; x_wconf 79' lang='lat' dir='ltr'><strong>lacessere</strong></span> <span class='ocrx_word' id='word_1_201' title='bbox 855 3281 1110 3332; x_wconf 81' lang='lat' dir='ltr'><strong>auderent</strong></span> <span class='ocrx_word' id='word_1_202' title='bbox 1134 3299 1150 3343; x_wconf 78' lang='lat'>3</span> <span class='ocrx_word' id='word_1_203' title='bbox 1213 3281 1418 3346; x_wconf 85' lang='lat' dir='ltr'><strong>utrique</strong></span> 
     </span>
     <span class='ocr_line' id='line_1_34' title="bbox 352 3357 1419 3424; baseline -0.004 -15"><span class='ocrx_word' id='word_1_204' title='bbox 352 3375 548 3413; x_wconf 86' lang='lat' dir='ltr'><strong>summo</strong></span> <span class='ocrx_word' id='word_1_205' title='bbox 592 3360 999 3424; x_wconf 83' lang='lat' dir='ltr'><strong>Imperatorum,</strong></span> <span class='ocrx_word' id='word_1_206' title='bbox 1048 3357 1195 3408; x_wconf 86' lang='lat' dir='ltr'><strong>alteri</strong></span> <span class='ocrx_word' id='word_1_207' title='bbox 1241 3372 1419 3422; x_wconf 85' lang='lat' dir='ltr'><strong>snper-</strong></span> 
     </span>
     <span class='ocr_line' id='line_1_35' title="bbox 353 3428 1419 3502; baseline -0.008 -13"><span class='ocrx_word' id='word_1_208' title='bbox 353 3439 483 3501; x_wconf 86' lang='lat' dir='ltr'><strong>stiti,</strong></span> <span class='ocrx_word' id='word_1_209' title='bbox 509 3437 725 3487; x_wconf 82' lang='lat' dir='ltr'><strong>meritas</strong></span> <span class='ocrx_word' id='word_1_210' title='bbox 750 3452 927 3502; x_wconf 85' lang='lat' dir='ltr'><strong>poenas</strong></span> <span class='ocrx_word' id='word_1_211' title='bbox 952 3437 1094 3486; x_wconf 88' lang='lat' dir='ltr'><strong>luere</strong></span> <span class='ocrx_word' id='word_1_212' title='bbox 1117 3428 1419 3500; x_wconf 66' lang='lat' dir='ltr'><strong>suppliciis!</strong></span> 
     </span>
     <span class='ocr_line' id='line_1_36' title="bbox 353 3508 1419 3581; baseline -0.005 -17"><span class='ocrx_word' id='word_1_213' title='bbox 353 3515 434 3565; x_wconf 88' lang='lat' dir='ltr'><strong>De</strong></span> <span class='ocrx_word' id='word_1_214' title='bbox 460 3530 565 3581; x_wconf 85' lang='lat' dir='ltr'><strong>quo</strong></span> <span class='ocrx_word' id='word_1_215' title='bbox 607 3508 663 3563; x_wconf 83' lang='lat' dir='ltr'><strong>et</strong></span> <span class='ocrx_word' id='word_1_216' title='bbox 699 3515 878 3562; x_wconf 81' lang='lat' dir='ltr'><strong>Caesar</strong></span> <span class='ocrx_word' id='word_1_217' title='bbox 913 3511 1009 3562; x_wconf 89' lang='lat' dir='ltr'><strong>sub</strong></span> <span class='ocrx_word' id='word_1_218' title='bbox 1031 3511 1183 3561; x_wconf 85' lang='lat' dir='ltr'><strong>finem</strong></span> <span class='ocrx_word' id='word_1_219' title='bbox 1220 3511 1311 3561; x_wconf 81' lang='lat' dir='ltr'><strong>lib.</strong></span> <span class='ocrx_word' id='word_1_220' title='bbox 1333 3524 1419 3559; x_wconf 83' lang='lat' dir='ltr'><strong>nr.</strong></span> 
     </span>
     <span class='ocr_line' id='line_1_37' title="bbox 355 3588 1421 3653; baseline -0.007 -10"><span class='ocrx_word' id='word_1_221' title='bbox 355 3591 422 3643; x_wconf 88' lang='lat' dir='ltr'><strong>de</strong></span> <span class='ocrx_word' id='word_1_222' title='bbox 445 3592 602 3642; x_wconf 88' lang='lat' dir='ltr'><strong>Bello</strong></span> <span class='ocrx_word' id='word_1_223' title='bbox 627 3591 799 3653; x_wconf 86' lang='lat' dir='ltr'><strong>Civili,</strong></span> <span class='ocrx_word' id='word_1_224' title='bbox 831 3597 888 3639; x_wconf 89' lang='lat' dir='ltr'><strong>et</strong></span> <span class='ocrx_word' id='word_1_225' title='bbox 923 3589 1150 3650; x_wconf 84' lang='lat' dir='ltr'><strong>Hirtius,</strong></span> <span class='ocrx_word' id='word_1_226' title='bbox 1173 3596 1232 3638; x_wconf 88' lang='lat' dir='ltr'><strong>ut</strong></span> <span class='ocrx_word' id='word_1_227' title='bbox 1267 3588 1421 3649; x_wconf 80' lang='lat' dir='ltr'><strong>vulgo</strong></span> 
     </span>
     <span class='ocr_line' id='line_1_38' title="bbox 357 3665 1424 3729; baseline -0.006 -9"><span class='ocrx_word' id='word_1_228' title='bbox 357 3670 676 3729; x_wconf 78' lang='lat' dir='ltr'><strong>existimant,</strong></span> <span class='ocrx_word' id='word_1_229' title='bbox 695 3668 788 3719; x_wconf 89' lang='lat' dir='ltr'><strong>lib.</strong></span> <span class='ocrx_word' id='word_1_230' title='bbox 812 3669 877 3716; x_wconf 83' lang='lat' dir='ltr'><strong>de</strong></span> <span class='ocrx_word' id='word_1_231' title='bbox 894 3669 1029 3718; x_wconf 90' lang='lat' dir='ltr'><strong>bello</strong></span> <span class='ocrx_word' id='word_1_232' title='bbox 1056 3665 1424 3716; x_wconf 81' lang='lat' dir='ltr'><strong>Alexandrino.</strong></span> 
     </span>
     <span class='ocr_line' id='line_1_39' title="bbox 399 3741 1421 3810; baseline -0.003 -15"><span class='ocrx_word' id='word_1_233' title='bbox 399 3747 446 3778; x_wconf 69' lang='lat'><strong>‘¹</strong></span> <span class='ocrx_word' id='word_1_234' title='bbox 482 3745 692 3810; x_wconf 80' lang='lat' dir='ltr'><strong>Hyeme]</strong></span> <span class='ocrx_word' id='word_1_235' title='bbox 727 3746 847 3798; x_wconf 83' lang='lat' dir='ltr'><strong>Qua</strong></span> <span class='ocrx_word' id='word_1_236' title='bbox 868 3741 1136 3794; x_wconf 84' lang='lat' dir='ltr'><strong>occasione</strong></span> <span class='ocrx_word' id='word_1_237' title='bbox 1159 3744 1421 3793; x_wconf 82' lang='lat' dir='ltr'><strong>Caesarem</strong></span> 
     </span>
     <span class='ocr_line' id='line_1_40' title="bbox 366 3821 1421 3887; baseline -0.002 -15"><span class='ocrx_word' id='word_1_238' title='bbox 366 3832 488 3874; x_wconf 84' lang='lat' dir='ltr'><strong>ante</strong></span> <span class='ocrx_word' id='word_1_239' title='bbox 510 3824 792 3886; x_wconf 78' lang='lat' dir='ltr'><strong>sperabant</strong></span> <span class='ocrx_word' id='word_1_240' title='bbox 830 3821 1245 3887; x_wconf 86' lang='lat' dir='ltr'><strong>opprimendum,</strong></span> <span class='ocrx_word' id='word_1_241' title='bbox 1267 3836 1421 3886; x_wconf 88' lang='lat' dir='ltr'><strong>quam</strong></span> 
     </span>
     <span class='ocr_line' id='line_1_41' title="bbox 370 3898 1421 3962; baseline -0.003 -12"><span class='ocrx_word' id='word_1_242' title='bbox 370 3901 709 3951; x_wconf 80' lang='lat' dir='ltr'><strong>transmarina</strong></span> <span class='ocrx_word' id='word_1_243' title='bbox 732 3900 964 3962; x_wconf 85' lang='lat' dir='ltr'><strong>recipere</strong></span> <span class='ocrx_word' id='word_1_244' title='bbox 990 3898 1247 3962; x_wconf 86' lang='lat' dir='ltr'><strong>potuisset</strong></span> <span class='ocrx_word' id='word_1_245' title='bbox 1279 3899 1421 3947; x_wconf 87' lang='lat' dir='ltr'><strong>auxi-</strong></span> 
     </span>
     <span class='ocr_line' id='line_1_42' title="bbox 375 3975 1423 4039; baseline 0 -15"><span class='ocrx_word' id='word_1_246' title='bbox 375 3976 466 4038; x_wconf 78' lang='lat' dir='ltr'><strong>lia,</strong></span> <span class='ocrx_word' id='word_1_247' title='bbox 484 3984 541 4024; x_wconf 80' lang='lat' dir='ltr'><strong>ut</strong></span> <span class='ocrx_word' id='word_1_248' title='bbox 561 3976 763 4026; x_wconf 81' lang='lat' dir='ltr'><strong>Hirtius</strong></span> <span class='ocrx_word' id='word_1_249' title='bbox 787 3975 884 4025; x_wconf 88' lang='lat' dir='ltr'><strong>sub</strong></span> <span class='ocrx_word' id='word_1_250' title='bbox 908 3976 1109 4025; x_wconf 86' lang='lat' dir='ltr'><strong>initium</strong></span> <span class='ocrx_word' id='word_1_251' title='bbox 1130 3976 1299 4039; x_wconf 87' lang='lat' dir='ltr'><strong>operis</strong></span> <span class='ocrx_word' id='word_1_252' title='bbox 1333 3991 1423 4025; x_wconf 89' lang='lat' dir='ltr'><strong>no·</strong></span> 
     </span>
     <span class='ocr_line' id='line_1_43' title="bbox 389 4058 484 4100; baseline -0.011 0"><span class='ocrx_word' id='word_1_253' title='bbox 389 4058 484 4100; x_wconf 78' lang='lat' dir='ltr'><strong>tat.</strong></span> 
     </span>
     <span class='ocr_line' id='line_1_44' title="bbox 419 4125 1429 4192; baseline 0.005 -20"><span class='ocrx_word' id='word_1_254' title='bbox 419 4127 425 4135; x_wconf 85' lang='grc'><strong>”</strong></span> <span class='ocrx_word' id='word_1_255' title='bbox 456 4133 485 4157; x_wconf 72' lang='lat'><strong>&#39;¹</strong></span> <span class='ocrx_word' id='word_1_256' title='bbox 506 4125 634 4176; x_wconf 76' lang='lat' dir='ltr'><strong>Intra</strong></span> <span class='ocrx_word' id='word_1_257' title='bbox 648 4128 834 4191; x_wconf 76' lang='lat' dir='ltr'><strong>moenia]</strong></span> <span class='ocrx_word' id='word_1_258' title='bbox 861 4126 1189 4178; x_wconf 74' lang='lat' dir='ltr'><strong>Alexandriae</strong></span> <span class='ocrx_word' id='word_1_259' title='bbox 1208 4129 1429 4192; x_wconf 87' lang='lat' dir='ltr'><strong>scilicet,</strong></span> 
     </span>
     <span class='ocr_line' id='line_1_45' title="bbox 408 4205 1299 4262; baseline 0.012 -16"><span class='ocrx_word' id='word_1_260' title='bbox 408 4205 462 4248; x_wconf 88' lang='lat' dir='ltr'><strong>nt</strong></span> <span class='ocrx_word' id='word_1_261' title='bbox 480 4207 614 4262; x_wconf 84' lang='lat' dir='ltr'><strong>patet</strong></span> <span class='ocrx_word' id='word_1_262' title='bbox 633 4217 694 4251; x_wconf 81' lang='lat' dir='ltr'><strong>ex</strong></span> <span class='ocrx_word' id='word_1_263' title='bbox 718 4205 858 4253; x_wconf 85' lang='lat' dir='ltr'><strong>libris</strong></span> <span class='ocrx_word' id='word_1_264' title='bbox 882 4205 1034 4256; x_wconf 88' lang='lat' dir='ltr'><strong>modo</strong></span> <span class='ocrx_word' id='word_1_265' title='bbox 1055 4205 1299 4257; x_wconf 80' lang='lat' dir='ltr'><strong>laudatis.</strong></span> 
     </span>
     <span class='ocr_line' id='line_1_46' title="bbox 470 4275 1428 4346; baseline 0 -16"><span class='ocrx_word' id='word_1_266' title='bbox 470 4282 492 4309; x_wconf 74' lang='lat'>⁸</span> <span class='ocrx_word' id='word_1_267' title='bbox 523 4275 809 4331; x_wconf 67' lang='lat' dir='ltr'><strong>solertissimi</strong></span> <span class='ocrx_word' id='word_1_268' title='bbox 829 4281 1000 4346; x_wconf 71' lang='lat' dir='ltr'><strong>hostis]</strong></span> <span class='ocrx_word' id='word_1_269' title='bbox 1032 4281 1182 4332; x_wconf 88' lang='lat' dir='ltr'><strong>Idem</strong></span> <span class='ocrx_word' id='word_1_270' title='bbox 1204 4281 1428 4345; x_wconf 81' lang='lat' dir='ltr'><strong>Hirtius,</strong></span> 
     </span>
    </p>
   </div>
   <div class='ocr_carea' id='block_1_8' title="bbox 1495 1889 2565 3732">
    <p class='ocr_par' dir='ltr' id='par_1_8' title="bbox 1499 1889 2560 2345">
     <span class='ocr_line' id='line_1_47' title="bbox 1500 1889 2560 1954; baseline -0.002 -13"><span class='ocrx_word' id='word_1_271' title='bbox 1500 1892 1817 1942; x_wconf 81' lang='lat' dir='ltr'><strong>enumeratis</strong></span> <span class='ocrx_word' id='word_1_272' title='bbox 1865 1890 2333 1942; x_wconf 80' lang='lat' dir='ltr'><strong>Alexandrinorum</strong></span> <span class='ocrx_word' id='word_1_273' title='bbox 2388 1889 2560 1954; x_wconf 87' lang='lat' dir='ltr'><strong>operi-</strong></span> 
     </span>
     <span class='ocr_line' id='line_1_48' title="bbox 1501 1967 2559 2038; baseline 0 -21"><span class='ocrx_word' id='word_1_274' title='bbox 1501 1968 1622 2019; x_wconf 87' lang='lat' dir='ltr'><strong>bns:</strong></span> <span class='ocrx_word' id='word_1_275' title='bbox 1659 1971 1674 1998; x_wconf 90' lang='lat'>‘</span> <span class='ocrx_word' id='word_1_276' title='bbox 1694 1969 1803 2034; x_wconf 89' lang='lat' dir='ltr'><strong>Ipsi</strong></span> <span class='ocrx_word' id='word_1_277' title='bbox 1826 1968 2054 2019; x_wconf 84' lang='lat' dir='ltr'><strong>homines</strong></span> <span class='ocrx_word' id='word_1_278' title='bbox 2075 1967 2559 2038; x_wconf 81' lang='lat' dir='ltr'><strong>ingeniosissimiat·</strong></span> 
     </span>
     <span class='ocr_line' id='line_1_49' title="bbox 1499 2045 2558 2114; baseline -0.005 -17"><span class='ocrx_word' id='word_1_279' title='bbox 1499 2063 1601 2113; x_wconf 88' lang='lat' dir='ltr'><strong>que</strong></span> <span class='ocrx_word' id='word_1_280' title='bbox 1615 2048 2010 2114; x_wconf 84' lang='lat' dir='ltr'><strong>acutissimi,qui</strong></span> <span class='ocrx_word' id='word_1_281' title='bbox 2025 2062 2138 2112; x_wconf 86' lang='lat' dir='ltr'><strong>quae</strong></span> <span class='ocrx_word' id='word_1_282' title='bbox 2153 2062 2182 2095; x_wconf 97' lang='lat' dir='ltr'><strong>a</strong></span> <span class='ocrx_word' id='word_1_283' title='bbox 2198 2045 2343 2095; x_wconf 90' lang='lat' dir='ltr'><strong>nobis</strong></span> <span class='ocrx_word' id='word_1_284' title='bbox 2356 2045 2469 2094; x_wconf 88' lang='lat' dir='ltr'><strong>fieri</strong></span> <span class='ocrx_word' id='word_1_285' title='bbox 2485 2045 2558 2092; x_wconf 85' lang='lat' dir='ltr'><strong>vi·</strong></span> 
     </span>
     <span class='ocr_line' id='line_1_50' title="bbox 1504 2121 2560 2182; baseline -0.005 -9"><span class='ocrx_word' id='word_1_286' title='bbox 1504 2123 1714 2182; x_wconf 85' lang='lat' dir='ltr'><strong>derant,</strong></span> <span class='ocrx_word' id='word_1_287' title='bbox 1737 2140 1800 2175; x_wconf 96' lang='lat' dir='ltr'><strong>ea</strong></span> <span class='ocrx_word' id='word_1_288' title='bbox 1823 2124 2031 2175; x_wconf 87' lang='lat' dir='ltr'><strong>solertia</strong></span> <span class='ocrx_word' id='word_1_289' title='bbox 2050 2121 2347 2173; x_wconf 81' lang='lat' dir='ltr'><strong>efficiebant</strong></span> <span class='ocrx_word' id='word_1_290' title='bbox 2370 2128 2427 2172; x_wconf 86' lang='lat' dir='ltr'><strong>ut</strong></span> <span class='ocrx_word' id='word_1_291' title='bbox 2444 2134 2560 2170; x_wconf 87' lang='lat' dir='ltr'><strong>nos-</strong></span> 
     </span>
     <span class='ocr_line' id='line_1_51' title="bbox 1505 2198 2558 2266; baseline -0.005 -15"><span class='ocrx_word' id='word_1_292' title='bbox 1505 2202 1574 2251; x_wconf 88' lang='lat' dir='ltr'><strong>tri</strong></span> <span class='ocrx_word' id='word_1_293' title='bbox 1598 2202 1802 2253; x_wconf 82' lang='lat' dir='ltr'><strong>illorum</strong></span> <span class='ocrx_word' id='word_1_294' title='bbox 1838 2217 1996 2266; x_wconf 78' lang='lat' dir='ltr'><strong>opera</strong></span> <span class='ocrx_word' id='word_1_295' title='bbox 2020 2200 2207 2250; x_wconf 83' lang='lat' dir='ltr'><strong>imitari</strong></span> <span class='ocrx_word' id='word_1_296' title='bbox 2240 2198 2558 2258; x_wconf 84' lang='lat' dir='ltr'><strong>viderentur,</strong></span> 
     </span>
     <span class='ocr_line' id='line_1_52' title="bbox 1504 2273 2558 2345; baseline -0.008 -15"><span class='ocrx_word' id='word_1_297' title='bbox 1504 2288 1561 2330; x_wconf 90' lang='lat' dir='ltr'><strong>et</strong></span> <span class='ocrx_word' id='word_1_298' title='bbox 1581 2295 1673 2329; x_wconf 88' lang='lat' dir='ltr'><strong>sua</strong></span> <span class='ocrx_word' id='word_1_299' title='bbox 1688 2289 1874 2345; x_wconf 86' lang='lat' dir='ltr'><strong>sponte</strong></span> <span class='ocrx_word' id='word_1_300' title='bbox 1893 2280 2056 2329; x_wconf 83' lang='lat' dir='ltr'><strong>multa</strong></span> <span class='ocrx_word' id='word_1_301' title='bbox 2075 2273 2443 2342; x_wconf 87' lang='lat' dir='ltr'><strong>reperiebant,’</strong></span> <span class='ocrx_word' id='word_1_302' title='bbox 2459 2277 2558 2323; x_wconf 71' lang='grc' dir='ltr'><strong>ὅτε.</strong></span> 
     </span>
    </p>

    <p class='ocr_par' dir='ltr' id='par_1_9' title="bbox 1501 2351 2560 2498">
     <span class='ocr_line' id='line_1_53' title="bbox 1565 2351 2560 2420; baseline -0.009 -13"><span class='ocrx_word' id='word_1_303' title='bbox 1565 2364 1588 2399; x_wconf 74' lang='lat'><em>5</em></span> <span class='ocrx_word' id='word_1_304' title='bbox 1625 2356 1913 2420; x_wconf 72' lang='lat' dir='ltr'><strong>Cleopatrae]</strong></span> <span class='ocrx_word' id='word_1_305' title='bbox 1949 2355 2161 2419; x_wconf 84' lang='lat' dir='ltr'><strong>Regiuae</strong></span> <span class='ocrx_word' id='word_1_306' title='bbox 2197 2353 2368 2403; x_wconf 87' lang='lat' dir='ltr'><strong>multis</strong></span> <span class='ocrx_word' id='word_1_307' title='bbox 2404 2351 2560 2400; x_wconf 81' lang='lat' dir='ltr'><strong>rebus</strong></span> 
     </span>
     <span class='ocr_line' id='line_1_54' title="bbox 1501 2431 2237 2498; baseline -0.004 -16"><span class='ocrx_word' id='word_1_308' title='bbox 1501 2431 1566 2483; x_wconf 91' lang='lat' dir='ltr'><strong>ab</strong></span> <span class='ocrx_word' id='word_1_309' title='bbox 1593 2448 1654 2484; x_wconf 90' lang='lat' dir='ltr'><strong>eo</strong></span> <span class='ocrx_word' id='word_1_310' title='bbox 1679 2441 1914 2498; x_wconf 90' lang='lat' dir='ltr'><strong>tempore</strong></span> <span class='ocrx_word' id='word_1_311' title='bbox 1937 2431 2237 2484; x_wconf 67' lang='lat' dir='ltr'><strong>notissimae.</strong></span> 
     </span>
    </p>

    <p class='ocr_par' dir='ltr' id='par_1_10' title="bbox 1501 2504 2558 2654">
     <span class='ocr_line' id='line_1_55' title="bbox 1564 2504 2558 2577; baseline -0.011 -14"><span class='ocrx_word' id='word_1_312' title='bbox 1564 2520 1584 2545; x_wconf 84' lang='lat'><strong>¹</strong></span> <span class='ocrx_word' id='word_1_313' title='bbox 1612 2512 1866 2577; x_wconf 79' lang='lat' dir='ltr'><strong>Fratrique</strong></span> <span class='ocrx_word' id='word_1_314' title='bbox 1881 2510 1980 2572; x_wconf 64' lang='lat' dir='ltr'><strong>&lt;ius</strong></span> <span class='ocrx_word' id='word_1_315' title='bbox 1994 2508 2188 2571; x_wconf 77' lang='lat' dir='ltr'><strong>minori]</strong></span> <span class='ocrx_word' id='word_1_316' title='bbox 2211 2506 2387 2570; x_wconf 85' lang='lat' dir='ltr'><strong>Maj0r</strong></span> <span class='ocrx_word' id='word_1_317' title='bbox 2403 2504 2558 2564; x_wconf 88' lang='lat' dir='ltr'><strong>enim,</strong></span> 
     </span>
     <span class='ocr_line' id='line_1_56' title="bbox 1501 2585 2409 2654; baseline -0.007 -15"><span class='ocrx_word' id='word_1_318' title='bbox 1501 2589 1568 2639; x_wconf 88' lang='lat' dir='ltr'><strong>de</strong></span> <span class='ocrx_word' id='word_1_319' title='bbox 1592 2604 1692 2654; x_wconf 88' lang='lat' dir='ltr'><strong>quo</strong></span> <span class='ocrx_word' id='word_1_320' title='bbox 1713 2606 1887 2654; x_wconf 87' lang='lat' dir='ltr'><strong>supra,</strong></span> <span class='ocrx_word' id='word_1_321' title='bbox 1913 2590 1965 2638; x_wconf 89' lang='lat' dir='ltr'><strong>in</strong></span> <span class='ocrx_word' id='word_1_322' title='bbox 1989 2589 2099 2638; x_wconf 88' lang='lat' dir='ltr'><strong>acie</strong></span> <span class='ocrx_word' id='word_1_323' title='bbox 2124 2585 2409 2637; x_wconf 85' lang='lat' dir='ltr'><strong>ceciderat.</strong></span> 
     </span>
    </p>

    <p class='ocr_par' dir='ltr' id='par_1_11' title="bbox 1496 2659 2565 3732">
     <span class='ocr_line' id='line_1_57' title="bbox 1565 2659 2561 2730; baseline -0.01 -12"><span class='ocrx_word' id='word_1_324' title='bbox 1565 2674 1589 2701; x_wconf 78' lang='lat'>⁸</span> <span class='ocrx_word' id='word_1_325' title='bbox 1623 2667 1821 2717; x_wconf 77' lang='lat' dir='ltr'><strong>Veritus</strong></span> <span class='ocrx_word' id='word_1_326' title='bbox 1828 2666 2119 2730; x_wconf 77' lang='lat' dir='ltr'><strong>provinciam</strong></span> <span class='ocrx_word' id='word_1_327' title='bbox 2127 2661 2317 2724; x_wconf 80' lang='lat' dir='ltr'><strong>facere]</strong></span> <span class='ocrx_word' id='word_1_328' title='bbox 2348 2659 2561 2709; x_wconf 86' lang='lat' dir='ltr'><strong>Tacitus</strong></span> 
     </span>
     <span class='ocr_line' id='line_1_58' title="bbox 1497 2738 2558 2805; baseline -0.007 -13"><span class='ocrx_word' id='word_1_329' title='bbox 1497 2743 1584 2795; x_wconf 87' lang='lat' dir='ltr'><strong>lib.</strong></span> <span class='ocrx_word' id='word_1_330' title='bbox 1607 2758 1670 2794; x_wconf 84' lang='lat'><strong>11.</strong></span> <span class='ocrx_word' id='word_1_331' title='bbox 1694 2744 1882 2793; x_wconf 85' lang='lat' dir='ltr'><strong>Annal.</strong></span> <span class='ocrx_word' id='word_1_332' title='bbox 1913 2745 1929 2772; x_wconf 87' lang='lat'>‘</span> <span class='ocrx_word' id='word_1_333' title='bbox 1951 2743 2084 2792; x_wconf 89' lang='lat' dir='ltr'><strong>Nam</strong></span> <span class='ocrx_word' id='word_1_334' title='bbox 2119 2739 2387 2803; x_wconf 85' lang='lat' dir='ltr'><strong>Augustus</strong></span> <span class='ocrx_word' id='word_1_335' title='bbox 2423 2738 2558 2805; x_wconf 85' lang='lat' dir='ltr'><strong>inter</strong></span> 
     </span>
     <span class='ocr_line' id='line_1_59' title="bbox 1496 2810 2560 2879; baseline -0.009 -9"><span class='ocrx_word' id='word_1_336' title='bbox 1496 2820 1598 2869; x_wconf 86' lang='lat' dir='ltr'><strong>alia</strong></span> <span class='ocrx_word' id='word_1_337' title='bbox 1630 2818 1989 2869; x_wconf 83' lang='lat' dir='ltr'><strong>dominationis</strong></span> <span class='ocrx_word' id='word_1_338' title='bbox 2028 2830 2236 2879; x_wconf 86' lang='lat' dir='ltr'><strong>arcana,</strong></span> <span class='ocrx_word' id='word_1_339' title='bbox 2263 2812 2438 2863; x_wconf 80' lang='lat' dir='ltr'><strong>vetitis</strong></span> <span class='ocrx_word' id='word_1_340' title='bbox 2463 2810 2560 2861; x_wconf 85' lang='lat' dir='ltr'><strong>nisi</strong></span> 
     </span>
     <span class='ocr_line' id='line_1_60' title="bbox 1502 2891 2560 2963; baseline -0.009 -16"><span class='ocrx_word' id='word_1_341' title='bbox 1502 2898 1760 2963; x_wconf 87' lang='lat' dir='ltr'><strong>permissu</strong></span> <span class='ocrx_word' id='word_1_342' title='bbox 1814 2894 2014 2961; x_wconf 83' lang='lat' dir='ltr'><strong>ingredi</strong></span> <span class='ocrx_word' id='word_1_343' title='bbox 2079 2891 2416 2943; x_wconf 74' lang='lat' dir='ltr'><strong>Senator-ibus</strong></span> <span class='ocrx_word' id='word_1_344' title='bbox 2470 2898 2560 2938; x_wconf 87' lang='lat' dir='ltr'><strong>aut</strong></span> 
     </span>
     <span class='ocr_line' id='line_1_61' title="bbox 1502 2968 2560 3040; baseline -0.009 -14"><span class='ocrx_word' id='word_1_345' title='bbox 1502 2976 1762 3040; x_wconf 80' lang='lat' dir='ltr'><strong>equitibus</strong></span> <span class='ocrx_word' id='word_1_346' title='bbox 1799 2972 2040 3024; x_wconf 88' lang='lat' dir='ltr'><strong>Romanis</strong></span> <span class='ocrx_word' id='word_1_347' title='bbox 2072 2968 2376 3029; x_wconf 83' lang='lat' dir='ltr'><strong>illustribus,</strong></span> <span class='ocrx_word' id='word_1_348' title='bbox 2410 2982 2560 3030; x_wconf 84' lang='lat' dir='ltr'><strong>sepo-</strong></span> 
     </span>
     <span class='ocr_line' id='line_1_62' title="bbox 1500 3043 2561 3117; baseline -0.011 -14"><span class='ocrx_word' id='word_1_349' title='bbox 1500 3053 1606 3103; x_wconf 85' lang='lat' dir='ltr'><strong>suit</strong></span> <span class='ocrx_word' id='word_1_350' title='bbox 1627 3053 1938 3117; x_wconf 82' lang='lat' dir='ltr'><strong>AEgyptum.</strong></span> <span class='ocrx_word' id='word_1_351' title='bbox 1923 3067 1937 3080; x_wconf 93' lang='lat'><strong>·</strong></span> <span class='ocrx_word' id='word_1_352' title='bbox 1974 3063 2039 3098; x_wconf 89' lang='lat' dir='ltr'><strong>ne</strong></span> <span class='ocrx_word' id='word_1_353' title='bbox 2061 3045 2197 3097; x_wconf 88' lang='lat' dir='ltr'><strong>fame</strong></span> <span class='ocrx_word' id='word_1_354' title='bbox 2220 3049 2431 3109; x_wconf 79' lang='lat' dir='ltr'><strong>urgeret</strong></span> <span class='ocrx_word' id='word_1_355' title='bbox 2450 3043 2561 3092; x_wconf 88' lang='lat' dir='ltr'><strong>Ita-</strong></span> 
     </span>
     <span class='ocr_line' id='line_1_63' title="bbox 1499 3123 2560 3197; baseline -0.013 -15"><span class='ocrx_word' id='word_1_356' title='bbox 1499 3133 1641 3195; x_wconf 85' lang='lat' dir='ltr'><strong>liam,</strong></span> <span class='ocrx_word' id='word_1_357' title='bbox 1664 3132 1894 3197; x_wconf 81' lang='lat' dir='ltr'><strong>quisquis</strong></span> <span class='ocrx_word' id='word_1_358' title='bbox 1915 3145 2039 3180; x_wconf 89' lang='lat' dir='ltr'><strong>eam</strong></span> <span class='ocrx_word' id='word_1_359' title='bbox 2053 3127 2370 3192; x_wconf 85' lang='lat' dir='ltr'><strong>provinciam</strong></span> <span class='ocrx_word' id='word_1_360' title='bbox 2395 3123 2560 3172; x_wconf 81' lang='lat' dir='ltr'><strong>claus-</strong></span> 
     </span>
     <span class='ocr_line' id='line_1_64' title="bbox 1503 3197 2561 3274; baseline -0.013 -15"><span class='ocrx_word' id='word_1_361' title='bbox 1503 3216 1689 3274; x_wconf 83' lang='lat' dir='ltr'><strong>traque</strong></span> <span class='ocrx_word' id='word_1_362' title='bbox 1729 3217 1880 3258; x_wconf 73' lang='lat' dir='ltr'><strong>terrm</strong></span> <span class='ocrx_word' id='word_1_363' title='bbox 1917 3221 1978 3256; x_wconf 87' lang='lat' dir='ltr'><strong>ac</strong></span> <span class='ocrx_word' id='word_1_364' title='bbox 2013 3204 2166 3254; x_wconf 82' lang='lat' dir='ltr'><strong>maris</strong></span> <span class='ocrx_word' id='word_1_365' title='bbox 2192 3201 2423 3266; x_wconf 87' lang='lat' dir='ltr'><strong>quamvis</strong></span> <span class='ocrx_word' id='word_1_366' title='bbox 2457 3197 2561 3247; x_wconf 84' lang='lat' dir='ltr'><strong>levi</strong></span> 
     </span>
     <span class='ocr_line' id='line_1_65' title="bbox 1502 3273 2563 3349; baseline -0.012 -16"><span class='ocrx_word' id='word_1_367' title='bbox 1502 3285 1748 3349; x_wconf 80' lang='lat' dir='ltr'><strong>praesidio</strong></span> <span class='ocrx_word' id='word_1_368' title='bbox 1783 3284 2055 3349; x_wconf 80' lang='lat' dir='ltr'><strong>adversum</strong></span> <span class='ocrx_word' id='word_1_369' title='bbox 2094 3280 2328 3344; x_wconf 83' lang='lat' dir='ltr'><strong>ingentes</strong></span> <span class='ocrx_word' id='word_1_370' title='bbox 2363 3273 2563 3323; x_wconf 84' lang='lat' dir='ltr'><strong>exerci-</strong></span> 
     </span>
     <span class='ocr_line' id='line_1_66' title="bbox 1502 3344 2562 3414; baseline -0.012 -3"><span class='ocrx_word' id='word_1_371' title='bbox 1502 3372 1586 3411; x_wconf 82' lang='lat' dir='ltr'><strong>tus</strong></span> <span class='ocrx_word' id='word_1_372' title='bbox 1652 3344 1961 3411; x_wconf 59' lang='lat' dir='ltr'><strong>insedisset?</strong></span> <span class='ocrx_word' id='word_1_373' title='bbox 2043 3358 2239 3406; x_wconf 79' lang='lat' dir='ltr'><strong>Tamen</strong></span> <span class='ocrx_word' id='word_1_374' title='bbox 2297 3353 2562 3414; x_wconf 80' lang='lat' dir='ltr'><strong>Augustus</strong></span> 
     </span>
     <span class='ocr_line' id='line_1_67' title="bbox 1502 3429 2560 3503; baseline -0.011 -17"><span class='ocrx_word' id='word_1_375' title='bbox 1502 3437 1743 3503; x_wconf 81' lang='lat' dir='ltr'><strong>praefecit</strong></span> <span class='ocrx_word' id='word_1_376' title='bbox 1773 3437 2000 3501; x_wconf 82' lang='lat' dir='ltr'><strong>AEgypto</strong></span> <span class='ocrx_word' id='word_1_377' title='bbox 2042 3432 2307 3497; x_wconf 75' lang='lat' dir='ltr'><strong>pra-sides,</strong></span> <span class='ocrx_word' id='word_1_378' title='bbox 2332 3429 2421 3479; x_wconf 86' lang='lat' dir='ltr'><strong>sed</strong></span> <span class='ocrx_word' id='word_1_379' title='bbox 2457 3442 2560 3475; x_wconf 89' lang='lat' dir='ltr'><strong>non</strong></span> 
     </span>
     <span class='ocr_line' id='line_1_68' title="bbox 1502 3505 2565 3576; baseline -0.01 -14"><span class='ocrx_word' id='word_1_380' title='bbox 1502 3516 1754 3571; x_wconf 82' lang='lat' dir='ltr'><strong>valentes,</strong></span> <span class='ocrx_word' id='word_1_381' title='bbox 1770 3521 1825 3563; x_wconf 88' lang='lat' dir='ltr'><strong>ut</strong></span> <span class='ocrx_word' id='word_1_382' title='bbox 1845 3514 1958 3576; x_wconf 82' lang='lat' dir='ltr'><strong>ipse.</strong></span> <span class='ocrx_word' id='word_1_383' title='bbox 1974 3512 2187 3561; x_wconf 77' lang='lat' dir='ltr'><strong>Tacitus</strong></span> <span class='ocrx_word' id='word_1_384' title='bbox 2204 3509 2290 3557; x_wconf 91' lang='lat' dir='ltr'><strong>lib</strong></span> <span class='ocrx_word' id='word_1_385' title='bbox 2309 3521 2347 3556; x_wconf 80' lang='grc' dir='ltr'><strong>ι.</strong></span> <span class='ocrx_word' id='word_1_386' title='bbox 2368 3505 2565 3554; x_wconf 81' lang='lat' dir='ltr'><strong>Hister.</strong></span> 
     </span>
     <span class='ocr_line' id='line_1_69' title="bbox 1504 3580 2563 3654; baseline -0.014 -13"><span class='ocrx_word' id='word_1_387' title='bbox 1504 3590 1597 3640; x_wconf 82' lang='lat' dir='ltr'><strong>ubi</strong></span> <span class='ocrx_word' id='word_1_388' title='bbox 1618 3591 1742 3640; x_wconf 87' lang='lat' dir='ltr'><strong>alias</strong></span> <span class='ocrx_word' id='word_1_389' title='bbox 1767 3586 2011 3654; x_wconf 89' lang='lat' dir='ltr'><strong>quasdam</strong></span> <span class='ocrx_word' id='word_1_390' title='bbox 2036 3600 2214 3636; x_wconf 84' lang='lat' dir='ltr'><strong>causas</strong></span> <span class='ocrx_word' id='word_1_391' title='bbox 2239 3581 2402 3645; x_wconf 69' lang='lat' dir='ltr'><strong>addit.</strong></span> <span class='ocrx_word' id='word_1_392' title='bbox 2460 3580 2563 3629; x_wconf 90' lang='lat' dir='ltr'><strong>Cu·</strong></span> 
     </span>
     <span class='ocr_line' id='line_1_70' title="bbox 1495 3654 2564 3732; baseline -0.015 -13.955"><span class='ocrx_word' id='word_1_393' title='bbox 1495 3669 1585 3732; x_wconf 86' lang='lat' dir='ltr'><strong>jus</strong></span> <span class='ocrx_word' id='word_1_394' title='bbox 1606 3666 1857 3717; x_wconf 86' lang='lat' dir='ltr'><strong>cautionis</strong></span> <span class='ocrx_word' id='word_1_395' title='bbox 1873 3663 2162 3727; x_wconf 86' lang='lat' dir='ltr'><strong>exemplum</strong></span> <span class='ocrx_word' id='word_1_396' title='bbox 2182 3659 2247 3710; x_wconf 91' lang='lat' dir='ltr'><strong>ab</strong></span> <span class='ocrx_word' id='word_1_397' title='bbox 2265 3654 2564 3706; x_wconf 87' lang='lat' dir='ltr'><strong>Alexandro</strong></span> 
     </span>
    </p>
   </div>
   <div class='ocr_carea' id='block_1_9' title="bbox 1502 3729 2566 4333">
    <p class='ocr_par' dir='ltr' id='par_1_12' title="bbox 1502 3729 2564 3802">
     <span class='ocr_line' id='line_1_71' title="bbox 1502 3729 2564 3802; baseline -0.013 -9"><span class='ocrx_word' id='word_1_398' title='bbox 1502 3743 1661 3794; x_wconf 84' lang='lat' dir='ltr'><strong>fuisse</strong></span> <span class='ocrx_word' id='word_1_399' title='bbox 1701 3750 1945 3802; x_wconf 79' lang='lat' dir='ltr'><strong>sumtum,</strong></span> <span class='ocrx_word' id='word_1_400' title='bbox 1980 3738 2154 3788; x_wconf 78' lang='lat' dir='ltr'><strong>videre</strong></span> <span class='ocrx_word' id='word_1_401' title='bbox 2187 3741 2269 3784; x_wconf 87' lang='lat' dir='ltr'><strong>est</strong></span> <span class='ocrx_word' id='word_1_402' title='bbox 2294 3731 2440 3796; x_wconf 90' lang='lat' dir='ltr'><strong>apud</strong></span> <span class='ocrx_word' id='word_1_403' title='bbox 2465 3729 2564 3780; x_wconf 86' lang='lat' dir='ltr'><strong>Ar-</strong></span> 
     </span>
    </p>

    <p class='ocr_par' dir='ltr' id='par_1_13' title="bbox 1504 3798 2566 3880">
     <span class='ocr_line' id='line_1_72' title="bbox 1504 3798 2566 3880; baseline -0.015 -7"><span class='ocrx_word' id='word_1_404' title='bbox 1504 3824 1703 3873; x_wconf 88' lang='lat' dir='ltr'><strong>rianum</strong></span> <span class='ocrx_word' id='word_1_405' title='bbox 1726 3821 1922 3871; x_wconf 84' lang='lat' dir='ltr'><strong>lib.1n.</strong></span> <span class='ocrx_word' id='word_1_406' title='bbox 1946 3811 2380 3880; x_wconf 79' lang='lat' dir='ltr'><strong>AEgyptumenim</strong></span> <span class='ocrx_word' id='word_1_407' title='bbox 2407 3798 2566 3859; x_wconf 69' lang='lat' dir='ltr'><strong>Alex.</strong></span> 
     </span>
    </p>

    <p class='ocr_par' dir='ltr' id='par_1_14' title="bbox 1504 3888 2566 4333">
     <span class='ocr_line' id='line_1_73' title="bbox 1504 3888 2565 3961; baseline -0.015 -10"><span class='ocrx_word' id='word_1_408' title='bbox 1504 3901 1668 3951; x_wconf 88' lang='lat' dir='ltr'><strong>ander</strong></span> <span class='ocrx_word' id='word_1_409' title='bbox 1702 3900 1753 3949; x_wconf 91' lang='lat' dir='ltr'><strong>in</strong></span> <span class='ocrx_word' id='word_1_410' title='bbox 1778 3899 1952 3961; x_wconf 88' lang='lat' dir='ltr'><strong>plures</strong></span> <span class='ocrx_word' id='word_1_411' title='bbox 1977 3891 2254 3959; x_wconf 80' lang='lat' dir='ltr'><strong>praefectos</strong></span> <span class='ocrx_word' id='word_1_412' title='bbox 2283 3888 2565 3949; x_wconf 81' lang='lat' dir='ltr'><strong>distribuit,</strong></span> 
     </span>
     <span class='ocr_line' id='line_1_74' title="bbox 1504 3967 2563 4034; baseline -0.015 -6"><span class='ocrx_word' id='word_1_413' title='bbox 1504 3980 1717 4028; x_wconf 81' lang='lat' dir='ltr'><strong>miratus</strong></span> <span class='ocrx_word' id='word_1_414' title='bbox 1741 3982 1795 4025; x_wconf 90' lang='lat' dir='ltr'><strong>et</strong></span> <span class='ocrx_word' id='word_1_415' title='bbox 1816 3980 2051 4023; x_wconf 80' lang='lat' dir='ltr'><strong>naturam</strong></span> <span class='ocrx_word' id='word_1_416' title='bbox 2078 3969 2301 4034; x_wconf 87' lang='lat' dir='ltr'><strong>regionis</strong></span> <span class='ocrx_word' id='word_1_417' title='bbox 2324 3975 2377 4016; x_wconf 87' lang='lat' dir='ltr'><strong>et</strong></span> <span class='ocrx_word' id='word_1_418' title='bbox 2400 3967 2563 4014; x_wconf 88' lang='lat' dir='ltr'><strong>muni-</strong></span> 
     </span>
     <span class='ocr_line' id='line_1_75' title="bbox 1506 4041 2566 4116; baseline -0.014 -13"><span class='ocrx_word' id='word_1_419' title='bbox 1506 4060 1704 4112; x_wconf 87' lang='lat' dir='ltr'><strong>menta,</strong></span> <span class='ocrx_word' id='word_1_420' title='bbox 1718 4064 1888 4116; x_wconf 87' lang='lat' dir='ltr'><strong>neque</strong></span> <span class='ocrx_word' id='word_1_421' title='bbox 1906 4056 2073 4099; x_wconf 83' lang='lat' dir='ltr'><strong>tutum</strong></span> <span class='ocrx_word' id='word_1_422' title='bbox 2095 4045 2398 4096; x_wconf 83' lang='lat' dir='ltr'><strong>existimans</strong></span> <span class='ocrx_word' id='word_1_423' title='bbox 2415 4041 2566 4090; x_wconf 87' lang='lat' dir='ltr'><strong>unius</strong></span> 
     </span>
     <span class='ocr_line' id='line_1_76' title="bbox 1508 4116 2566 4192; baseline -0.014 -15"><span class='ocrx_word' id='word_1_424' title='bbox 1508 4130 1728 4192; x_wconf 88' lang='lat' dir='ltr'><strong>imperio</strong></span> <span class='ocrx_word' id='word_1_425' title='bbox 1745 4136 1905 4178; x_wconf 85' lang='lat' dir='ltr'><strong>totam</strong></span> <span class='ocrx_word' id='word_1_426' title='bbox 1923 4124 2066 4177; x_wconf 87' lang='lat' dir='ltr'><strong>credi</strong></span> <span class='ocrx_word' id='word_1_427' title='bbox 2085 4140 2100 4186; x_wconf 84' lang='lat'>3</span> <span class='ocrx_word' id='word_1_428' title='bbox 2135 4138 2248 4188; x_wconf 80' lang='lat' dir='ltr'><strong>quae</strong></span> <span class='ocrx_word' id='word_1_429' title='bbox 2270 4121 2382 4183; x_wconf 85' lang='lat' dir='ltr'><strong>ipsa</strong></span> <span class='ocrx_word' id='word_1_430' title='bbox 2404 4116 2566 4165; x_wconf 76' lang='lat' dir='ltr'><strong>ferme</strong></span> 
     </span>
     <span class='ocr_line' id='line_1_77' title="bbox 1506 4195 2566 4265; baseline -0.014 -10"><span class='ocrx_word' id='word_1_431' title='bbox 1506 4213 1630 4255; x_wconf 88' lang='lat' dir='ltr'><strong>sunt</strong></span> <span class='ocrx_word' id='word_1_432' title='bbox 1652 4204 1859 4256; x_wconf 87' lang='lat' dir='ltr'><strong>Arriani</strong></span> <span class='ocrx_word' id='word_1_433' title='bbox 1881 4205 1995 4254; x_wconf 88' lang='lat' dir='ltr'><strong>loco</strong></span> <span class='ocrx_word' id='word_1_434' title='bbox 2018 4202 2182 4252; x_wconf 87' lang='lat' dir='ltr'><strong>citato</strong></span> <span class='ocrx_word' id='word_1_435' title='bbox 2204 4198 2360 4248; x_wconf 80' lang='lat' dir='ltr'><strong>verba</strong></span> <span class='ocrx_word' id='word_1_436' title='bbox 2382 4195 2566 4265; x_wconf 76' lang='lat' dir='ltr'><strong>Latine</strong></span> 
     </span>
     <span class='ocr_line' id='line_1_78' title="bbox 1508 4280 2401 4333; baseline -0.009 -3"><span class='ocrx_word' id='word_1_437' title='bbox 1508 4280 1669 4333; x_wconf 81' lang='lat' dir='ltr'><strong>facta.</strong></span> <span class='ocrx_word' id='word_1_438' title='bbox 2398 4296 2401 4299; x_wconf 36' lang='lat'>¹</span> 
     </span>
    </p>
   </div>
  </div>
 </body>
</html>
