3019 4922
492 417 621 482 404

1349 425 1412 470 C.
1457 421 1819 472 Suss'roNu

494 595 696 653 manu
722 574 1064 657 scriptum,
1082 569 1596 653 depositumque
1622 564 1801 650 apud
1832 573 1981 641 se‚¹0
2003 572 2028 599 ⁰
2062 565 2345 646 virgines
2367 563 2681 631 Vestales

495 699 649 743 cum
680 677 895 740 tribus
923 673 1198 756 signatis
1230 679 1426 755 aeque
1452 669 1903 735 voluminibus
1922 676 1948 716 Ρ
1977 668 2416 752 protulerunt.
2475 667 2680 746 ‘Quae

494 781 722 844 omnia
777 779 845 842 in
906 777 1154 840 Senatu
1207 782 1440 851 aperta
1501 779 1711 851 atque
1760 772 2040 837 recitata
2084 775 2255 835 sunt.

560 2332 586 2366 Ρ
628 2326 972 2391 Voluminibus]
1018 2329 1255 2381 Quatuor
1293 2343 1355 2377 ea
1388 2327 1550 2378 fuisse

495 2411 681 2452 auctor
713 2413 793 2453 est
834 2404 936 2454 Dio
973 2405 1062 2453 lib.
1088 2418 1197 2455 Lv1.
1262 2405 1364 2455 Sed
1399 2420 1552 2472 quar·

494 2486 603 2529 tum
629 2488 828 2543 partem
854 2482 998 2531 tertii
1022 2481 1177 2532 fuisse
1202 2483 1360 2545 magis
1395 2497 1550 2547 quam

492 2563 787 2619 separatum
824 2572 953 2620 opus
991 2559 1255 2608 existimat
1292 2560 1552 2608 Casanbo-

492 2648 619 2683 nus:
654 2634 743 2683 illo
764 2636 898 2684 enim
923 2645 1190 2700 praecepta
1214 2634 1345 2685 bene
1362 2636 1551 2698 gnber-

492 2709 647 2758 nundi
671 2716 728 2759 et
748 2711 953 2780 Tiberio
978 2720 1031 2762 et
1056 2713 1373 2777 Reipublicae
1396 2714 1551 2763 relin-

489 2783 704 2848 quebat,
723 2791 778 2833 et
793 2800 962 2836 rerum
982 2788 1207 2837 omnium
1225 2795 1416 2837 statum
1435 2801 1552 2851 pro-

492 2859 609 2921 pria
626 2853 799 2909 *tnanu
843 2864 1229 2927 perscripsisse,
1269 2871 1449 2913 auctor
1471 2870 1552 2913 est

490 2934 722 2997 Tacitus,
749 2938 835 2999 qui
868 2947 921 2987 ct
942 2940 1043 2988 alia
1077 2940 1232 2989 etiam
1270 2941 1449 3004 refert,
1484 2939 1551 2989 de

490 3011 679 3075 quibus
698 3013 747 3059 in
770 3012 874 3063 fine
895 3015 1047 3077 hujus
1072 3018 1260 3079 capitis
1283 3018 1469 3080 agitur.

517 3106 523 3108 >
554 3094 579 3126 «Ι
614 3087 697 3134 Ex
714 3094 851 3149 parte
869 3091 1093 3155 dimidia]
1125 3093 1188 3156 In
1223 3093 1365 3143 Julio
1398 3109 1445 3143 c.
1469 3098 1551 3141 83.

490 3159 686 3208 dictum
711 3169 809 3217 est,
834 3170 995 3212 totam
1025 3166 1387 3215 haereditatem
1423 3168 1550 3216 assis

491 3236 697 3284 nomine
723 3239 997 3302 appellari,
1020 3249 1074 3289 et
1097 3242 1205 3304 ejus
1230 3243 1390 3291 instar
1423 3243 1549 3292 duo-

491 3309 660 3359 decim
680 3316 842 3362 unciis
874 3324 1112 3367 constare
1134 3334 1146 3365 :
1185 3333 1302 3382 pars
1326 3332 1450 3381 ergo
1472 3319 1550 3367 di-

489 3388 651 3437 midia
673 3397 794 3440 sunt
812 3405 905 3440 sex
929 3394 1114 3456 «tticiae,
1146 3395 1333 3460 quibus
1372 3394 1549 3446 addito

491 3472 753 3529 sextante,
783 3475 903 3517 octo
936 3467 1066 3518 fiunt
1097 3472 1262 3520 nnciae
1290 3488 1303 3531 ;
1338 3480 1547 3522 sextans

490 3541 625 3589 enim
650 3550 728 3592 est
745 3552 891 3593 sexta
910 3560 1029 3608 pars
1048 3546 1384 3597 haereditatis.
1411 3546 1549 3598 Oc'to

489 3620 658 3669 unciae
685 3619 776 3669 bes
810 3622 964 3685 vulgo
1002 3623 1260 3672 dicuntur.
1326 3625 1414 3672 De
1448 3630 1547 3672 tes-

491 3702 721 3745 tamento
745 3695 1062 3760 Augusti‚=in
1091 3713 1190 3763 quo
1213 3699 1445 3748 Tiberius
1481 3715 1548 3749 ex

491 3776 640 3831 parte
664 3771 878 3820 dimidia
901 3781 956 3823 et
991 3782 1137 3822 sexta
1162 3772 1263 3822 fnit
1286 3774 1437 3822 heres
1474 3776 1548 3823 in-

492 3845 724 3908 stitutus,
760 3860 946 3911 nempe
993 3864 1059 3897 ex
1109 3850 1276 3908 besse,
1312 3851 1548 3899 meminit

494 3919 728 3983 Cujscius
745 3923 807 3972 ad
830 3925 863 3973 Ι.
891 3937 1074 3973 xxvn.
1099 3928 1126 3989 ᾧ
1150 3930 1198 3975 8.
1221 3924 1278 3976 ff.
1305 3926 1368 3974 ad
1392 3926 1548 3975 Sena-

493 3999 717 4045 tuscons.
740 3999 1139 4051 Trebellianum.

523 4098 529 4104 -
556 4074 577 4098 ¹
599 4070 682 4117 Ex
696 4078 832 4133 parte
851 4075 1020 4138 tertia]
1047 4076 1188 4139 Lege
1204 4077 1435 4126 Voconia
1460 4092 1546 4127 ca-

494 4142 731 4210 vehatur,
753 4161 818 4194 ne
840 4151 952 4211 quis
973 4165 1173 4213 census,
1197 4153 1292 4201 boc
1329 4160 1425 4215 est,
1457 4154 1547 4217 qui

495 4228 701 4270 centnm
738 4224 899 4271 millia
935 4226 985 4273 in
1011 4228 1154 4276 bonis
1177 4228 1412 4290 haberet,
1435 4242 1543 4277 mu-

2344 768 2682 834 Haeredes

1627 2329 1691 2378 sd
1729 2329 1988 2378 haeredem
2026 2328 2326 2377 haeredesve
2362 2327 2686 2389 pertineret:

1630 2405 1765 2454 unde
1789 2405 1973 2455 scribit
1994 2406 2098 2454 Dio
2123 2404 2214 2453 lib.
2250 2416 2364 2452 Lvr.
2399 2401 2690 2466 Angustum

1627 2499 1656 2532 a
1679 2483 1869 2532 Senatu
1893 2483 2228 2545 impetrasse,
2252 2486 2309 2530 ut
2332 2480 2430 2529 hac
2455 2480 2572 2543 iege
2595 2478 2690 2527 sol·

1629 2566 1840 2609 v‘eretur
1860 2560 1909 2607 in
1932 2558 2148 2622 gratiam
2175 2557 2352 2606 Livioe.

1691 2646 1709 2669 ⁸
1747 2637 1932 2685 Nomen
1954 2635 2112 2697 suum]
2142 2634 2204 2683 Id
2228 2648 2329 2698 qua
2353 2632 2554 2682 ratione
2576 2630 2690 2680 fieri

1629 2711 1866 2776 deberet,
1893 2727 2050 2776 supra
2071 2710 2120 2759 in
2144 2710 2285 2761 Julio
2309 2724 2354 2758 c.
2371 2713 2454 2757 83.
2522 2709 2692 2757 Notat

1629 2796 1887 2854 praeterea
1909 2788 2247 2838 Casaubonns
2269 2793 2448 2836 cetera
2463 2784 2694 2848 Augusti

1628 2864 1835 2914 nomina
1859 2865 1969 2929 jam
2010 2864 2132 2913 inde
2167 2864 2233 2912 ab
2269 2862 2590 2925 adoptionis,
2625 2861 2691 2909 de

1629 2954 1734 3003 qua
1761 2954 1915 3002 supra
1933 2954 1980 2988 c.
2001 2943 2084 2988 65.
2123 2943 2357 2999 tempore
2376 2936 2588 2985 Tiberio
2613 2936 2692 2985 in·

1629 3015 1741 3064 dita
1781 3014 1960 3070 fuisse,
1994 3012 2353 3075 sed·Augusti
2399 3025 2688 3073 cognomen

1630 3090 1727 3139 sibi
1768 3092 1858 3140 uni
1897 3103 2129 3139 servasse
2155 3093 2375 3152 patrem,
2397 3086 2536 3150 quod
2564 3085 2690 3135 illud

1628 3167 1996 3216 communicari
2036 3165 2215 3225 nollet,
2256 3168 2435 3227 utpote
2465 3176 2565 3227 quo
2604 3177 2693 3225 po-

1630 3244 1811 3291 tentiae
1835 3258 1944 3293 snae
1967 3249 2162 3306 partem
2189 3254 2288 3289 non
2315 3238 2549 3301 exiguam
2573 3253 2692 3288 con·

1627 3319 1809 3368 sistere
1834 3318 2088 3368 crederet.
2157 3315 2310 3364 Livia
2334 3326 2542 3378 quoque
2569 3321 2691 3377 post

1628 3402 1882 3443 mortuum
1907 3393 2216 3456 Angustum,
2235 3389 2483 3452 Augustae
2503 3404 2692 3439 nomen

1629 3471 1826 3533 recepit
1848 3478 1901 3518 et
1926 3469 2099 3529 Juliae,
2120 3466 2332 3531 (namin
2351 3466 2546 3516 ⁴Iuliam
2567 3480 2692 3530 quo·

1626 3562 1723 3612 qne
1746 3546 1994 3594 familiam
2033 3545 2281 3607 adoptata
2319 3549 2424 3603 est,
2464 3542 2691 3591 auetori-

1626 3622 1721 3670 bns
1755 3622 2030 3671 Tacitoet
2059 3617 2308 3678 Velleio,)
2340 3632 2472 3682 quae·
2495 3625 2689 3673 tamen,

1625 3701 1736 3762 ipso
1781 3699 2018 3753 vivente,·
2047 3695 2251 3745 nomina
2284 3708 2389 3744 non
2430 3708 2687 3744 assumse-

1626 3782 1721 3823 rat.

1660 3863 1665 3865 ·
1687 3852 1704 3883 t
1736 3851 1996 3914 Secundae]
2053 3848 2170 3897 Hoc
2225 3853 2306 3895 est
2358 3844 2687 3905 substitutos,

1625 3925 1690 3974 de
1715 3926 1900 3991 quibus
1926 3939 2083 3988 snpra
2109 3925 2160 3972 in
2185 3923 2218 3973 J
2227 3923 2329 3970 ulio
2353 3925 2506 3971 αδδ.

1689 4011 1713 4034 ¹¹
1751 4001 1970 4065 Triente]
2007 4002 2249 4053 Quatuor
2274 3997 2456 4045 unciis.
2517 3996 2650 4045 Ibid.

1687 4086 1710 4110 V
1745 4078 2030 4141 Liber-osque
2061 4074 2183 4137 qius]
2221 4075 2299 4123 De
2331 4074 2408 4121 his
2445 4073 2498 4121 iu
2538 4073 2681 4123 Clau·

1629 4152 1715 4203 dio
1739 4168 1785 4203 c.
1811 4158 1858 4201 7.
2228 4168 2233 4172 ·
