<?xml version="1.0" encoding="UTF-8"?>
<!DOCTYPE html PUBLIC "-//W3C//DTD XHTML 1.0 Transitional//EN"
    "http://www.w3.org/TR/xhtml1/DTD/xhtml1-transitional.dtd">
<html xmlns="http://www.w3.org/1999/xhtml" xml:lang="en" lang="en">
 <head>
  <title>
</title>
<meta http-equiv="Content-Type" content="text/html;charset=utf-8" />
  <meta name='ocr-system' content='tesseract 3.04.00' />
  <meta name='ocr-capabilities' content='ocr_page ocr_carea ocr_par ocr_line ocrx_word'/>
</head>
<body>
  <div class='ocr_page' id='page_1' title='image "./operaomniaexedi04suetgoog_0391.png"; bbox 0 0 3019 4922; ppageno 0'>
   <div class='ocr_carea' id='block_1_1' title="bbox 2384 428 2512 493">
    <p class='ocr_par' dir='ltr' id='par_1_1' title="bbox 2384 428 2512 493">
     <span class='ocr_line' id='line_1_1' title="bbox 2384 428 2512 493; baseline -0.016 0"><span class='ocrx_word' id='word_1_1' title='bbox 2384 428 2512 493; x_wconf 82' lang='lat'>381</span> 
     </span>
    </p>
   </div>
   <div class='ocr_carea' id='block_1_2' title="bbox 319 580 2512 770">
    <p class='ocr_par' dir='ltr' id='par_1_2' title="bbox 319 580 2512 770">
     <span class='ocr_line' id='line_1_2' title="bbox 330 580 2512 669; baseline 0.002 -21"><span class='ocrx_word' id='word_1_2' title='bbox 330 584 596 648; x_wconf 83' lang='lat' dir='ltr'>solen&#39;ne</span> <span class='ocrx_word' id='word_1_3' title='bbox 626 582 968 667; x_wconf 88' lang='lat' dir='ltr'>Apollinis</span> <span class='ocrx_word' id='word_1_4' title='bbox 1013 602 1272 648; x_wconf 86' lang='lat' dir='ltr'>sacrum</span> <span class='ocrx_word' id='word_1_5' title='bbox 1297 592 1314 621; x_wconf 89' lang='lat'>¹</span> <span class='ocrx_word' id='word_1_6' title='bbox 1337 580 1362 618; x_wconf 63' lang='lat'>¹³</span> <span class='ocrx_word' id='word_1_7' title='bbox 1415 584 1639 648; x_wconf 82' lang='lat' dir='ltr'>media</span> <span class='ocrx_word' id='word_1_8' title='bbox 1669 582 1900 649; x_wconf 86' lang='lat' dir='ltr'>nocte¹</span> <span class='ocrx_word' id='word_1_9' title='bbox 1944 587 2257 665; x_wconf 81' lang='lat' dir='ltr'>venisset,</span> <span class='ocrx_word' id='word_1_10' title='bbox 2287 588 2512 669; x_wconf 83' lang='lat' dir='ltr'>posita</span> 
     </span>
     <span class='ocr_line' id='line_1_3' title="bbox 319 678 2506 770; baseline 0.003 -20"><span class='ocrx_word' id='word_1_11' title='bbox 319 688 384 750; x_wconf 89' lang='lat' dir='ltr'>in</span> <span class='ocrx_word' id='word_1_12' title='bbox 414 686 672 770; x_wconf 89' lang='lat' dir='ltr'>templo</span> <span class='ocrx_word' id='word_1_13' title='bbox 702 678 961 762; x_wconf 78' lang='lat' dir='ltr'>lectica,</span> <span class='ocrx_word' id='word_1_14' title='bbox 990 684 1143 750; x_wconf 87' lang='lat' dir='ltr'>dum</span> <span class='ocrx_word' id='word_1_15' title='bbox 1177 693 1420 750; x_wconf 61' lang='lat' dir='ltr'>ceteras</span> <span class='ocrx_word' id='word_1_16' title='bbox 1467 693 1786 751; x_wconf 78' lang='lat' dir='ltr'>matronae</span> <span class='ocrx_word' id='word_1_17' title='bbox 1817 686 2236 767; x_wconf 82' lang='lat' dir='ltr'>dormirent‚²</span> <span class='ocrx_word' id='word_1_18' title='bbox 2267 690 2506 755; x_wconf 87' lang='lat' dir='ltr'>obdor-</span> 
     </span>
    </p>
   </div>
   <div class='ocr_carea' id='block_1_3' title="bbox 1209 440 1609 488">
    <p class='ocr_par' dir='ltr' id='par_1_3' title="bbox 1209 440 1609 488">
     <span class='ocr_line' id='line_1_4' title="bbox 1209 440 1609 488; baseline -0.003 -2"><span class='ocrx_word' id='word_1_19' title='bbox 1209 440 1609 488; x_wconf 77' lang='lat' dir='ltr'>OCTAVIUS.</span> 
     </span>
    </p>
   </div>
   <div class='ocr_carea' id='block_1_4' title="bbox 1236 881 1597 902">
    <p class='ocr_par' dir='ltr' id='par_1_4' title="bbox 1236 881 1597 902">
     <span class='ocr_line' id='line_1_5' title="bbox 1236 881 1597 902; baseline -0.003 0"><span class='ocrx_word' id='word_1_20' title='bbox 1236 881 1597 902; x_wconf 63' lang='lat'>000000000000</span> 
     </span>
    </p>
   </div>
   <div class='ocr_carea' id='block_1_5' title="bbox 320 1012 2512 1538">
    <p class='ocr_par' dir='ltr' id='par_1_5' title="bbox 320 1012 2512 1538">
     <span class='ocr_line' id='line_1_6' title="bbox 322 1012 2512 1082; baseline 0.004 -17"><span class='ocrx_word' id='word_1_21' title='bbox 322 1020 425 1079; x_wconf 80' lang='lat' dir='ltr'>lego</span> <span class='ocrx_word' id='word_1_22' title='bbox 457 1017 542 1067; x_wconf 71' lang='lat' dir='ltr'>tio.</span> <span class='ocrx_word' id='word_1_23' title='bbox 585 1023 640 1067; x_wconf 90' lang='lat' dir='ltr'>et</span> <span class='ocrx_word' id='word_1_24' title='bbox 676 1017 887 1068; x_wconf 72' lang='lat' dir='ltr'>Accium.</span> <span class='ocrx_word' id='word_1_25' title='bbox 954 1019 1142 1067; x_wconf 90' lang='lat' dir='ltr'>Plures</span> <span class='ocrx_word' id='word_1_26' title='bbox 1181 1018 1362 1080; x_wconf 86' lang='lat' dir='ltr'>scripti</span> <span class='ocrx_word' id='word_1_27' title='bbox 1403 1025 1457 1067; x_wconf 94' lang='lat' dir='ltr'>et</span> <span class='ocrx_word' id='word_1_28' title='bbox 1495 1017 1624 1066; x_wconf 85' lang='lat' dir='ltr'>editi</span> <span class='ocrx_word' id='word_1_29' title='bbox 1659 1017 1870 1082; x_wconf 74' lang='lat' dir='ltr'>Actium,</span> <span class='ocrx_word' id='word_1_30' title='bbox 1912 1012 2031 1081; x_wconf 56' lang='lat' dir='ltr'>Cuj,</span> <span class='ocrx_word' id='word_1_31' title='bbox 2065 1019 2408 1071; x_wconf 67' lang='lat' dir='ltr'>Anthium—1</span> <span class='ocrx_word' id='word_1_32' title='bbox 2446 1023 2512 1073; x_wconf 90' lang='lat' dir='ltr'>In</span> 
     </span>
     <span class='ocr_line' id='line_1_7' title="bbox 323 1082 2512 1149; baseline 0.003 -18"><span class='ocrx_word' id='word_1_33' title='bbox 323 1082 478 1131; x_wconf 83' lang='lat' dir='ltr'>vind.</span> <span class='ocrx_word' id='word_1_34' title='bbox 498 1087 545 1133; x_wconf 83' lang='lat'>1.</span> <span class='ocrx_word' id='word_1_35' title='bbox 567 1099 613 1146; x_wconf 79' lang='lat' dir='ltr'>q.</span> <span class='ocrx_word' id='word_1_36' title='bbox 631 1085 781 1132; x_wconf 71' lang='lat' dir='ltr'>adhuc</span> <span class='ocrx_word' id='word_1_37' title='bbox 802 1100 843 1133; x_wconf 87' lang='lat' dir='ltr'>s.</span> <span class='ocrx_word' id='word_1_38' title='bbox 866 1083 1056 1146; x_wconf 77' lang='lat' dir='ltr'>Appon.</span> <span class='ocrx_word' id='word_1_39' title='bbox 1090 1083 1393 1149; x_wconf 63' lang='lat' dir='ltr'>sacrificium.</span> <span class='ocrx_word' id='word_1_40' title='bbox 1458 1085 1588 1132; x_wconf 87' lang='lat' dir='ltr'>Tum</span> <span class='ocrx_word' id='word_1_41' title='bbox 1612 1088 1659 1132; x_wconf 79' lang='lat' dir='ltr'>et</span> <span class='ocrx_word' id='word_1_42' title='bbox 1677 1083 1834 1146; x_wconf 74' lang='lat' dir='ltr'>positu</span> <span class='ocrx_word' id='word_1_43' title='bbox 1856 1084 2164 1134; x_wconf 77' lang='lat' dir='ltr'>Memm.—2</span> <span class='ocrx_word' id='word_1_44' title='bbox 2199 1085 2260 1134; x_wconf 88' lang='lat' dir='ltr'>Iu</span> <span class='ocrx_word' id='word_1_45' title='bbox 2288 1086 2442 1136; x_wconf 90' lang='lat' dir='ltr'>Vind.</span> <span class='ocrx_word' id='word_1_46' title='bbox 2466 1093 2512 1137; x_wconf 84' lang='lat'>1.</span> 
     </span>
     <span class='ocr_line' id='line_1_8' title="bbox 322 1148 2511 1211; baseline 0.002 -15"><span class='ocrx_word' id='word_1_47' title='bbox 322 1150 370 1198; x_wconf 82' lang='lat' dir='ltr'>d.</span> <span class='ocrx_word' id='word_1_48' title='bbox 402 1164 445 1197; x_wconf 88' lang='lat' dir='ltr'>c.</span> <span class='ocrx_word' id='word_1_49' title='bbox 482 1163 549 1197; x_wconf 84' lang='lat' dir='ltr'>m.</span> <span class='ocrx_word' id='word_1_50' title='bbox 582 1150 645 1197; x_wconf 82' lang='lat' dir='ltr'>od</span> <span class='ocrx_word' id='word_1_51' title='bbox 665 1163 768 1198; x_wconf 86' lang='lat' dir='ltr'>eam</span> <span class='ocrx_word' id='word_1_52' title='bbox 791 1149 1021 1198; x_wconf 79' lang='lat' dir='ltr'>venissent</span> <span class='ocrx_word' id='word_1_53' title='bbox 1054 1150 1417 1211; x_wconf 77' lang='lat' dir='ltr'>dormirentque.</span> <span class='ocrx_word' id='word_1_54' title='bbox 1487 1148 1672 1196; x_wconf 90' lang='lat' dir='ltr'>Heins.</span> <span class='ocrx_word' id='word_1_55' title='bbox 1695 1149 1831 1196; x_wconf 88' lang='lat' dir='ltr'>varie</span> <span class='ocrx_word' id='word_1_56' title='bbox 1865 1148 2104 1197; x_wconf 83' lang='lat' dir='ltr'>tentabat</span> <span class='ocrx_word' id='word_1_57' title='bbox 2139 1151 2188 1198; x_wconf 85' lang='lat' dir='ltr'>d.</span> <span class='ocrx_word' id='word_1_58' title='bbox 2211 1167 2255 1198; x_wconf 85' lang='lat' dir='ltr'>c.</span> <span class='ocrx_word' id='word_1_59' title='bbox 2282 1166 2347 1199; x_wconf 88' lang='lat' dir='ltr'>m.</span> <span class='ocrx_word' id='word_1_60' title='bbox 2378 1168 2511 1201; x_wconf 80' lang='lat' dir='ltr'>arom</span> 
     </span>
     <span class='ocr_line' id='line_1_9' title="bbox 320 1214 2512 1277; baseline 0.002 -15"><span class='ocrx_word' id='word_1_61' title='bbox 320 1214 509 1263; x_wconf 78' lang='lat' dir='ltr'>odirent</span> <span class='ocrx_word' id='word_1_62' title='bbox 531 1215 611 1261; x_wconf 88' lang='lat' dir='ltr'>vel</span> <span class='ocrx_word' id='word_1_63' title='bbox 633 1215 696 1261; x_wconf 78' lang='lat' dir='ltr'>ad</span> <span class='ocrx_word' id='word_1_64' title='bbox 715 1228 849 1263; x_wconf 78' lang='lat' dir='ltr'>aram</span> <span class='ocrx_word' id='word_1_65' title='bbox 879 1214 1004 1263; x_wconf 79' lang='lat' dir='ltr'>irent</span> <span class='ocrx_word' id='word_1_66' title='bbox 1042 1215 1119 1263; x_wconf 84' lang='lat' dir='ltr'>vel</span> <span class='ocrx_word' id='word_1_67' title='bbox 1143 1218 1450 1277; x_wconf 79' lang='lat' dir='ltr'>operarentur</span> <span class='ocrx_word' id='word_1_68' title='bbox 1476 1214 1556 1261; x_wconf 84' lang='lat' dir='ltr'>vel</span> <span class='ocrx_word' id='word_1_69' title='bbox 1586 1220 1829 1276; x_wconf 79' lang='lat' dir='ltr'>operatum</span> <span class='ocrx_word' id='word_1_70' title='bbox 1847 1214 1989 1262; x_wconf 77' lang='lat' dir='ltr'>irent.</span> <span class='ocrx_word' id='word_1_71' title='bbox 2058 1215 2233 1264; x_wconf 89' lang='lat' dir='ltr'>Burm.</span> <span class='ocrx_word' id='word_1_72' title='bbox 2257 1216 2381 1265; x_wconf 85' lang='lat' dir='ltr'>velit</span> <span class='ocrx_word' id='word_1_73' title='bbox 2401 1218 2512 1267; x_wconf 74' lang='lat' dir='ltr'>dum</span> 
     </span>
     <span class='ocr_line' id='line_1_10' title="bbox 324 1278 2511 1343; baseline 0 -14"><span class='ocrx_word' id='word_1_74' title='bbox 324 1284 374 1329; x_wconf 76' lang='lat' dir='ltr'>et</span> <span class='ocrx_word' id='word_1_75' title='bbox 404 1294 447 1327; x_wconf 87' lang='lat' dir='ltr'>c.</span> <span class='ocrx_word' id='word_1_76' title='bbox 480 1293 544 1325; x_wconf 85' lang='lat' dir='ltr'>m.</span> <span class='ocrx_word' id='word_1_77' title='bbox 565 1280 615 1327; x_wconf 85' lang='lat' dir='ltr'>d.</span> <span class='ocrx_word' id='word_1_78' title='bbox 649 1278 979 1327; x_wconf 76' lang='lat' dir='ltr'><strong><em>condormisse.</em></strong></span> <span class='ocrx_word' id='word_1_79' title='bbox 1028 1281 1043 1307; x_wconf 90' lang='lat'>‘</span> <span class='ocrx_word' id='word_1_80' title='bbox 1073 1278 1188 1328; x_wconf 91' lang='lat' dir='ltr'>Nisi</span> <span class='ocrx_word' id='word_1_81' title='bbox 1223 1278 1335 1343; x_wconf 89' lang='lat' dir='ltr'>quis</span> <span class='ocrx_word' id='word_1_82' title='bbox 1369 1279 1526 1341; x_wconf 81' lang='lat' dir='ltr'>igitur</span> <span class='ocrx_word' id='word_1_83' title='bbox 1560 1284 1726 1327; x_wconf 81' lang='lat' dir='ltr'>totum</span> <span class='ocrx_word' id='word_1_84' title='bbox 1750 1293 1948 1327; x_wconf 84' lang='lat' dir='ltr'>comma</span> <span class='ocrx_word' id='word_1_85' title='bbox 1971 1279 2304 1327; x_wconf 86' lang='lat' dir='ltr'>resecandum</span> <span class='ocrx_word' id='word_1_86' title='bbox 2329 1291 2511 1330; x_wconf 86' lang='lat' dir='ltr'>censet</span> 
     </span>
     <span class='ocr_line' id='line_1_11' title="bbox 324 1343 2510 1409; baseline 0.001 -17"><span class='ocrx_word' id='word_1_87' title='bbox 324 1357 438 1392; x_wconf 89' lang='lat' dir='ltr'>cum</span> <span class='ocrx_word' id='word_1_88' title='bbox 478 1343 628 1391; x_wconf 87' lang='lat' dir='ltr'>Torr.</span> <span class='ocrx_word' id='word_1_89' title='bbox 654 1343 916 1407; x_wconf 81' lang='lat' dir='ltr'>probanda</span> <span class='ocrx_word' id='word_1_90' title='bbox 939 1351 1018 1394; x_wconf 85' lang='lat' dir='ltr'>est</span> <span class='ocrx_word' id='word_1_91' title='bbox 1041 1343 1335 1392; x_wconf 79' lang='lat' dir='ltr'><strong>emendatio</strong></span> <span class='ocrx_word' id='word_1_92' title='bbox 1359 1344 1438 1392; x_wconf 84' lang='lat' dir='ltr'>vel</span> <span class='ocrx_word' id='word_1_93' title='bbox 1471 1344 1651 1392; x_wconf 72' lang='lat' dir='ltr'>Graev.</span> <span class='ocrx_word' id='word_1_94' title='bbox 1674 1343 1722 1390; x_wconf 81' lang='lat' dir='ltr'>d.</span> <span class='ocrx_word' id='word_1_95' title='bbox 1743 1358 1784 1391; x_wconf 86' lang='lat' dir='ltr'>c.</span> <span class='ocrx_word' id='word_1_96' title='bbox 1809 1358 1870 1391; x_wconf 86' lang='lat' dir='ltr'>m.</span> <span class='ocrx_word' id='word_1_97' title='bbox 1891 1345 2076 1392; x_wconf 79' lang='lat' dir='ltr'>donmm</span> <span class='ocrx_word' id='word_1_98' title='bbox 2096 1344 2240 1401; x_wconf 76' lang='lat' dir='ltr'>irent,</span> <span class='ocrx_word' id='word_1_99' title='bbox 2262 1360 2377 1409; x_wconf 81' lang='lat' dir='ltr'>quae</span> <span class='ocrx_word' id='word_1_100' title='bbox 2402 1347 2510 1409; x_wconf 90' lang='lat' dir='ltr'>pla·</span> 
     </span>
     <span class='ocr_line' id='line_1_12' title="bbox 326 1407 2510 1470; baseline 0.001 -13"><span class='ocrx_word' id='word_1_101' title='bbox 326 1410 432 1457; x_wconf 91' lang='lat' dir='ltr'>cuit</span> <span class='ocrx_word' id='word_1_102' title='bbox 457 1407 601 1458; x_wconf 87' lang='lat' dir='ltr'>Ond.</span> <span class='ocrx_word' id='word_1_103' title='bbox 637 1417 692 1458; x_wconf 88' lang='lat' dir='ltr'>et</span> <span class='ocrx_word' id='word_1_104' title='bbox 724 1408 934 1458; x_wconf 89' lang='lat' dir='ltr'>Fabric.</span> <span class='ocrx_word' id='word_1_105' title='bbox 968 1408 1032 1458; x_wconf 85' lang='lat' dir='ltr'>ad</span> <span class='ocrx_word' id='word_1_106' title='bbox 1061 1409 1214 1459; x_wconf 90' lang='lat' dir='ltr'>Dion.</span> <span class='ocrx_word' id='word_1_107' title='bbox 1236 1409 1272 1457; x_wconf 89' lang='lat'>1.</span> <span class='ocrx_word' id='word_1_108' title='bbox 1293 1423 1340 1458; x_wconf 88' lang='lat' dir='ltr'>c.</span> <span class='ocrx_word' id='word_1_109' title='bbox 1365 1410 1445 1457; x_wconf 83' lang='lat' dir='ltr'>vel</span> <span class='ocrx_word' id='word_1_110' title='bbox 1475 1408 1719 1470; x_wconf 86' lang='lat' dir='ltr'>Ernestii,</span> <span class='ocrx_word' id='word_1_111' title='bbox 1741 1409 1791 1457; x_wconf 85' lang='lat' dir='ltr'>d.</span> <span class='ocrx_word' id='word_1_112' title='bbox 1819 1424 1863 1457; x_wconf 85' lang='lat' dir='ltr'>c.</span> <span class='ocrx_word' id='word_1_113' title='bbox 1896 1423 1960 1456; x_wconf 85' lang='lat' dir='ltr'>m.</span> <span class='ocrx_word' id='word_1_114' title='bbox 1989 1409 2202 1458; x_wconf 78' lang='lat' dir='ltr'>venirent</span> <span class='ocrx_word' id='word_1_115' title='bbox 2233 1424 2323 1458; x_wconf 84' lang='lat' dir='ltr'>seu</span> <span class='ocrx_word' id='word_1_116' title='bbox 2347 1426 2510 1460; x_wconf 74' lang='lat' dir='ltr'>eonve-</span> 
     </span>
     <span class='ocr_line' id='line_1_13' title="bbox 322 1472 2509 1538; baseline 0 -13"><span class='ocrx_word' id='word_1_117' title='bbox 322 1474 639 1536; x_wconf 74' lang='lat' dir='ltr'>nimt,quae</span> <span class='ocrx_word' id='word_1_118' title='bbox 672 1488 796 1523; x_wconf 90' lang='lat' dir='ltr'>saue</span> <span class='ocrx_word' id='word_1_119' title='bbox 838 1473 1248 1538; x_wconf 84' lang='lat' dir='ltr'>praecedentibus</span> <span class='ocrx_word' id='word_1_120' title='bbox 1282 1475 1480 1537; x_wconf 89' lang='lat' dir='ltr'>optime</span> <span class='ocrx_word' id='word_1_121' title='bbox 1520 1474 1782 1536; x_wconf 84' lang='lat' dir='ltr'>convenit,</span> <span class='ocrx_word' id='word_1_122' title='bbox 1820 1472 2026 1522; x_wconf 86' lang='lat' dir='ltr'>laudata</span> <span class='ocrx_word' id='word_1_123' title='bbox 2059 1475 2217 1523; x_wconf 88' lang='lat' dir='ltr'>etiam</span> <span class='ocrx_word' id='word_1_124' title='bbox 2240 1490 2269 1524; x_wconf 97' lang='lat' dir='ltr'>a</span> <span class='ocrx_word' id='word_1_125' title='bbox 2291 1475 2509 1525; x_wconf 82' lang='lat' dir='ltr'>Wolfio.&#39;</span> 
     </span>
    </p>
   </div>
   <div class='ocr_carea' id='block_1_6' title="bbox 1311 1670 1525 1723">
    <p class='ocr_par' dir='ltr' id='par_1_6' title="bbox 1311 1670 1525 1723">
     <span class='ocr_line' id='line_1_14' title="bbox 1311 1670 1525 1723; baseline -0.009 0"><span class='ocrx_word' id='word_1_126' title='bbox 1311 1672 1362 1723; x_wconf 88' lang='lat' dir='ltr'>N</span> <span class='ocrx_word' id='word_1_127' title='bbox 1366 1670 1525 1721; x_wconf 80' lang='lat' dir='ltr'>0¹1·AE</span> 
     </span>
    </p>
   </div>
   <div class='ocr_carea' id='block_1_7' title="bbox 1450 1798 2509 1941">
    <p class='ocr_par' dir='ltr' id='par_1_7' title="bbox 1450 1798 2509 1941">
     <span class='ocr_line' id='line_1_15' title="bbox 1450 1798 2509 1864; baseline 0.001 -15"><span class='ocrx_word' id='word_1_128' title='bbox 1450 1800 1666 1850; x_wconf 90' lang='lat' dir='ltr'>tendere</span> <span class='ocrx_word' id='word_1_129' title='bbox 1685 1799 1907 1850; x_wconf 76' lang='lat' dir='ltr'>voluisse</span> <span class='ocrx_word' id='word_1_130' title='bbox 1928 1798 2150 1864; x_wconf 79' lang='lat' dir='ltr'>Augusti</span> <span class='ocrx_word' id='word_1_131' title='bbox 2167 1800 2321 1849; x_wconf 83' lang='lat' dir='ltr'>etiam</span> <span class='ocrx_word' id='word_1_132' title='bbox 2338 1814 2509 1850; x_wconf 80' lang='lat' dir='ltr'>exem-</span> 
     </span>
     <span class='ocr_line' id='line_1_16' title="bbox 1451 1876 2509 1941; baseline 0.001 -16"><span class='ocrx_word' id='word_1_133' title='bbox 1451 1878 1558 1941; x_wconf 82' lang='lat' dir='ltr'>plo,</span> <span class='ocrx_word' id='word_1_134' title='bbox 1579 1876 1885 1926; x_wconf 82' lang='lat' dir='ltr'>horrendam</span> <span class='ocrx_word' id='word_1_135' title='bbox 1910 1876 2162 1939; x_wconf 86' lang='lat' dir='ltr'>ejusmodi</span> <span class='ocrx_word' id='word_1_136' title='bbox 2187 1877 2509 1941; x_wconf 87' lang='lat' dir='ltr'>conjunctio·</span> 
     </span>
    </p>
   </div>
   <div class='ocr_carea' id='block_1_8' title="bbox 322 1801 1374 1943">
    <p class='ocr_par' dir='ltr' id='par_1_8' title="bbox 322 1801 1374 1943">
     <span class='ocr_line' id='line_1_17' title="bbox 323 1801 1373 1867; baseline -0.001 -16"><span class='ocrx_word' id='word_1_137' title='bbox 323 1807 474 1852; x_wconf 85' lang='lat' dir='ltr'>eraut</span> <span class='ocrx_word' id='word_1_138' title='bbox 500 1801 552 1851; x_wconf 91' lang='lat' dir='ltr'>in</span> <span class='ocrx_word' id='word_1_139' title='bbox 592 1802 940 1867; x_wconf 77' lang='lat' dir='ltr'>perhibendis,</span> <span class='ocrx_word' id='word_1_140' title='bbox 961 1809 1020 1853; x_wconf 92' lang='lat' dir='ltr'>ut</span> <span class='ocrx_word' id='word_1_141' title='bbox 1041 1817 1138 1853; x_wconf 88' lang='lat' dir='ltr'>nec</span> <span class='ocrx_word' id='word_1_142' title='bbox 1160 1801 1373 1852; x_wconf 87' lang='lat' dir='ltr'>creden-</span> 
     </span>
     <span class='ocr_line' id='line_1_18' title="bbox 322 1879 1374 1943; baseline 0.001 -17"><span class='ocrx_word' id='word_1_143' title='bbox 322 1879 399 1926; x_wconf 85' lang='lat' dir='ltr'>dis</span> <span class='ocrx_word' id='word_1_144' title='bbox 421 1879 672 1943; x_wconf 86' lang='lat' dir='ltr'>ejusmodi</span> <span class='ocrx_word' id='word_1_145' title='bbox 707 1879 1012 1928; x_wconf 78' lang='lat' dir='ltr'>visionibus:</span> <span class='ocrx_word' id='word_1_146' title='bbox 1054 1879 1189 1943; x_wconf 88' lang='lat' dir='ltr'>quod</span> <span class='ocrx_word' id='word_1_147' title='bbox 1230 1887 1374 1927; x_wconf 88' lang='lat' dir='ltr'>certe</span> 
     </span>
    </p>
   </div>
   <div class='ocr_carea' id='block_1_9' title="bbox 311 1954 1377 3470">
    <p class='ocr_par' dir='ltr' id='par_1_9' title="bbox 316 1954 1377 3002">
     <span class='ocr_line' id='line_1_19' title="bbox 325 1954 1374 2018; baseline 0.001 -15"><span class='ocrx_word' id='word_1_148' title='bbox 325 1955 601 2018; x_wconf 80' lang='lat' dir='ltr'>Dionysius</span> <span class='ocrx_word' id='word_1_149' title='bbox 634 1954 1060 2006; x_wconf 76' lang='lat' dir='ltr'>Halicarnasseus</span> <span class='ocrx_word' id='word_1_150' title='bbox 1079 1958 1129 2004; x_wconf 90' lang='lat' dir='ltr'>in</span> <span class='ocrx_word' id='word_1_151' title='bbox 1151 1954 1374 2007; x_wconf 86' lang='lat' dir='ltr'>referen-</span> 
     </span>
     <span class='ocr_line' id='line_1_20' title="bbox 322 2031 1373 2096; baseline -0.001 -16"><span class='ocrx_word' id='word_1_152' title='bbox 322 2032 390 2080; x_wconf 80' lang='lat' dir='ltr'>de</span> <span class='ocrx_word' id='word_1_153' title='bbox 410 2032 574 2082; x_wconf 86' lang='lat' dir='ltr'>Servii</span> <span class='ocrx_word' id='word_1_154' title='bbox 597 2032 752 2080; x_wconf 86' lang='lat' dir='ltr'>Tullii</span> <span class='ocrx_word' id='word_1_155' title='bbox 775 2033 1004 2095; x_wconf 82' lang='lat' dir='ltr'>historia,</span> <span class='ocrx_word' id='word_1_156' title='bbox 1042 2041 1220 2096; x_wconf 84' lang='lat' dir='ltr'>aperte</span> <span class='ocrx_word' id='word_1_157' title='bbox 1248 2031 1373 2080; x_wconf 85' lang='lat' dir='ltr'>satis</span> 
     </span>
     <span class='ocr_line' id='line_1_21' title="bbox 323 2107 1374 2159; baseline 0.002 -2"><span class='ocrx_word' id='word_1_158' title='bbox 323 2107 520 2159; x_wconf 86' lang='lat' dir='ltr'>indicat</span> <span class='ocrx_word' id='word_1_159' title='bbox 537 2108 628 2158; x_wconf 90' lang='lat' dir='ltr'>lib.</span> <span class='ocrx_word' id='word_1_160' title='bbox 651 2123 728 2158; x_wconf 77' lang='lat' dir='ltr'>iv·</span> <span class='ocrx_word' id='word_1_161' title='bbox 748 2109 843 2158; x_wconf 84' lang='lat' dir='ltr'>hoc</span> <span class='ocrx_word' id='word_1_162' title='bbox 880 2117 1049 2158; x_wconf 88' lang='lat' dir='ltr'>tamen</span> <span class='ocrx_word' id='word_1_163' title='bbox 1077 2110 1163 2159; x_wconf 87' lang='lat' dir='ltr'>vix</span> <span class='ocrx_word' id='word_1_164' title='bbox 1185 2123 1374 2159; x_wconf 84' lang='lat' dir='ltr'>conve·</span> 
     </span>
     <span class='ocr_line' id='line_1_22' title="bbox 320 2185 1375 2250; baseline -0.001 -15"><span class='ocrx_word' id='word_1_165' title='bbox 320 2187 429 2235; x_wconf 84' lang='lat' dir='ltr'>niat</span> <span class='ocrx_word' id='word_1_166' title='bbox 451 2200 568 2235; x_wconf 91' lang='lat' dir='ltr'>cum</span> <span class='ocrx_word' id='word_1_167' title='bbox 585 2185 968 2250; x_wconf 77' lang='lat' dir='ltr'>opinione,quae</span> <span class='ocrx_word' id='word_1_168' title='bbox 980 2186 1089 2249; x_wconf 82' lang='lat' dir='ltr'>jam</span> <span class='ocrx_word' id='word_1_169' title='bbox 1104 2192 1226 2234; x_wconf 90' lang='lat' dir='ltr'>tunc</span> <span class='ocrx_word' id='word_1_170' title='bbox 1246 2193 1375 2235; x_wconf 89' lang='lat' dir='ltr'>tem-</span> 
     </span>
     <span class='ocr_line' id='line_1_23' title="bbox 320 2261 1374 2326; baseline 0.003 -17"><span class='ocrx_word' id='word_1_171' title='bbox 320 2263 462 2326; x_wconf 85' lang='lat' dir='ltr'>poris</span> <span class='ocrx_word' id='word_1_172' title='bbox 487 2261 801 2311; x_wconf 81' lang='lat' dir='ltr'>increbuisse</span> <span class='ocrx_word' id='word_1_173' title='bbox 824 2262 1029 2311; x_wconf 86' lang='lat' dir='ltr'>videtur</span> <span class='ocrx_word' id='word_1_174' title='bbox 1050 2276 1118 2311; x_wconf 87' lang='lat' dir='ltr'>ex</span> <span class='ocrx_word' id='word_1_175' title='bbox 1136 2262 1374 2312; x_wconf 86' lang='lat' dir='ltr'>nummis.</span> 
     </span>
     <span class='ocr_line' id='line_1_24' title="bbox 316 2337 1373 2400; baseline -0.001 -12"><span class='ocrx_word' id='word_1_176' title='bbox 316 2338 373 2388; x_wconf 83' lang='lat' dir='ltr'>Si</span> <span class='ocrx_word' id='word_1_177' title='bbox 394 2337 527 2387; x_wconf 88' lang='lat' dir='ltr'>euim</span> <span class='ocrx_word' id='word_1_178' title='bbox 551 2338 646 2387; x_wconf 82' lang='lat' dir='ltr'>hoc</span> <span class='ocrx_word' id='word_1_179' title='bbox 676 2339 841 2400; x_wconf 87' lang='lat' dir='ltr'>credi,</span> <span class='ocrx_word' id='word_1_180' title='bbox 874 2338 914 2386; x_wconf 96' lang='lat' dir='ltr'>si</span> <span class='ocrx_word' id='word_1_181' title='bbox 954 2347 1009 2387; x_wconf 89' lang='lat' dir='ltr'>et</span> <span class='ocrx_word' id='word_1_182' title='bbox 1041 2353 1275 2388; x_wconf 89' lang='lat' dir='ltr'>nummos</span> <span class='ocrx_word' id='word_1_183' title='bbox 1320 2338 1373 2387; x_wconf 89' lang='lat' dir='ltr'>id</span> 
     </span>
     <span class='ocr_line' id='line_1_25' title="bbox 316 2414 1375 2480; baseline 0 -16"><span class='ocrx_word' id='word_1_184' title='bbox 316 2414 488 2480; x_wconf 86' lang='lat' dir='ltr'>ipsum</span> <span class='ocrx_word' id='word_1_185' title='bbox 543 2415 817 2466; x_wconf 81' lang='lat' dir='ltr'>innuentes</span> <span class='ocrx_word' id='word_1_186' title='bbox 859 2416 1062 2479; x_wconf 88' lang='lat' dir='ltr'>percuti</span> <span class='ocrx_word' id='word_1_187' title='bbox 1109 2414 1375 2479; x_wconf 82' lang='lat' dir='ltr'>Augustus</span> 
     </span>
     <span class='ocr_line' id='line_1_26' title="bbox 318 2491 1377 2556; baseline 0 -16"><span class='ocrx_word' id='word_1_188' title='bbox 318 2491 431 2556; x_wconf 88' lang='lat' dir='ltr'>ipse</span> <span class='ocrx_word' id='word_1_189' title='bbox 457 2492 698 2552; x_wconf 84' lang='lat' dir='ltr'>voluerit,</span> <span class='ocrx_word' id='word_1_190' title='bbox 719 2501 776 2542; x_wconf 93' lang='lat' dir='ltr'>ut</span> <span class='ocrx_word' id='word_1_191' title='bbox 794 2508 859 2541; x_wconf 82' lang='lat' dir='ltr'>ex</span> <span class='ocrx_word' id='word_1_192' title='bbox 881 2508 929 2542; x_wconf 90' lang='lat' dir='ltr'>c.</span> <span class='ocrx_word' id='word_1_193' title='bbox 946 2496 1026 2541; x_wconf 86' lang='grc'><strong>70.</strong></span> <span class='ocrx_word' id='word_1_194' title='bbox 1051 2506 1209 2554; x_wconf 88' lang='lat' dir='ltr'>supra</span> <span class='ocrx_word' id='word_1_195' title='bbox 1233 2501 1377 2543; x_wconf 78' lang='lat' dir='ltr'>etex</span> 
     </span>
     <span class='ocr_line' id='line_1_27' title="bbox 316 2566 1374 2631; baseline -0.001 -14"><span class='ocrx_word' id='word_1_196' title='bbox 316 2569 596 2618; x_wconf 87' lang='lat' dir='ltr'>&#39;l&#39;orrentio</span> <span class='ocrx_word' id='word_1_197' title='bbox 635 2568 715 2617; x_wconf 83' lang='lat' dir='ltr'>hic</span> <span class='ocrx_word' id='word_1_198' title='bbox 748 2569 997 2631; x_wconf 78' lang='lat' dir='ltr'>colligere</span> <span class='ocrx_word' id='word_1_199' title='bbox 1041 2574 1156 2627; x_wconf 78' lang='lat' dir='ltr'>est:</span> <span class='ocrx_word' id='word_1_200' title='bbox 1194 2566 1374 2631; x_wconf 89' lang='lat' dir='ltr'>quidni</span> 
     </span>
     <span class='ocr_line' id='line_1_28' title="bbox 317 2643 1375 2709; baseline -0.003 -15"><span class='ocrx_word' id='word_1_201' title='bbox 317 2644 460 2709; x_wconf 84' lang='lat' dir='ltr'>quod</span> <span class='ocrx_word' id='word_1_202' title='bbox 489 2646 598 2709; x_wconf 75' lang='lat' dir='ltr'>jem</span> <span class='ocrx_word' id='word_1_203' title='bbox 641 2644 883 2709; x_wconf 88' lang='lat' dir='ltr'>opinione</span> <span class='ocrx_word' id='word_1_204' title='bbox 922 2643 1063 2708; x_wconf 86' lang='lat' dir='ltr'>vulgi</span> <span class='ocrx_word' id='word_1_205' title='bbox 1107 2650 1375 2705; x_wconf 86' lang='lat' dir='ltr'>receptum</span> 
     </span>
     <span class='ocr_line' id='line_1_29' title="bbox 319 2719 1373 2783; baseline -0.003 -14"><span class='ocrx_word' id='word_1_206' title='bbox 319 2729 455 2783; x_wconf 85' lang='lat' dir='ltr'>erat,</span> <span class='ocrx_word' id='word_1_207' title='bbox 489 2720 817 2772; x_wconf 86' lang='lat' dir='ltr'>scribendum</span> <span class='ocrx_word' id='word_1_208' title='bbox 855 2719 1014 2769; x_wconf 81' lang='lat' dir='ltr'>fuisse</span> <span class='ocrx_word' id='word_1_209' title='bbox 1049 2719 1373 2776; x_wconf 73' lang='lat' dir='ltr'>arbitremur,</span> 
     </span>
     <span class='ocr_line' id='line_1_30' title="bbox 317 2794 1374 2859; baseline -0.003 -14"><span class='ocrx_word' id='word_1_210' title='bbox 317 2796 503 2846; x_wconf 86' lang='lat' dir='ltr'>saltem</span> <span class='ocrx_word' id='word_1_211' title='bbox 539 2812 568 2846; x_wconf 97' lang='lat' dir='ltr'>a</span> <span class='ocrx_word' id='word_1_212' title='bbox 611 2797 812 2846; x_wconf 86' lang='lat' dir='ltr'>Velleio</span> <span class='ocrx_word' id='word_1_213' title='bbox 851 2796 1154 2851; x_wconf 84' lang='lat' dir='ltr'>Paterculo.</span> <span class='ocrx_word' id='word_1_214' title='bbox 1193 2794 1281 2859; x_wconf 88' lang='lat' dir='ltr'>qui</span> <span class='ocrx_word' id='word_1_215' title='bbox 1322 2794 1374 2843; x_wconf 91' lang='lat' dir='ltr'>in</span> 
     </span>
     <span class='ocr_line' id='line_1_31' title="bbox 316 2871 1376 2938; baseline -0.002 -16"><span class='ocrx_word' id='word_1_216' title='bbox 316 2873 434 2923; x_wconf 83' lang='lat' dir='ltr'>aliis</span> <span class='ocrx_word' id='word_1_217' title='bbox 458 2881 540 2923; x_wconf 87' lang='lat' dir='ltr'>tot</span> <span class='ocrx_word' id='word_1_218' title='bbox 561 2872 712 2924; x_wconf 86' lang='lat' dir='ltr'>rebus</span> <span class='ocrx_word' id='word_1_219' title='bbox 736 2873 878 2938; x_wconf 89' lang='lat' dir='ltr'>genti</span> <span class='ocrx_word' id='word_1_220' title='bbox 899 2871 1056 2923; x_wconf 74' lang='lat' dir='ltr'>Juliae</span> <span class='ocrx_word' id='word_1_221' title='bbox 1076 2885 1178 2921; x_wconf 91' lang='lat' dir='ltr'>non</span> <span class='ocrx_word' id='word_1_222' title='bbox 1203 2872 1376 2920; x_wconf 85' lang='lat' dir='ltr'>timuit</span> 
     </span>
     <span class='ocr_line' id='line_1_32' title="bbox 316 2950 554 3002; baseline -0.008 -2"><span class='ocrx_word' id='word_1_223' title='bbox 316 2950 554 3002; x_wconf 83' lang='lat' dir='ltr'>adulari?</span> 
     </span>
    </p>

    <p class='ocr_par' dir='ltr' id='par_1_10' title="bbox 311 3025 1375 3470">
     <span class='ocr_line' id='line_1_33' title="bbox 377 3025 1375 3090; baseline -0.001 -14"><span class='ocrx_word' id='word_1_224' title='bbox 377 3025 393 3059; x_wconf 74' lang='lat'>¹</span> <span class='ocrx_word' id='word_1_225' title='bbox 423 3025 839 3090; x_wconf 67' lang='grc' dir='ltr'>Θωλοαουμένων]</span> <span class='ocrx_word' id='word_1_226' title='bbox 868 3026 984 3075; x_wconf 85' lang='lat' dir='ltr'>Hoc</span> <span class='ocrx_word' id='word_1_227' title='bbox 1004 3032 1086 3075; x_wconf 79' lang='lat' dir='ltr'>est</span> <span class='ocrx_word' id='word_1_228' title='bbox 1104 3025 1375 3075; x_wconf 69' lang='lat' dir='ltr'>divinarum</span> 
     </span>
     <span class='ocr_line' id='line_1_34' title="bbox 313 3103 1374 3166; baseline -0.002 -13"><span class='ocrx_word' id='word_1_229' title='bbox 313 3103 713 3164; x_wconf 75' lang='lat' dir='ltr'>dissertationum,</span> <span class='ocrx_word' id='word_1_230' title='bbox 734 3103 815 3151; x_wconf 84' lang='lat' dir='ltr'>vel</span> <span class='ocrx_word' id='word_1_231' title='bbox 832 3104 890 3152; x_wconf 80' lang='lat' dir='ltr'>de</span> <span class='ocrx_word' id='word_1_232' title='bbox 913 3103 1374 3166; x_wconf 74' lang='lat' dir='ltr'>DiisquoeMendete</span> 
     </span>
     <span class='ocr_line' id='line_1_35' title="bbox 311 3179 1373 3243; baseline 0 -16"><span class='ocrx_word' id='word_1_233' title='bbox 311 3180 566 3232; x_wconf 74' lang='lat' dir='ltr'>coluntur:</span> <span class='ocrx_word' id='word_1_234' title='bbox 601 3194 703 3243; x_wconf 88' lang='lat' dir='ltr'>quo</span> <span class='ocrx_word' id='word_1_235' title='bbox 741 3180 932 3241; x_wconf 87' lang='lat' dir='ltr'>posito,</span> <span class='ocrx_word' id='word_1_236' title='bbox 954 3179 1087 3229; x_wconf 91' lang='lat' dir='ltr'>bene</span> <span class='ocrx_word' id='word_1_237' title='bbox 1108 3180 1373 3243; x_wconf 73' lang='lat' dir='ltr'>legeretur</span> 
     </span>
     <span class='ocr_line' id='line_1_36' title="bbox 315 3255 1373 3320; baseline 0.003 -17"><span class='ocrx_word' id='word_1_238' title='bbox 315 3256 591 3305; x_wconf 77' lang='lat' dir='ltr'>Mendetis:</span> <span class='ocrx_word' id='word_1_239' title='bbox 629 3255 765 3320; x_wconf 88' lang='lat' dir='ltr'>quod</span> <span class='ocrx_word' id='word_1_240' title='bbox 808 3255 926 3304; x_wconf 88' lang='lat' dir='ltr'>ideo</span> <span class='ocrx_word' id='word_1_241' title='bbox 968 3257 1172 3305; x_wconf 84' lang='lat' dir='ltr'>notavit</span> <span class='ocrx_word' id='word_1_242' title='bbox 1214 3257 1373 3306; x_wconf 83' lang='lat' dir='ltr'>etiam</span> 
     </span>
     <span class='ocr_line' id='line_1_37' title="bbox 312 3331 1373 3396; baseline -0.001 -14"><span class='ocrx_word' id='word_1_243' title='bbox 312 3331 662 3386; x_wconf 68' lang='lat' dir='ltr'>casaubonus,</span> <span class='ocrx_word' id='word_1_244' title='bbox 679 3332 799 3396; x_wconf 80' lang='lat' dir='ltr'>quie</span> <span class='ocrx_word' id='word_1_245' title='bbox 813 3331 985 3382; x_wconf 82' lang='lat' dir='ltr'>Graeci</span> <span class='ocrx_word' id='word_1_246' title='bbox 1001 3332 1244 3390; x_wconf 73' lang='lat' dir='ltr'>liin-orum</span> <span class='ocrx_word' id='word_1_247' title='bbox 1259 3348 1373 3381; x_wconf 87' lang='lat' dir='ltr'>suo·</span> 
     </span>
     <span class='ocr_line' id='line_1_38' title="bbox 312 3407 1373 3470; baseline 0.002 -15"><span class='ocrx_word' id='word_1_248' title='bbox 312 3422 425 3456; x_wconf 85' lang='lat' dir='ltr'>rum</span> <span class='ocrx_word' id='word_1_249' title='bbox 450 3407 629 3456; x_wconf 88' lang='lat' dir='ltr'>titulos</span> <span class='ocrx_word' id='word_1_250' title='bbox 650 3410 725 3456; x_wconf 87' lang='lat' dir='ltr'>sic</span> <span class='ocrx_word' id='word_1_251' title='bbox 764 3408 1041 3470; x_wconf 85' lang='lat' dir='ltr'>concipere</span> <span class='ocrx_word' id='word_1_252' title='bbox 1079 3416 1290 3469; x_wconf 80' lang='lat' dir='ltr'>amant,</span> <span class='ocrx_word' id='word_1_253' title='bbox 1313 3417 1373 3457; x_wconf 91' lang='lat' dir='ltr'>ut</span> 
     </span>
    </p>
   </div>
   <div class='ocr_carea' id='block_1_10' title="bbox 312 3480 1380 3547">
    <p class='ocr_par' dir='ltr' id='par_1_11' title="bbox 312 3480 1380 3547">
     <span class='ocr_line' id='line_1_39' title="bbox 312 3480 1380 3547; baseline 0.002 -15"><span class='ocrx_word' id='word_1_254' title='bbox 312 3482 675 3532; x_wconf 81' lang='lat' dir='ltr'>Artemidorus</span> <span class='ocrx_word' id='word_1_255' title='bbox 696 3480 1191 3547; x_wconf 73' lang='grc' dir='ltr'>(μιίγεωγραφούμενα</span> <span class='ocrx_word' id='word_1_256' title='bbox 1213 3483 1380 3544; x_wconf 15' lang='lat' dir='ltr'>scrip-⁷</span> 
     </span>
    </p>
   </div>
   <div class='ocr_carea' id='block_1_11' title="bbox 307 3559 1375 4388">
    <p class='ocr_par' dir='ltr' id='par_1_12' title="bbox 307 3559 1375 4388">
     <span class='ocr_line' id='line_1_40' title="bbox 309 3559 1375 3622; baseline -0.002 -13"><span class='ocrx_word' id='word_1_257' title='bbox 309 3569 467 3616; x_wconf 84' lang='lat' dir='ltr'>serat,</span> <span class='ocrx_word' id='word_1_258' title='bbox 486 3560 755 3609; x_wconf 83' lang='lat' dir='ltr'>Nicander</span> <span class='ocrx_word' id='word_1_259' title='bbox 767 3559 1105 3622; x_wconf 78' lang='grc' dir='ltr'><strong><em>ἑτεροιούμενα,</em></strong></span> <span class='ocrx_word' id='word_1_260' title='bbox 1120 3559 1375 3608; x_wconf 85' lang='lat' dir='ltr'>Aristote-</span> 
     </span>
     <span class='ocr_line' id='line_1_41' title="bbox 311 3633 1371 3699; baseline -0.001 -15"><span class='ocrx_word' id='word_1_261' title='bbox 311 3637 386 3684; x_wconf 90' lang='lat' dir='ltr'>les</span> <span class='ocrx_word' id='word_1_262' title='bbox 412 3635 523 3699; x_wconf 89' lang='lat' dir='ltr'>ipse</span> <span class='ocrx_word' id='word_1_263' title='bbox 541 3634 903 3696; x_wconf 73' lang='grc' dir='ltr'>θωλογούμενα,</span> <span class='ocrx_word' id='word_1_264' title='bbox 924 3639 1022 3685; x_wconf 87' lang='lat' dir='ltr'>&amp;c.</span> <span class='ocrx_word' id='word_1_265' title='bbox 1092 3635 1211 3684; x_wconf 89' lang='lat' dir='ltr'>Fuit</span> <span class='ocrx_word' id='word_1_266' title='bbox 1234 3633 1371 3683; x_wconf 88' lang='lat' dir='ltr'>enim</span> 
     </span>
     <span class='ocr_line' id='line_1_42' title="bbox 311 3711 1371 3775; baseline -0.004 -13"><span class='ocrx_word' id='word_1_267' title='bbox 311 3711 577 3762; x_wconf 79' lang='lat' dir='ltr'>Mendetis</span> <span class='ocrx_word' id='word_1_268' title='bbox 617 3712 801 3775; x_wconf 89' lang='lat' dir='ltr'>religio</span> <span class='ocrx_word' id='word_1_269' title='bbox 837 3712 1059 3760; x_wconf 89' lang='lat' dir='ltr'>omnium</span> <span class='ocrx_word' id='word_1_270' title='bbox 1105 3711 1371 3773; x_wconf 81' lang='lat' dir='ltr'>AEgyptia-</span> 
     </span>
     <span class='ocr_line' id='line_1_43' title="bbox 311 3788 1371 3853; baseline -0.005 -13"><span class='ocrx_word' id='word_1_271' title='bbox 311 3805 488 3840; x_wconf 83' lang='lat' dir='ltr'>carum</span> <span class='ocrx_word' id='word_1_272' title='bbox 528 3789 822 3846; x_wconf 81' lang='lat' dir='ltr'>foedissima,</span> <span class='ocrx_word' id='word_1_273' title='bbox 857 3796 1040 3852; x_wconf 85' lang='lat' dir='ltr'>utpote</span> <span class='ocrx_word' id='word_1_274' title='bbox 1071 3789 1121 3836; x_wconf 89' lang='lat' dir='ltr'>in</span> <span class='ocrx_word' id='word_1_275' title='bbox 1145 3802 1248 3853; x_wconf 89' lang='lat' dir='ltr'>qua</span> <span class='ocrx_word' id='word_1_276' title='bbox 1266 3788 1371 3844; x_wconf 86' lang='lat' dir='ltr'>ele·</span> 
     </span>
     <span class='ocr_line' id='line_1_44' title="bbox 313 3864 1366 3929; baseline -0.003 -14"><span class='ocrx_word' id='word_1_277' title='bbox 313 3866 631 3929; x_wconf 77' lang='lat' dir='ltr'>gantissimae</span> <span class='ocrx_word' id='word_1_278' title='bbox 686 3864 867 3924; x_wconf 81' lang='lat' dir='ltr'>formae</span> <span class='ocrx_word' id='word_1_279' title='bbox 914 3865 1157 3914; x_wconf 88' lang='lat' dir='ltr'>mulieres</span> <span class='ocrx_word' id='word_1_280' title='bbox 1203 3864 1366 3927; x_wconf 71' lang='lat' dir='ltr'>lnirco,</span> 
     </span>
     <span class='ocr_line' id='line_1_45' title="bbox 311 3940 1370 4008; baseline -0.003 -18"><span class='ocrx_word' id='word_1_281' title='bbox 311 3956 465 4008; x_wconf 88' lang='lat' dir='ltr'>quem</span> <span class='ocrx_word' id='word_1_282' title='bbox 512 3942 594 3991; x_wconf 86' lang='lat' dir='ltr'>dei</span> <span class='ocrx_word' id='word_1_283' title='bbox 640 3942 804 3989; x_wconf 71' lang='lat' dir='ltr'>instar</span> <span class='ocrx_word' id='word_1_284' title='bbox 843 3940 1104 3995; x_wconf 84' lang='lat' dir='ltr'>colebant,</span> <span class='ocrx_word' id='word_1_285' title='bbox 1146 3940 1370 3988; x_wconf 85' lang='lat' dir='ltr'>subster-</span> 
     </span>
     <span class='ocr_line' id='line_1_46' title="bbox 308 4016 1367 4076; baseline -0.004 -8"><span class='ocrx_word' id='word_1_286' title='bbox 308 4034 436 4069; x_wconf 84' lang='lat' dir='ltr'>nere</span> <span class='ocrx_word' id='word_1_287' title='bbox 482 4033 585 4067; x_wconf 89' lang='lat' dir='ltr'>non</span> <span class='ocrx_word' id='word_1_288' title='bbox 616 4017 940 4076; x_wconf 82' lang='lat' dir='ltr'>dubitarent,</span> <span class='ocrx_word' id='word_1_289' title='bbox 980 4024 1034 4063; x_wconf 89' lang='lat' dir='ltr'>ut</span> <span class='ocrx_word' id='word_1_290' title='bbox 1082 4016 1268 4064; x_wconf 85' lang='lat' dir='ltr'>vidisse</span> <span class='ocrx_word' id='word_1_291' title='bbox 1313 4031 1367 4064; x_wconf 80' lang='lat' dir='ltr'>se</span> 
     </span>
     <span class='ocr_line' id='line_1_47' title="bbox 307 4092 1367 4155; baseline -0.004 -11"><span class='ocrx_word' id='word_1_292' title='bbox 307 4096 494 4147; x_wconf 79' lang='lat' dir='ltr'>scribit</span> <span class='ocrx_word' id='word_1_293' title='bbox 532 4092 852 4155; x_wconf 79' lang='lat' dir='ltr'>Herodotus,</span> <span class='ocrx_word' id='word_1_294' title='bbox 886 4102 941 4146; x_wconf 85' lang='lat' dir='ltr'>et</span> <span class='ocrx_word' id='word_1_295' title='bbox 965 4092 1282 4141; x_wconf 80' lang='lat' dir='ltr'>Plutarchus</span> <span class='ocrx_word' id='word_1_296' title='bbox 1317 4093 1367 4140; x_wconf 84' lang='lat' dir='ltr'>in</span> 
     </span>
     <span class='ocr_line' id='line_1_48' title="bbox 310 4168 1369 4235; baseline -0.006 -12"><span class='ocrx_word' id='word_1_297' title='bbox 310 4171 712 4235; x_wconf 76' lang='lat' dir='ltr'>Gryllo‚aliique</span> <span class='ocrx_word' id='word_1_298' title='bbox 734 4168 990 4219; x_wconf 86' lang='lat' dir='ltr'>referunt.</span> <span class='ocrx_word' id='word_1_299' title='bbox 1040 4170 1194 4224; x_wconf 58' lang='lat' dir='ltr'>Unde,</span> <span class='ocrx_word' id='word_1_300' title='bbox 1212 4170 1369 4231; x_wconf 89' lang='lat' dir='ltr'>conji-</span> 
     </span>
     <span class='ocr_line' id='line_1_49' title="bbox 308 4247 1369 4310; baseline -0.006 -11"><span class='ocrx_word' id='word_1_301' title='bbox 308 4263 430 4299; x_wconf 85' lang='lat' dir='ltr'>cere</span> <span class='ocrx_word' id='word_1_302' title='bbox 452 4255 557 4309; x_wconf 88' lang='lat' dir='ltr'>est,</span> <span class='ocrx_word' id='word_1_303' title='bbox 594 4247 960 4310; x_wconf 83' lang='lat' dir='ltr'>Asclepiadem</span> <span class='ocrx_word' id='word_1_304' title='bbox 1002 4247 1142 4295; x_wconf 87' lang='lat' dir='ltr'>illum</span> <span class='ocrx_word' id='word_1_305' title='bbox 1177 4248 1226 4294; x_wconf 92' lang='lat' dir='ltr'>in</span> <span class='ocrx_word' id='word_1_306' title='bbox 1264 4248 1369 4294; x_wconf 90' lang='lat' dir='ltr'>suis</span> 
     </span>
     <span class='ocr_line' id='line_1_50' title="bbox 310 4320 1373 4388; baseline -0.001 -16"><span class='ocrx_word' id='word_1_307' title='bbox 310 4323 377 4373; x_wconf 87' lang='lat' dir='ltr'>de</span> <span class='ocrx_word' id='word_1_308' title='bbox 412 4322 667 4388; x_wconf 79' lang='lat' dir='ltr'>religione</span> <span class='ocrx_word' id='word_1_309' title='bbox 704 4320 1094 4373; x_wconf 86' lang='lat' dir='ltr'>Mendesiorum</span> <span class='ocrx_word' id='word_1_310' title='bbox 1127 4320 1269 4372; x_wconf 84' lang='lat' dir='ltr'>libris</span> <span class='ocrx_word' id='word_1_311' title='bbox 1294 4336 1373 4371; x_wconf 85' lang='lat' dir='ltr'>os·</span> 
     </span>
    </p>
   </div>
   <div class='ocr_carea' id='block_1_12' title="bbox 1446 1953 2513 4385">
    <p class='ocr_par' dir='ltr' id='par_1_13' title="bbox 1447 1953 2513 3474">
     <span class='ocr_line' id='line_1_51' title="bbox 1450 1953 2513 2015; baseline -0.001 -13"><span class='ocrx_word' id='word_1_312' title='bbox 1450 1968 1567 2002; x_wconf 89' lang='lat' dir='ltr'>uem</span> <span class='ocrx_word' id='word_1_313' title='bbox 1608 1967 1708 2001; x_wconf 90' lang='lat' dir='ltr'>non</span> <span class='ocrx_word' id='word_1_314' title='bbox 1743 1954 1818 2004; x_wconf 89' lang='lat' dir='ltr'>ita</span> <span class='ocrx_word' id='word_1_315' title='bbox 1838 1953 2108 2002; x_wconf 86' lang='lat' dir='ltr'>ridiculam</span> <span class='ocrx_word' id='word_1_316' title='bbox 2128 1967 2259 2015; x_wconf 90' lang='lat' dir='ltr'>esse,</span> <span class='ocrx_word' id='word_1_317' title='bbox 2276 1969 2339 2002; x_wconf 84' lang='lat' dir='ltr'>ex</span> <span class='ocrx_word' id='word_1_318' title='bbox 2364 1968 2425 2002; x_wconf 88' lang='lat' dir='ltr'>ea</span> <span class='ocrx_word' id='word_1_319' title='bbox 2446 1954 2513 2001; x_wconf 89' lang='lat' dir='ltr'>si·</span> 
     </span>
     <span class='ocr_line' id='line_1_52' title="bbox 1450 2029 2510 2095; baseline -0.001 -16"><span class='ocrx_word' id='word_1_320' title='bbox 1450 2030 1679 2095; x_wconf 89' lang='lat' dir='ltr'>quidem,</span> <span class='ocrx_word' id='word_1_321' title='bbox 1703 2038 1791 2078; x_wconf 92' lang='lat' dir='ltr'>aut</span> <span class='ocrx_word' id='word_1_322' title='bbox 1814 2038 1960 2079; x_wconf 78' lang='lat' dir='ltr'>certe</span> <span class='ocrx_word' id='word_1_323' title='bbox 1986 2044 2084 2079; x_wconf 91' lang='lat' dir='ltr'>uon</span> <span class='ocrx_word' id='word_1_324' title='bbox 2116 2029 2348 2086; x_wconf 86' lang='lat' dir='ltr'>absimili,</span> <span class='ocrx_word' id='word_1_325' title='bbox 2367 2044 2510 2093; x_wconf 88' lang='lat' dir='ltr'>mag·</span> 
     </span>
     <span class='ocr_line' id='line_1_53' title="bbox 1450 2107 2509 2171; baseline -0.002 -14"><span class='ocrx_word' id='word_1_326' title='bbox 1450 2110 1502 2157; x_wconf 91' lang='lat' dir='ltr'>ni</span> <span class='ocrx_word' id='word_1_327' title='bbox 1546 2109 1640 2157; x_wconf 85' lang='lat' dir='ltr'>viri</span> <span class='ocrx_word' id='word_1_328' title='bbox 1676 2108 2031 2171; x_wconf 80' lang='lat' dir='ltr'>gignerentur,</span> <span class='ocrx_word' id='word_1_329' title='bbox 2065 2121 2190 2170; x_wconf 83' lang='lat' dir='ltr'>quos</span> <span class='ocrx_word' id='word_1_330' title='bbox 2236 2107 2376 2156; x_wconf 83' lang='lat' dir='ltr'>inter</span> <span class='ocrx_word' id='word_1_331' title='bbox 2414 2121 2509 2155; x_wconf 90' lang='lat' dir='ltr'>nec</span> 
     </span>
     <span class='ocr_line' id='line_1_54' title="bbox 1448 2186 2510 2250; baseline -0.004 -12"><span class='ocrx_word' id='word_1_332' title='bbox 1448 2187 1824 2249; x_wconf 81' lang='lat' dir='ltr'>Alexandrum,</span> <span class='ocrx_word' id='word_1_333' title='bbox 1880 2202 1979 2236; x_wconf 92' lang='lat' dir='ltr'>uec</span> <span class='ocrx_word' id='word_1_334' title='bbox 2022 2187 2319 2250; x_wconf 89' lang='lat' dir='ltr'>Scipionem</span> <span class='ocrx_word' id='word_1_335' title='bbox 2359 2186 2510 2235; x_wconf 85' lang='lat' dir='ltr'>omis·</span> 
     </span>
     <span class='ocr_line' id='line_1_55' title="bbox 1450 2262 2509 2328; baseline -0.003 -14"><span class='ocrx_word' id='word_1_336' title='bbox 1450 2280 1548 2321; x_wconf 89' lang='lat' dir='ltr'>sos,</span> <span class='ocrx_word' id='word_1_337' title='bbox 1585 2264 1813 2328; x_wconf 89' lang='lat' dir='ltr'>potuerit</span> <span class='ocrx_word' id='word_1_338' title='bbox 1842 2265 1957 2328; x_wconf 85' lang='lat' dir='ltr'>quis</span> <span class='ocrx_word' id='word_1_339' title='bbox 1983 2263 2120 2312; x_wconf 87' lang='lat' dir='ltr'>baud</span> <span class='ocrx_word' id='word_1_340' title='bbox 2141 2264 2320 2327; x_wconf 85' lang='lat' dir='ltr'>inepte</span> <span class='ocrx_word' id='word_1_341' title='bbox 2344 2262 2509 2327; x_wconf 88' lang='lat' dir='ltr'>suspi-</span> 
     </span>
     <span class='ocr_line' id='line_1_56' title="bbox 1449 2356 1576 2392; baseline -0.008 0"><span class='ocrx_word' id='word_1_342' title='bbox 1449 2356 1576 2392; x_wconf 77' lang='lat' dir='ltr'>cari.</span> 
     </span>
     <span class='ocr_line' id='line_1_57' title="bbox 1455 2413 2509 2482; baseline -0.006 -16"><span class='ocrx_word' id='word_1_343' title='bbox 1455 2460 1461 2466; x_wconf 88' lang='lat'><em>.</em></span> <span class='ocrx_word' id='word_1_344' title='bbox 1516 2416 1540 2450; x_wconf 68' lang='lat' dir='ltr'>k</span> <span class='ocrx_word' id='word_1_345' title='bbox 1571 2417 1809 2482; x_wconf 78' lang='lat' dir='ltr'>Apollinis</span> <span class='ocrx_word' id='word_1_346' title='bbox 1839 2414 2046 2479; x_wconf 78' lang='lat' dir='ltr'>sacrum]</span> <span class='ocrx_word' id='word_1_347' title='bbox 2096 2413 2402 2465; x_wconf 84' lang='lat' dir='ltr'>Torrentius</span> <span class='ocrx_word' id='word_1_348' title='bbox 2444 2413 2509 2461; x_wconf 87' lang='lat' dir='ltr'>de</span> 
     </span>
     <span class='ocr_line' id='line_1_58' title="bbox 1450 2489 2509 2559; baseline -0.004 -17"><span class='ocrx_word' id='word_1_349' title='bbox 1450 2494 1723 2559; x_wconf 83' lang='lat' dir='ltr'>pervigilio</span> <span class='ocrx_word' id='word_1_350' title='bbox 1763 2494 2037 2556; x_wconf 77' lang='lat' dir='ltr'>intelligit3</span> <span class='ocrx_word' id='word_1_351' title='bbox 2076 2490 2167 2540; x_wconf 89' lang='lat' dir='ltr'>sed</span> <span class='ocrx_word' id='word_1_352' title='bbox 2218 2489 2509 2554; x_wconf 84' lang='lat' dir='ltr'>hujusmodi</span> 
     </span>
     <span class='ocr_line' id='line_1_59' title="bbox 1449 2566 2508 2631; baseline -0.006 -11"><span class='ocrx_word' id='word_1_353' title='bbox 1449 2585 1599 2621; x_wconf 88' lang='lat' dir='ltr'>sacro</span> <span class='ocrx_word' id='word_1_354' title='bbox 1615 2571 1806 2620; x_wconf 85' lang='lat' dir='ltr'>cultum</span> <span class='ocrx_word' id='word_1_355' title='bbox 1827 2569 2071 2618; x_wconf 84' lang='lat' dir='ltr'>Romanis</span> <span class='ocrx_word' id='word_1_356' title='bbox 2093 2566 2387 2631; x_wconf 87' lang='lat' dir='ltr'>Apollinem</span> <span class='ocrx_word' id='word_1_357' title='bbox 2407 2581 2508 2615; x_wconf 89' lang='lat' dir='ltr'>non</span> 
     </span>
     <span class='ocr_line' id='line_1_60' title="bbox 1452 2646 2507 2712; baseline -0.004 -15"><span class='ocrx_word' id='word_1_358' title='bbox 1452 2650 1685 2712; x_wconf 87' lang='lat' dir='ltr'>reperias</span> <span class='ocrx_word' id='word_1_359' title='bbox 1706 2664 1721 2708; x_wconf 73' lang='grc' dir='ltr'>ς</span> <span class='ocrx_word' id='word_1_360' title='bbox 1743 2648 2025 2711; x_wconf 87' lang='lat' dir='ltr'>quinimmo</span> <span class='ocrx_word' id='word_1_361' title='bbox 2050 2647 2182 2695; x_wconf 74' lang='lat' dir='ltr'>tales</span> <span class='ocrx_word' id='word_1_362' title='bbox 2205 2646 2507 2696; x_wconf 80' lang='lat' dir='ltr'>Graecorum</span> 
     </span>
     <span class='ocr_line' id='line_1_61' title="bbox 1448 2721 2508 2786; baseline -0.005 -12"><span class='ocrx_word' id='word_1_363' title='bbox 1448 2725 1578 2774; x_wconf 89' lang='lat' dir='ltr'>ritus</span> <span class='ocrx_word' id='word_1_364' title='bbox 1605 2723 1972 2785; x_wconf 79' lang='lat' dir='ltr'>abhorrebant,</span> <span class='ocrx_word' id='word_1_365' title='bbox 1995 2732 2053 2771; x_wconf 93' lang='lat' dir='ltr'>ut</span> <span class='ocrx_word' id='word_1_366' title='bbox 2084 2737 2241 2786; x_wconf 86' lang='lat' dir='ltr'>supra</span> <span class='ocrx_word' id='word_1_367' title='bbox 2278 2736 2344 2770; x_wconf 87' lang='lat' dir='ltr'>ex</span> <span class='ocrx_word' id='word_1_368' title='bbox 2385 2721 2508 2769; x_wconf 89' lang='lat' dir='ltr'>Dio·</span> 
     </span>
     <span class='ocr_line' id='line_1_62' title="bbox 1449 2798 2506 2865; baseline -0.006 -14"><span class='ocrx_word' id='word_1_369' title='bbox 1449 2801 1583 2865; x_wconf 84' lang='lat' dir='ltr'>nysii</span> <span class='ocrx_word' id='word_1_370' title='bbox 1610 2801 1881 2850; x_wconf 85' lang='lat' dir='ltr'>Halicarn.</span> <span class='ocrx_word' id='word_1_371' title='bbox 1918 2798 2008 2848; x_wconf 89' lang='lat' dir='ltr'>lib.</span> <span class='ocrx_word' id='word_1_372' title='bbox 2030 2812 2095 2847; x_wconf 87' lang='lat'>11.</span> <span class='ocrx_word' id='word_1_373' title='bbox 2133 2805 2363 2847; x_wconf 72' lang='lat' dir='ltr'>notatum</span> <span class='ocrx_word' id='word_1_374' title='bbox 2389 2806 2470 2846; x_wconf 88' lang='lat' dir='ltr'>est</span> <span class='ocrx_word' id='word_1_375' title='bbox 2491 2814 2506 2845; x_wconf 93' lang='lat'>:</span> 
     </span>
     <span class='ocr_line' id='line_1_63' title="bbox 1449 2872 2509 2943; baseline -0.005 -16"><span class='ocrx_word' id='word_1_376' title='bbox 1449 2878 1587 2943; x_wconf 85' lang='lat' dir='ltr'>quod</span> <span class='ocrx_word' id='word_1_377' title='bbox 1613 2884 1784 2926; x_wconf 82' lang='lat' dir='ltr'>tamen</span> <span class='ocrx_word' id='word_1_378' title='bbox 1808 2889 2100 2940; x_wconf 82' lang='lat' dir='ltr'>quenquam</span> <span class='ocrx_word' id='word_1_379' title='bbox 2124 2874 2279 2923; x_wconf 92' lang='lat' dir='ltr'>detur</span> <span class='ocrx_word' id='word_1_380' title='bbox 2301 2872 2366 2923; x_wconf 89' lang='lat' dir='ltr'>de</span> <span class='ocrx_word' id='word_1_381' title='bbox 2391 2888 2509 2937; x_wconf 88' lang='lat' dir='ltr'>per-</span> 
     </span>
     <span class='ocr_line' id='line_1_64' title="bbox 1447 2949 2508 3017; baseline 0 -17"><span class='ocrx_word' id='word_1_382' title='bbox 1447 2954 1648 3017; x_wconf 88' lang='lat' dir='ltr'>vigilio,</span> <span class='ocrx_word' id='word_1_383' title='bbox 1670 2960 1844 3002; x_wconf 90' lang='lat' dir='ltr'>tamen</span> <span class='ocrx_word' id='word_1_384' title='bbox 1884 2953 2027 3000; x_wconf 91' lang='lat' dir='ltr'>locus</span> <span class='ocrx_word' id='word_1_385' title='bbox 2065 2951 2149 2999; x_wconf 89' lang='lat' dir='ltr'>hic</span> <span class='ocrx_word' id='word_1_386' title='bbox 2178 2949 2395 3011; x_wconf 79' lang='lat' dir='ltr'>intelligi</span> <span class='ocrx_word' id='word_1_387' title='bbox 2420 2963 2508 3000; x_wconf 87' lang='lat' dir='ltr'>ne·</span> 
     </span>
     <span class='ocr_line' id='line_1_65' title="bbox 1448 3026 2507 3095; baseline -0.005 -16"><span class='ocrx_word' id='word_1_388' title='bbox 1448 3031 1693 3095; x_wconf 80' lang='lat' dir='ltr'>quiverit.</span> <span class='ocrx_word' id='word_1_389' title='bbox 1762 3027 2042 3092; x_wconf 85' lang='lat' dir='ltr'>Pervigilia</span> <span class='ocrx_word' id='word_1_390' title='bbox 2064 3026 2315 3092; x_wconf 87' lang='lat' dir='ltr'>siquidem</span> <span class='ocrx_word' id='word_1_391' title='bbox 2342 3041 2370 3074; x_wconf 88' lang='lat' dir='ltr'>a</span> <span class='ocrx_word' id='word_1_392' title='bbox 2388 3040 2507 3075; x_wconf 86' lang='lat' dir='ltr'>uoc-</span> 
     </span>
     <span class='ocr_line' id='line_1_66' title="bbox 1449 3104 2508 3166; baseline -0.006 -9"><span class='ocrx_word' id='word_1_393' title='bbox 1449 3109 1518 3157; x_wconf 88' lang='lat' dir='ltr'>tis</span> <span class='ocrx_word' id='word_1_394' title='bbox 1542 3108 1689 3157; x_wconf 89' lang='lat' dir='ltr'>initio</span> <span class='ocrx_word' id='word_1_395' title='bbox 1713 3115 1768 3157; x_wconf 90' lang='lat' dir='ltr'>et</span> <span class='ocrx_word' id='word_1_396' title='bbox 1791 3107 1934 3165; x_wconf 86' lang='lat' dir='ltr'>hora,</span> <span class='ocrx_word' id='word_1_397' title='bbox 1966 3112 2027 3154; x_wconf 91' lang='lat' dir='ltr'>ut</span> <span class='ocrx_word' id='word_1_398' title='bbox 2066 3106 2232 3166; x_wconf 86' lang='lat' dir='ltr'>aiunt,</span> <span class='ocrx_word' id='word_1_399' title='bbox 2250 3104 2508 3153; x_wconf 88' lang='lat' dir='ltr'>lucernari</span> 
     </span>
     <span class='ocr_line' id='line_1_67' title="bbox 1450 3181 2509 3235; baseline -0.007 -2"><span class='ocrx_word' id='word_1_400' title='bbox 1450 3184 1714 3235; x_wconf 86' lang='lat' dir='ltr'>ducebant</span> <span class='ocrx_word' id='word_1_401' title='bbox 1738 3183 1972 3234; x_wconf 87' lang='lat' dir='ltr'>initium:</span> <span class='ocrx_word' id='word_1_402' title='bbox 2012 3181 2136 3231; x_wconf 87' lang='lat' dir='ltr'>Atia</span> <span class='ocrx_word' id='word_1_403' title='bbox 2173 3188 2344 3230; x_wconf 89' lang='lat' dir='ltr'>autem</span> <span class='ocrx_word' id='word_1_404' title='bbox 2382 3193 2509 3228; x_wconf 87' lang='lat' dir='ltr'>non-</span> 
     </span>
     <span class='ocr_line' id='line_1_68' title="bbox 1447 3257 2509 3312; baseline -0.006 -2"><span class='ocrx_word' id='word_1_405' title='bbox 1447 3263 1548 3312; x_wconf 88' lang='lat' dir='ltr'>nisi</span> <span class='ocrx_word' id='word_1_406' title='bbox 1571 3261 1739 3311; x_wconf 85' lang='lat' dir='ltr'>media</span> <span class='ocrx_word' id='word_1_407' title='bbox 1760 3269 1915 3311; x_wconf 90' lang='lat' dir='ltr'>nocte</span> <span class='ocrx_word' id='word_1_408' title='bbox 1941 3260 2138 3310; x_wconf 84' lang='lat' dir='ltr'>venisse</span> <span class='ocrx_word' id='word_1_409' title='bbox 2162 3258 2368 3308; x_wconf 88' lang='lat' dir='ltr'>dicitur.</span> <span class='ocrx_word' id='word_1_410' title='bbox 2399 3257 2509 3305; x_wconf 79' lang='lat' dir='ltr'>Un-</span> 
     </span>
     <span class='ocr_line' id='line_1_69' title="bbox 1448 3332 2508 3400; baseline -0.007 -14"><span class='ocrx_word' id='word_1_411' title='bbox 1448 3338 1516 3386; x_wconf 87' lang='lat' dir='ltr'>de</span> <span class='ocrx_word' id='word_1_412' title='bbox 1536 3345 1793 3400; x_wconf 82' lang='lat' dir='ltr'>superest,</span> <span class='ocrx_word' id='word_1_413' title='bbox 1805 3346 1860 3385; x_wconf 87' lang='lat' dir='ltr'>ut</span> <span class='ocrx_word' id='word_1_414' title='bbox 1876 3336 1941 3385; x_wconf 91' lang='lat' dir='ltr'>de</span> <span class='ocrx_word' id='word_1_415' title='bbox 1957 3336 2119 3385; x_wconf 87' lang='lat' dir='ltr'>sacris</span> <span class='ocrx_word' id='word_1_416' title='bbox 2136 3334 2237 3382; x_wconf 89' lang='lat' dir='ltr'>illis</span> <span class='ocrx_word' id='word_1_417' title='bbox 2254 3332 2508 3395; x_wconf 86' lang='lat' dir='ltr'>intelliga-</span> 
     </span>
     <span class='ocr_line' id='line_1_70' title="bbox 1448 3411 2375 3474; baseline -0.006 -14"><span class='ocrx_word' id='word_1_418' title='bbox 1448 3421 1559 3473; x_wconf 87' lang='lat' dir='ltr'>tur,</span> <span class='ocrx_word' id='word_1_419' title='bbox 1576 3412 1641 3460; x_wconf 91' lang='lat' dir='ltr'>de</span> <span class='ocrx_word' id='word_1_420' title='bbox 1656 3412 1839 3474; x_wconf 88' lang='lat' dir='ltr'>quibus</span> <span class='ocrx_word' id='word_1_421' title='bbox 1864 3424 2023 3472; x_wconf 78' lang='lat' dir='ltr'>supra</span> <span class='ocrx_word' id='word_1_422' title='bbox 2045 3423 2093 3458; x_wconf 87' lang='lat' dir='ltr'>c.</span> <span class='ocrx_word' id='word_1_423' title='bbox 2114 3412 2195 3456; x_wconf 70' lang='lat'>58.</span> <span class='ocrx_word' id='word_1_424' title='bbox 2217 3416 2270 3456; x_wconf 86' lang='lat' dir='ltr'>et</span> <span class='ocrx_word' id='word_1_425' title='bbox 2294 3411 2375 3455; x_wconf 87' lang='grc'><strong>78.</strong></span> 
     </span>
    </p>

    <p class='ocr_par' dir='ltr' id='par_1_14' title="bbox 1446 3480 2509 4385">
     <span class='ocr_line' id='line_1_71' title="bbox 1515 3480 2505 3548; baseline -0.008 -12"><span class='ocrx_word' id='word_1_426' title='bbox 1515 3486 1529 3519; x_wconf 89' lang='lat'>¹</span> <span class='ocrx_word' id='word_1_427' title='bbox 1560 3487 1727 3535; x_wconf 79' lang='lat' dir='ltr'>Media</span> <span class='ocrx_word' id='word_1_428' title='bbox 1756 3486 1916 3548; x_wconf 79' lang='lat' dir='ltr'>nocte]</span> <span class='ocrx_word' id='word_1_429' title='bbox 1955 3484 2072 3533; x_wconf 87' lang='lat' dir='ltr'>Hoc</span> <span class='ocrx_word' id='word_1_430' title='bbox 2104 3484 2217 3531; x_wconf 92' lang='lat' dir='ltr'>loco</span> <span class='ocrx_word' id='word_1_431' title='bbox 2237 3480 2505 3530; x_wconf 75' lang='lat' dir='ltr'>confirme-</span> 
     </span>
     <span class='ocr_line' id='line_1_72' title="bbox 1449 3557 2504 3626; baseline -0.005 -15"><span class='ocrx_word' id='word_1_432' title='bbox 1449 3570 1534 3611; x_wconf 87' lang='lat' dir='ltr'>tur</span> <span class='ocrx_word' id='word_1_433' title='bbox 1551 3562 1683 3626; x_wconf 89' lang='lat' dir='ltr'>quod</span> <span class='ocrx_word' id='word_1_434' title='bbox 1711 3562 1773 3609; x_wconf 83' lang='lat' dir='ltr'>de</span> <span class='ocrx_word' id='word_1_435' title='bbox 1795 3559 2060 3608; x_wconf 88' lang='lat' dir='ltr'>nocturnis</span> <span class='ocrx_word' id='word_1_436' title='bbox 2082 3557 2241 3606; x_wconf 87' lang='lat' dir='ltr'>sacris</span> <span class='ocrx_word' id='word_1_437' title='bbox 2264 3571 2420 3618; x_wconf 78' lang='lat' dir='ltr'>supra</span> <span class='ocrx_word' id='word_1_438' title='bbox 2455 3573 2504 3607; x_wconf 88' lang='lat' dir='ltr'>c.</span> 
     </span>
     <span class='ocr_line' id='line_1_73' title="bbox 1448 3633 2505 3690; baseline -0.007 -1"><span class='ocrx_word' id='word_1_439' title='bbox 1448 3644 1530 3690; x_wconf 74' lang='lat'>53.</span> <span class='ocrx_word' id='word_1_440' title='bbox 1568 3645 1623 3687; x_wconf 92' lang='lat' dir='ltr'>et</span> <span class='ocrx_word' id='word_1_441' title='bbox 1648 3642 1730 3688; x_wconf 85' lang='grc'><strong>78.</strong></span> <span class='ocrx_word' id='word_1_442' title='bbox 1766 3637 1848 3687; x_wconf 88' lang='lat' dir='ltr'>cui</span> <span class='ocrx_word' id='word_1_443' title='bbox 1884 3633 2153 3685; x_wconf 86' lang='lat' dir='ltr'>Censorini</span> <span class='ocrx_word' id='word_1_444' title='bbox 2179 3633 2345 3682; x_wconf 87' lang='lat' dir='ltr'>locum</span> <span class='ocrx_word' id='word_1_445' title='bbox 2368 3633 2505 3682; x_wconf 87' lang='lat' dir='ltr'>hunc</span> 
     </span>
     <span class='ocr_line' id='line_1_74' title="bbox 1446 3709 2505 3764; baseline -0.006 0"><span class='ocrx_word' id='word_1_446' title='bbox 1446 3714 1580 3764; x_wconf 85' lang='lat' dir='ltr'>adde</span> <span class='ocrx_word' id='word_1_447' title='bbox 1600 3730 1614 3763; x_wconf 89' lang='lat'>:</span> <span class='ocrx_word' id='word_1_448' title='bbox 1638 3714 1654 3741; x_wconf 90' lang='lat'>‘</span> <span class='ocrx_word' id='word_1_449' title='bbox 1672 3712 1886 3764; x_wconf 89' lang='lat' dir='ltr'>Romani</span> <span class='ocrx_word' id='word_1_450' title='bbox 1907 3725 1938 3759; x_wconf 88' lang='lat' dir='ltr'>a</span> <span class='ocrx_word' id='word_1_451' title='bbox 1951 3709 2119 3762; x_wconf 83' lang='lat' dir='ltr'>media</span> <span class='ocrx_word' id='word_1_452' title='bbox 2136 3716 2288 3757; x_wconf 89' lang='lat' dir='ltr'>nocte</span> <span class='ocrx_word' id='word_1_453' title='bbox 2310 3710 2374 3756; x_wconf 82' lang='lat' dir='ltr'>ed</span> <span class='ocrx_word' id='word_1_454' title='bbox 2391 3723 2505 3758; x_wconf 82' lang='lat' dir='ltr'>me·</span> 
     </span>
     <span class='ocr_line' id='line_1_75' title="bbox 1447 3787 2505 3845; baseline -0.004 -4"><span class='ocrx_word' id='word_1_455' title='bbox 1447 3793 1581 3841; x_wconf 88' lang='lat' dir='ltr'>diam</span> <span class='ocrx_word' id='word_1_456' title='bbox 1608 3798 1832 3845; x_wconf 67' lang='lat' dir='ltr'>noctem:</span> <span class='ocrx_word' id='word_1_457' title='bbox 1856 3789 1991 3838; x_wconf 84' lang='lat' dir='ltr'>diem</span> <span class='ocrx_word' id='word_1_458' title='bbox 2025 3801 2139 3836; x_wconf 89' lang='lat' dir='ltr'>esse</span> <span class='ocrx_word' id='word_1_459' title='bbox 2179 3787 2505 3837; x_wconf 83' lang='lat' dir='ltr'>existimave-</span> 
     </span>
     <span class='ocr_line' id='line_1_76' title="bbox 1451 3862 2508 3925; baseline -0.006 -6"><span class='ocrx_word' id='word_1_460' title='bbox 1451 3877 1606 3919; x_wconf 86' lang='lat' dir='ltr'>runt:</span> <span class='ocrx_word' id='word_1_461' title='bbox 1643 3868 1832 3922; x_wconf 83' lang='lat' dir='ltr'>indicio</span> <span class='ocrx_word' id='word_1_462' title='bbox 1863 3872 1984 3915; x_wconf 88' lang='lat' dir='ltr'>sunt</span> <span class='ocrx_word' id='word_1_463' title='bbox 2013 3879 2157 3914; x_wconf 83' lang='lat' dir='ltr'>sacra</span> <span class='ocrx_word' id='word_1_464' title='bbox 2180 3862 2419 3925; x_wconf 69' lang='lat' dir='ltr'>publica:</span> <span class='ocrx_word' id='word_1_465' title='bbox 2453 3872 2508 3914; x_wconf 89' lang='lat' dir='ltr'>et</span> 
     </span>
     <span class='ocr_line' id='line_1_77' title="bbox 1450 3940 2507 4007; baseline -0.005 -14"><span class='ocrx_word' id='word_1_466' title='bbox 1450 3943 1678 4007; x_wconf 82' lang='lat' dir='ltr'>auspicia</span> <span class='ocrx_word' id='word_1_467' title='bbox 1724 3943 1880 3992; x_wconf 88' lang='lat' dir='ltr'>etiam</span> <span class='ocrx_word' id='word_1_468' title='bbox 1923 3940 2329 4003; x_wconf 79' lang='lat' dir='ltr'>magistratuum,</span> <span class='ocrx_word' id='word_1_469' title='bbox 2380 3954 2507 4003; x_wconf 89' lang='lat' dir='ltr'>quo-</span> 
     </span>
     <span class='ocr_line' id='line_1_78' title="bbox 1451 4015 2509 4082; baseline -0.003 -13"><span class='ocrx_word' id='word_1_470' title='bbox 1451 4036 1564 4069; x_wconf 89' lang='lat' dir='ltr'>rum</span> <span class='ocrx_word' id='word_1_471' title='bbox 1583 4020 1627 4068; x_wconf 86' lang='lat' dir='ltr'>si</span> <span class='ocrx_word' id='word_1_472' title='bbox 1650 4017 1774 4082; x_wconf 80' lang='lat' dir='ltr'>quid</span> <span class='ocrx_word' id='word_1_473' title='bbox 1799 4025 1920 4066; x_wconf 88' lang='lat' dir='ltr'>ante</span> <span class='ocrx_word' id='word_1_474' title='bbox 1960 4015 2183 4065; x_wconf 91' lang='lat' dir='ltr'>medium</span> <span class='ocrx_word' id='word_1_475' title='bbox 2223 4015 2393 4064; x_wconf 89' lang='lat' dir='ltr'>noctis</span> <span class='ocrx_word' id='word_1_476' title='bbox 2427 4023 2509 4066; x_wconf 85' lang='lat' dir='ltr'>est</span> 
     </span>
     <span class='ocr_line' id='line_1_79' title="bbox 1450 4090 2505 4155; baseline -0.003 -13"><span class='ocrx_word' id='word_1_477' title='bbox 1450 4102 1644 4153; x_wconf 78' lang='lat' dir='ltr'>actum,</span> <span class='ocrx_word' id='word_1_478' title='bbox 1681 4091 1787 4141; x_wconf 88' lang='lat' dir='ltr'>diei</span> <span class='ocrx_word' id='word_1_479' title='bbox 1822 4091 1909 4155; x_wconf 83' lang='lat' dir='ltr'>qui</span> <span class='ocrx_word' id='word_1_480' title='bbox 1931 4090 2183 4154; x_wconf 77' lang='lat' dir='ltr'>praeteriit</span> <span class='ocrx_word' id='word_1_481' title='bbox 2199 4090 2505 4140; x_wconf 78' lang='lat' dir='ltr'>ascribitur:</span> 
     </span>
     <span class='ocr_line' id='line_1_80' title="bbox 1450 4166 2506 4234; baseline -0.003 -15"><span class='ocrx_word' id='word_1_482' title='bbox 1450 4172 1491 4219; x_wconf 90' lang='lat' dir='ltr'>si</span> <span class='ocrx_word' id='word_1_483' title='bbox 1515 4170 1636 4234; x_wconf 86' lang='lat' dir='ltr'>quid</span> <span class='ocrx_word' id='word_1_484' title='bbox 1664 4176 1834 4217; x_wconf 82' lang='lat' dir='ltr'>autem</span> <span class='ocrx_word' id='word_1_485' title='bbox 1856 4175 1973 4230; x_wconf 87' lang='lat' dir='ltr'>post</span> <span class='ocrx_word' id='word_1_486' title='bbox 1987 4166 2204 4215; x_wconf 88' lang='lat' dir='ltr'>mediam</span> <span class='ocrx_word' id='word_1_487' title='bbox 2223 4176 2426 4216; x_wconf 89' lang='lat' dir='ltr'>noctem</span> <span class='ocrx_word' id='word_1_488' title='bbox 2450 4175 2506 4216; x_wconf 92' lang='lat' dir='ltr'>et</span> 
     </span>
     <span class='ocr_line' id='line_1_81' title="bbox 1452 4241 2503 4303; baseline -0.007 -8"><span class='ocrx_word' id='word_1_489' title='bbox 1452 4254 1572 4295; x_wconf 87' lang='lat' dir='ltr'>ante</span> <span class='ocrx_word' id='word_1_490' title='bbox 1597 4245 1760 4296; x_wconf 86' lang='lat' dir='ltr'>lucem</span> <span class='ocrx_word' id='word_1_491' title='bbox 1787 4242 1978 4298; x_wconf 81' lang='lat' dir='ltr'>factum</span> <span class='ocrx_word' id='word_1_492' title='bbox 2001 4251 2100 4300; x_wconf 85' lang='lat' dir='ltr'>est,</span> <span class='ocrx_word' id='word_1_493' title='bbox 2116 4257 2178 4292; x_wconf 92' lang='lat' dir='ltr'>eo</span> <span class='ocrx_word' id='word_1_494' title='bbox 2202 4241 2287 4291; x_wconf 88' lang='lat' dir='ltr'>die</span> <span class='ocrx_word' id='word_1_495' title='bbox 2303 4254 2503 4303; x_wconf 75' lang='lat' dir='ltr'>gestum</span> 
     </span>
     <span class='ocr_line' id='line_1_82' title="bbox 1452 4312 2506 4385; baseline -0.005 -15"><span class='ocrx_word' id='word_1_496' title='bbox 1452 4321 1668 4383; x_wconf 82' lang='lat' dir='ltr'>dicitur,</span> <span class='ocrx_word' id='word_1_497' title='bbox 1713 4319 1797 4385; x_wconf 92' lang='lat' dir='ltr'>qui</span> <span class='ocrx_word' id='word_1_498' title='bbox 1843 4333 1956 4370; x_wconf 88' lang='lat' dir='ltr'>eam</span> <span class='ocrx_word' id='word_1_499' title='bbox 1999 4318 2227 4384; x_wconf 86' lang='lat' dir='ltr'>sequitur</span> <span class='ocrx_word' id='word_1_500' title='bbox 2266 4312 2506 4368; x_wconf 83' lang='lat' dir='ltr'>noctem.’</span> 
     </span>
    </p>
   </div>
  </div>
 </body>
</html>
