3019 4922
391 1562 394 1567 ⁴
495 1604 595 1647 —6
629 1598 712 1648 Ita
734 1596 897 1648 edidit
928 1596 1066 1646 Ond.
1103 1593 1359 1645 auctorib.
1394 1591 1594 1644 Medic.
1620 1595 1738 1659 Cuj.

483 387 612 453 412
1330 402 1391 447 c.
1437 398 1799 447 sueroNn

475 546 675 632 plebi
707 544 873 610 suit⁶
899 543 1492 610 secedendirursus
1517 562 1558 606 a
1577 541 1978 620 Patribus.⁴†
2039 541 2366 608 Claudius
2390 541 2671 622 Drusus,

490 648 878 716 statuasibi
901 652 1057 711 'cum
1088 645 1462 718 diademate
1485 652 1511 693 ⁷
1557 644 1641 708 ad
1670 643 1882 728 Appii
1916 644 2162 709 Forum
2189 647 2207 682 ²
2250 648 2499 730 posita,
2533 646 2678 711 Ita-

487 754 646 818 liam
692 770 808 834 per
844 749 1579 831 clientelas'occupare
1623 750 1924 812 tentavit.
1972 748 2296 813 Claudius
2322 748 2675 813 Pulcheru

491 855 669 938 apud
699 853 1068 931 Siciliam}
1111 871 1241 915 non
1276 850 1705 935 pascentibus
1745 850 1814 913 in
1859 836 2272 934 auspicando
2300 850 2573 933 pullis?
2601 870 2679 914 ac

490 977 609 1041 per
637 961 1036 1021 contemtum
1066 953 1405 1036 religionis
1427 952 1592 1016 mari
1612 951 1956 1030 demersis,
1989 952 2334 1036 quasi⁸ut
2354 953 2680 1032 biberent,

557 1156 661 1204 Ἐ
680 1155 915 1205 contrario
935 1153 1164 1204 Claudius
1176 1151 1360 1214 Appius
1376 1152 1697 1217 Regillianus,
1717 1153 1967 1203 Decemvir
1984 1156 2158 1203 electus
2172 1156 2235 1204 ad
2251 1153 2524 1202 scribendas
2539 1153 2682 1213 leges,

491 1236 597 1269 eum
616 1225 808 1284 propter
828 1220 1069 1268 libidinem
1105 1218 1376 1267 tentavisset
1410 1233 1491 1279 per
1508 1220 1603 1266 vim
1624 1233 1806 1267 servam
1827 1219 1993 1278 facere
2021 1222 2226 1283 puellam
2246 1219 2459 1280 liberum,
2480 1216 2681 1283 praebuit

489 1285 614 1347 plebi
632 1300 819 1335 causam
841 1283 1107 1334 discedendi
1127 1284 1299 1333 iterum
1318 1298 1350 1331 a
1371 1282 1690 1333 Senator-ibus.

1407 1474 1730 1497 OOOOOOOOOOO
1733 1479 1765 1497 ff

1768 1595 1920 1645 Voss.
1947 1596 2095 1646 Torr.
2160 1595 2220 1645 In
2245 1595 2377 1656 aliis„
2399 1595 2538 1645 inter
2561 1610 2685 1658 quas

498 1664 675 1713 Burm.
683 1664 790 1723 fuit
809 1663 945 1726 plebi.
980 1663 1125 1711 Cort.
1149 1661 1282 1711 Edd.
1302 1661 1451 1709 Rom.
1470 1659 1660 1722 plebeis.
1698 1661 1865 1711 Etiam
1885 1677 2049 1711 rursus
2064 1663 2192 1711 Mss.
2215 1662 2283 1711 Ο.
2307 1669 2359 1711 et
2379 1660 2515 1709 Edd.
2539 1660 2687 1709 Rom.

497 1729 769 1778 Mutat-unt
788 1730 921 1778 Ven
938 1728 1080 1778 Med.
1104 1734 1161 1776 et
1182 1740 1324 1790 seqq.
1340 1726 1391 1774 in
1409 1739 1614 1775 rursum.
1617 1730 1711 1775 -7
1745 1727 2035 1778 Diademata
2057 1729 2271 1776 Memm.
2306 1725 2402 1775 sibi
2421 1726 2690 1774 diademata

497 1793 696 1845 Medic.
735 1799 784 1843 3.
820 1794 1190 1858 perplacetque
1229 1791 1370 1841 Oud.
1409 1790 1573 1841 Gron.
1639 1791 1779 1840 Dein
1815 1808 1872 1842 ac
1909 1792 2088 1843 deficit
2126 1792 2271 1842 Cort.
2305 1790 2438 1840 Edd.
2476 1791 2689 1841 Rom.—

1477 1928 1698 2021 ‘NOTAE

498 2083 695 2148 regium
739 2084 1003 2147 imperium
1042 2086 1151 2135 sine
1184 2084 1553 2150 provocatione

493 2158 783 2227 tradidere,
814 2161 898 2224 qui
940 2175 1004 2210 ex
1038 2162 1215 2225 patriis
1247 2161 1475 2211 moribus
1498 2168 1555 2211 et

501 2238 788 2301 peregrinis
840 2238 1039 2301 legibus
1075 2254 1203 2302 quas
1254 2253 1283 2286 e
1323 2238 1554 2303 Graecia,

495 2327 595 2377 per
630 2314 827 2376 legatos
865 2312 915 2361 in
949 2314 1001 2363 id
1030 2314 1212 2364 missos
1246 2314 1555 2378 descriptas,

496 2389 711 2439 Romam
755 2386 947 2440 deferri
989 2398 1315 2446 curaverant,
1360 2391 1557 2455 optima

497 2482 715 2532 quaeque
751 2468 1049 2533 seligentes,
1078 2468 1203 2533 jura
1237 2468 1427 2531 Populi
1450 2469 1556 2518 Ro-

495 2543 635 2592 mani
658 2544 1055 2606 constituerent,
1079 2544 1345 2593 universos
1370 2558 1556 2607 perpe-

495 2618 589 2688 tuo
626 2623 881 2672 Romanos
913 2625 1214 2686 astrictum,
1251 2624 1292 2671 si
1331 2638 1418 2673 eas
1453 2622 1559 2672 Po-

495 2699 650 2761 pulus
668 2714 770 2748 una
792 2706 847 2749 et
884 2700 1109 2750 Senatus
1133 2701 1475 2765 accepissent,
1501 2706 1559 2751 ut

498 2788 680 2829 revera
698 2784 1035 2839 acceperunt.
1077 2777 1244 2826 Tanta
1266 2778 1360 2827 hac
1381 2784 1559 2827 ancto-

501 2852 657 2901 ritate
672 2853 916 2902 Claudius
935 2854 1020 2902 ille
1039 2853 1237 2903 nefarie
1252 2867 1393 2913 usus,
1405 2852 1560 2915 virgi-

498 2928 552 2977 ni
576 2930 832 2993 ingenuae,
849 2930 995 2994 cujus
1020 2945 1196 2980 amore
1220 2936 1404 2994 captus
1429 2936 1563 2986 erat,

502 3009 681 3057 mortis
701 3023 904 3057 causam
920 3009 1246 3069 attulit,dum
1262 3022 1372 3057 eam
1393 3007 1562 3071 pretio

504 3097 565 3132 ac
577 3098 668 3146 spe
684 3085 930 3147 pellicere
946 3083 1143 3133 frustra
1157 3084 1449 3148 adortus,in
1462 3098 1564 3132 ser·

498 3159 720 3208 vitutem
754 3159 975 3223 deniqne
1011 3159 1291 3210 subornato
1329 3161 1564 3210 testimo-

504 3234 590 3283 nio
610 3235 957 3297 vindicasset3
992 3243 1143 3299 pater
1173 3236 1308 3286 enim
1334 3236 1564 3299 virginiS‚

497 3310 589 3360 cui
631 3321 818 3361 nomen
862 3313 1154 3376 Virginius,
1185 3328 1301 3364 cum
1348 3313 1445 3364 alia
1483 3314 1566 3363 via

506 3477 649 3529 pere,
672 3470 881 3529 arrepto
910 3479 940 3513 e
977 3466 1209 3528 proxima
1243 3465 1462 3515 lanionis
1488 3470 1566 3515 ta'-

505 3540 669 3591 berna
688 3542 853 3592 cultro
878 3542 1120 3607 perfodit.
1168 3544 1448 3594 Miserabili
1468 3544 1567 3594 hac

498 3611 818 3668 =necessitate
858 3626 1138 3668 commotus
1182 3621 1423 3683 populus,
1452 3621 1564 3669 De·

499 3697 757 3746 cemviros
775 3696 1000 3758 sustulit,
1017 3696 1156 3762 iique
1177 3711 1355 3760 poenas
1378 3696 1566 3759 partim

472 3792 477 3802 ·
501 3779 693 3830 morte,
718 3772 905 3835 partim
929 3772 1084 3821 exilio
1107 3772 1380 3822 dederunt.
1436 3771 1568 3823 Quae

508 3849 676 3898 omnia
717 3848 832 3897 fuse
872 3850 1011 3912 apud
1057 3848 1258 3898 Livium
1295 3854 1568 3898 narrantur

507 3923 599 3975 lib.
623 3937 712 3975 ιιι.
745 3925 931 3975 decad.
956 3927 1006 3975 1.

576 4008 600 4054 1·
637 4000 701 4048 Α.
721 4000 791 4049 U.
814 4001 873 4049 C.
896 4004 1010 4050 304.

574 4076 592 4106 ⁸
624 4074 774 4137 Appii
797 4075 1001 4138 Forum]
1035 4076 1172 4125 Latii
1199 4078 1455 4143 quondam
1477 4092 1569 4141 op-

503 4148 716 4215 pidum
732 4151 786 4198 in
823 4152 1067 4201 clientela
1102 4156 1272 4217 gentis
1315 4155 1568 4215 Claudiae,

514 4225 589 4275 sic
614 4224 811 4274 dictum
850 4226 985 4289 qnod
1024 4228 1214 4280 ibidem
1248 4230 1451 4295 Appius
1490 4231 1566 4281 fo-

515 4314 629 4352 rum
650 4299 868 4365 egissem
906 4301 978 4352 sic
1014 4304 1149 4353 enim
1177 4313 1233 4357 et
1269 4307 1458 4358 Forum
1492 4308 1568 4359 iu·

1525 3391 1564 3428 ’—
1641 3389 1847 3452 pienda.

1631 2088 1885 2152 telligitur
1909 2089 2044 2152 apud
2068 2089 2301 2145 Festum,
2332 2085 2348 2114 ‘
2370 2099 2487 2135 cum
2517 2084 2561 2134 is
2602 2085 2689 2148 qui

1630 2165 1924 2215 Provinciae
1949 2172 2160 2228 praeest,
2178 2166 2365 2219 Forum
2385 2175 2542 2224 agere
2565 2160 2690 2210 dici·

1633 2247 1737 2303 tur,
1774 2255 1889 2291 cum
1926 2240 2168 2291 civitates
2203 2246 2376 2301 vocat,
2401 2244 2457 2286 et
2481 2236 2548 2285 de
2572 2251 2692 2286 con·

1635 2318 1900 2366 troversiis
1922 2330 2098 2366 earum
2123 2313 2424 2379 cognoscit?
2493 2315 2564 2363 Et
2584 2313 2694 2362 No-

1633 2392 1745 2442 nius
1768 2394 2087 2443 Marcellus:
2121 2394 2137 2420 ‘
2162 2394 2297 2442 Fora
2318 2392 2434 2440 loca
2459 2388 2694 2451 fuerunt,

1634 2471 1686 2519 in
1726 2471 1909 2535 quibus
1934 2471 2024 2535 jus
2064 2468 2369 2520 dicebatur.'
2447 2467 2520 2515 Iis
2560 2466 2695 2515 enim

1633 2547 1874 2598 locis-sua
1894 2548 2100 2597 nomina
2117 2548 2447 2611 magistratus
2466 2546 2699 2608 impone·

1580 2678 1587 2686 ,
1634 2624 1782 2696 bant,
1822 2625 1901 2673 vel
1942 2624 2077 2690 quod
2119 2624 2192 2673 ibi
2232 2624 2414 2671 Forum
2451 2621 2699 2683 egissent,

1637 2702 1720 2750 vel
1737 2700 2134 2751 nundinationes
2155 2700 2516 2750 instituissent.
2557 2696 2698 2745 Hinc

1639 2779 1828 2827 Forum
1881 2778 2207 2835 Flaminium,
2250 2777 2437 2826 Forum
2472 2774 2698 2836 Julium,

1637 2857 1735 2903 ἃς.
1759 2855 1810 2903 ἰιι
1836 2856 2045 2905 Etruria
2068 2862 2125 2904 et
2147 2856 2196 2902 in
2219 2852 2515 2903 Provincia.

1701 2938 1726 2965 ¹¹
1783 2931 2012 2980 Claudius
2056 2928 2284 2991 Pulcher]
2338 2928 2458 2978 Hoc
2503 2925 2699 2977 factum

1639 3014 1816 3055 narrat
1839 3021 2044 3072 quoque
2060 3006 2296 3055 Valerius
2321 3004 2585 3053 Maximus
2612 3005 2701 3053 l.1.

1641 3096 1687 3133 c.
1706 3086 1758 3132 4.
1781 3084 1888 3132 etl.
1918 3097 2042 3133 vm.
2064 3098 2110 3133 c.
2135 3086 2181 3133 1.
2199 3089 2252 3131 et
2272 3080 2584 3145 Polybiusl.
2609 3094 2648 3130 1.

1682 3165 1729 3216 ss
1764 3158 1828 3208 A.
1850 3160 1918 3211 U.
1944 3160 2008 3210 C.
2038 3164 2153 3214 ⁵05.

1704 3235 1866 3285 'Non
1881 3219 2239 3299 pascentilms..
2253 3232 2446 3297 .pnl1is]
2478 3171 2703 3282 Desere-

1643 3312 1865 3361 bantur
1852 3327 1904 3361 ιιι
1927 3327 2086 3362 cavea
2110 3311 2236 3375 pulli
2273 3310 2338 3359 ad
2362 3310 2597 3372 auspicia
2619 3323 2704 3357 ca·

1915 3388 2048 3438 Haec
2069 3388 2183 3437 dira
2210 3385 2704 3449 semper-habeban-

1643 3472 1746 3528 tur,
1788 3465 1831 3514 si
1875 3466 2110 3528 auspicia
2147 3465 2346 3527 petenti
2390 3459 2705 3525 Imperatori

1643 3542 1990 3592 renuntiatum
2015 3557 2045 3590 a
2069 3541 2288 3605 pullario
2312 3547 2473 3601 esset,
2493 3553 2583 3588 eos
2601 3551 2703 3587 non

1643 3619 1918 3670 comedere
1938 3645 1944 3653 ·
1963 3617 2221 3682 objectam
2250 3640 2257 3649 ·
2275 3614 2428 3666 offam
2451 3631 2466 3665 z
2520 3623 2706 3664 contra

1643 3711 1767 3746 vero
1787 3694 1958 3745 fausta
1973 3694 2161 3751 omnia,
2179 3694 2222 3742 si
2241 3707 2306 3742 ex
2325 3691 2704 3742 comedentium

1643 3786 1732 3822 ore
1786 3771 1983 3835 aliquid
2040 3770 2093 3818 in
2135 3777 2337 3818 'terram
2390 3766 2704 3817 decidisset:

1642 3847 1780 3911 quod
1798 3845 2082 3910 tripudium
2098 3843 2401 3896 solistimum
2414 3841 2710 3892 dicebatur:

1643 3922 1816 3987 (qnasi
1849 3922 2000 3970 aliter
2034 3920 2337 3986 contingere
2361 3924 2571 3981 possets
2591 3927 2704 3965 cnm

1647 4000 1775 4063 pulli
1801 3997 2067 4061 gallinacei
2091 3996 2250 4059 pultis
2265 3992 2418 4044 offam
2437 3993 2704 4043 invadunt.

1646 4076 1779 4128 Quae
1801 4074 1971 4123 omnia
1994 4086 2146 4138 quam
2167 4086 2302 4121 vana
2323 4070 2519 4134 forent,
2542 4072 2622 4120 vel
2642 4084 2707 4119 ex

1646 4152 1744 4202 hoc
1779 4167 1881 4201 uno
1915 4152 2158 4213 colligere
2182 4157 2280 4204 est,
2305 4147 2708 4213 quodobserva·

1651 4229 1726 4278 vit
1758 4228 1871 4291 ipse
1904 4228 2108 4283 Cicero,
2132 4233 2187 4274 et
2218 4226 2397 4274 retulit
2431 4224 2520 4273 lib.
2544 4239 2608 4274 ιι.
2643 4224 2705 4273 de

1653 4306 2005 4358 Divinatione.
2071 4304 2287 4361 Paulus,
2309 4302 2445 4353 enim
2470 4302 2558 4367 qui
2584 4301 2705 4366 ipsis
