3019 4922
494 421 626 486 440

1358 437 1420 484 C.
1468 434 1833 484 SUE'roml

498 584 584 647 ab
616 585 921 664 Augusto
959 581 1157 645 simul
1200 599 1348 644 cum
1390 578 1591 644 fratre
1625 599 1856 645 eorum
1886 579 1987 644 M.
2021 578 2368 666 Agrippa3
2415 589 2693 678 coactae

496 688 682 772 prius
714 688 880 769 ipse,
913 684 1405 761 Germanicum,
1437 683 1652 751 fratris
1685 684 1795 747 sui
1816 690 1837 718 ³
1882 682 2116 760 filium,
2148 683 2491 767 adoptare.
2544 685 2693 750 Nec

499 791 851 874 quicquam
912 792 1150 873 postea
1207 807 1327 872 pro
1388 785 1870 870 patrefamilias
1922 787 2081 869 egit,
2132 796 2252 852 aut
2300 787 2441 870 jusi,
2510 787 2696 871 quod

501 889 963 976 [adoptione]⁵
1009 892 1362 969 amiserat,t
1381 911 1469 955 ex
1499 891 1638 956 ulla
1669 898 1860 974 parte
1891 891 2190 956 retinuit.

2280 890 2462 955 Nam
2480 910 2699 975 neque

501 996 795 1072 donavit,
839 1015 1060 1079 neque
1118 995 1533 1060 manumisit:
1577 1015 1657 1059 ne
1687 993 1715 1033 ⁶
1759 995 2206 1060 haereditatem
2244 994 2534 1078 quidem,
2580 1003 2700 1059 aut

501 1099 717 1180 legata
773 1099 1075 1182 percepit
1136 1097 1275 1162 ulla
1331 1097 1543 1171 aliter,
1603 1117 1804 1180 quam
1858 1103 1974 1162 ut⁷
2047 1097 2353 1181 peculio¹¹
2416 1096 2697 1161 referret

504 1209 836 1286 accepta.v
925 1201 1111 1266 Nihil
1139 1221 1227 1266 ex
1275 1221 1354 1266 eo
1396 1207 1692 1285 tempore
1720 1201 2246 1285 praetermissum
2275 1205 2378 1265 est
2419 1199 2508 1265 ad
2559 1219 2702 1264 ma-.

495 1303 812 1388 jestatem
831 1305 977 1390 ejus
1008 1305 1401 1386 augendam,
1430 1323 1511 1368 ac
1543 1304 1752 1368 multo
1775 1305 2014 1386 magi8‚
2048 1309 2423 1387 postquam,
2453 1302 2702 1386 Agrip-.

507 1427 599 1490 pa
630 1406 996 1474 abdicatow
1043 1415 1252 1489 atque
1293 1407 1620 1490 seposit0‚
1654 1412 1902 1470 certum
1945 1414 2111 1484 erat,
2142 1407 2258 1473 uni
2304 1425 2498 1489 spem
2550 1425 2703 1470 suc·
2757 1439 2766 1450 ·

510 1509 838 1574 cessionis
882 1511 1283 1575 incumbere.

1372 1508 1541 1593 [16.]
1589 1509 1771 1574 Data
1815 1530 2041 1575 rursus
2086 1516 2383 1595 potestas
2417 1509 2700 1575 tribuni-

1438 1690 1646 1710 ΝΜΟ
1650 1689 1803 1708 ΝΜ

530 3269 677 3310 facta
706 3269 939 3321 consino,
976 3269 1032 3310 nt
1065 3269 1294 3325 protinus
1331 3269 1417 3313 illa
1448 3269 1587 3315 sacta

533 3337 875 3386 Germanicus
899 3338 1153 3403 inciperet
1177 3339 1399 3404 Augusti
1423 3357 1588 3404 nepos

534 3428 661 3465 esse.
733 3415 816 3465 De
854 3416 942 3465 iila
986 3416 1289 3481 adoptione,
1324 3434 1415 3468 seu
1458 3421 1586 3483 poti·

534 3506 595 3539 us
630 3492 976 3554 arrogatione,
1008 3494 1240 3544 meminit
1261 3495 1589 3545 Justinianm

535 3569 619 3617 tit·
655 3568 722 3616 de
758 3568 1140 3633 adoptionibus,
1175 3574 1203 3635 ᾖ
1239 3572 1364 3621 illud
1392 3574 1593 3637 propri·

536 3660 641 3695 um.

598 3722 615 3754 ί
645 3722 756 3783 ἆιω,
779 3725 901 3784 quod
917 3722 1165 3785 anziserat]
1189 3725 1316 3773 Cum
1340 3723 1475 3774 enim
1501 3740 1592 3776 an-

538 3803 593 3847 te
615 3798 947 3862 adoptionem
987 3799 1357 3863 paterfamilias
1380 3808 1516 3850 esset
1539 3808 1595 3850 et

538 3865 802 3939 suijuris,
855 3891 947 3939 per
982 3891 1093 3925 eain
1134 3876 1487 3925 filiusfamilias
1539 3885 1595 3927 et

540 3952 706 3999 alieno
724 3952 834 4014 juri
859 3953 1123 4016 subjectus
1143 3952 1314 4002 sactus
1337 3962 1468 4016 erat,
1492 3968 1596 4017 qua

540 4026 591 4074 in
616 4029 913 4078 conditione
951 4030 1115 4079 multa
1150 4030 1268 4092 sibi,
1296 4032 1448 4080 salvis
1473 4032 1597 4093 iegi-

540 4102 651 4164 bus,
673 4118 773 4152 non
794 4104 1056 4157 licebant:
1094 4122 1139 4154 v.
1160 4122 1210 4169 g.
1228 4114 1596 4158 testamentum

542 4181 787 4235 contulere,
811 4182 1110 4232 donationes
1130 4182 1323 4243 facere,
1345 4188 1445 4234 διο.

609 4263 631 4287 “
666 4257 882 4321 Peculio]
920 4260 1051 4308 Quae
1089 4261 1223 4310 bona
1257 4261 1363 4312 filio
1393 4277 1485 4311 suo
1509 4277 1599 4327 pa—

545 4334 851 4385 terfamilias
871 4338 1208 4394 concedebat,
1228 4341 1446 4405 antipae
1464 4341 1600 4392 tilius

1663 3269 1728 3313 de
1752 3269 1936 3328 quibua
1957 3278 2113 3326 supra
2131 3269 2183 3311 in
2199 3269 2341 3313 dolio
2358 3276 2480 3325 cap.
2499 3269 2585 3311 48.
2603 3269 2727 3313 mub-

1667 3350 1722 3390 ta
1756 3348 1908 3389 erant
1943 3340 2141 3403 capita,
2177 3353 2224 3386 ν.
2249 3352 2302 3401 g.
2337 3337 2726 3399 negotiationis.

1664 3415 1895 3477 foenoris,
1907 3416 2213 3479 legatorum,
2227 3414 2615 3476 haereditatum,
2633 3419 2729 3467 ἃς.

1665 3492 1826 3542 Simul
1865 3491 2023 3554 igitur
2065 3498 2125 3542 ut
2159 3490 2492 3554 pecuniarum
2535 3489 2728 3554 aliquid

1668 3573 2000 3631 acceperant,
2045 3567 2096 3616 in
2128 3572 2288 3629 caput
2328 3564 2424 3615 hoc
2467 3566 2550 3616 vel
2588 3564 2731 3627 iilud,

1668 3645 1764 3694 hoc
1783 3652 1867 3695 est
1884 3643 2002 3693 huic
2021 3643 2101 3691 vel
2125 3641 2199 3691 iili
2221 3641 2436 3703 nomini,
2453 3649 2729 3705 acceptum

1671 3722 1988 3773 referebant.
2033 3723 2085 3771 Si
2106 3735 2169 3769 ex
2185 3719 2512 3776 haereditate.
2529 3736 2582 3773 v.
2608 3736 2658 3784 g.
2679 3721 2728 3769 in

1669 3800 2029 3850 baereditatum
2050 3805 2241 3861 caput:
2280 3798 2400 3847 binc
2424 3811 2490 3847 ea
2519 3797 2730 3862 loquen-

1671 3877 1723 3928 di
1749 3878 1897 3940 ratio,
1921 3877 1936 3903 ‘
1955 3877 2230 3939 acceptum
2256 3873 2490 3926 referre!
2548 3876 2729 3930 Cicero

1671 3968 1733 4002 ιι.
1774 3952 2052 4016 Philippic.
2087 3952 2231 4014 ‘Ego
2262 3951 2402 4000 enim
2436 3951 2729 4005 sestertium

1670 4031 1938 4083 ducenties
1953 4028 2340 4081 haereditatibus
2359 4036 2637 4093 acceptum
2658 4044 2731 4077 re·

1673 4106 1804 4158 tuli)

1738 4192 1768 4216 W
1801 4184 2021 4249 Agrippa
2041 4182 2281 4247 abdicato]
2314 4182 2482 4247 Supra
2509 4182 2562 4232 in
2600 4181 2724 4244 Aug.

1675 4279 1721 4315 c.
1743 4266 1825 4313 65.
