3019 4922
2392 348 2523 425 391

339 523 806 592 ostenderunt:
854 526 920 587 et
968 522 1390 588 immolanti?
1434 523 1725 587 omnium
1758 522 2179 588 victimarum
2214 520 2528 605 jecinora

342 627 708 710 replicata⁸
756 626 1151 690 intrinsecus
1203 626 1290 690 ab
1333 626 1468 689 ima
1521 625 1688 690 fibra
1734 631 2215 709 paruerunt31⁸
2270 624 2527 688 nemine

340 731 699 813 peritorum
731 730 920 793 aliter
962 728 1407 812 conjectante,
1436 748 1639 812 quam
1671 729 1828 792 loeta
1856 748 1973 811 per
2008 729 2152 792 haec
2181 735 2249 791 et
2283 747 2529 809 magna

340 833 664 915 portendi.
753 831 918 913 [96]
964 832 1196 911 Quin²
1236 839 1307 896 et
1356 832 1675 897 bellorum
1723 832 2016 895 omnium
2059 838 2338 894 eventus
2374 840 2531 896 ante

341 935 718 1017 praesensit.
785 932 1167 999 Contractis
1188 934 1272 998 ad
1307 932 1714 997 Bononiamb
1743 934 2262 998 Triumvirorum
2287 935 2529 1017 copiiS,

338 1037 572 1120 aquila
602 1039 884 1102 tentorio
916 1038 1065 1120 ejus
1104 1037 1540 1120 supersedens
1570 1037 1747 1101 duos
1781 1055 2019 1101 corvos
2061 1036 2216 1100 hinc
2263 1045 2334 1100 et
2375 1037 2530 1099 inde

339 1139 725 1202 infestantes
755 1139 1018 1219 afflixit,
1048 1147 1115 1203 et
1155 1140 1244 1203 ad
1291 1148 1527 1203 terram
1570 1140 1790 1219 dedit3
1836 1144 2106 1203 notante
2135 1140 2313 1203 omni
2339 1159 2531 1202 exer·

339 1242 498 1316 citu,
542 1239 831 1304 futuram
880 1242 1275 1324 quandoque
1318 1242 1483 1306 inter
1534 1242 1819 1324 collegas
1860 1242 2267 1306 discordiam
2309 1241 2529 1318 talem,

339 1342 565 1424 qualis
596 1352 833 1407 secuta
864 1350 987 1420 est,
1020 1351 1262 1426 atque³
1310 1345 1566 1408 exitum
1604 1344 2069 1428 praesagiente.
2158 1343 2239 1407 In
2277 1342 2531 1427 Philip-

339 1443 504 1526 pis,4
552 1443 923 1509 Thessalus
969 1446 1238 1529 quidam
1284 1444 1368 1509 de
1415 1444 1637 1511 futura
1676 1446 1958 1509 victoria
1997 1444 2340 1523 nuntiavit,
2371 1465 2531 1509 auc·

341 1554 487 1609 tore
534 1547 623 1611 D.
669 1545 959 1627 Caesare,
1001 1549 1190 1632 cujus
1221 1548 1351 1612 sibi
1383 1548 1646 1631 species
1674 1549 1900 1612 itinere
1929 1547 2084 1610 avio
2115 1549 2532 1612 occurrisset.

341 1645 542 1713 Circa
585 1647 972 1714 Perusiam⁰
1015 1649 1349 1716 sacrificio
1377 1670 1511 1714 non
1552 1651 1833 1729 litante‚⁵
1881 1670 2035 1714 cum
2064 1647 2332 1732 angen-id
2378 1648 2531 1713 hos-

1226 376 1621 428 OCTAVIUS.

1255 1836 1285 1856 0
1289 1833 1614 1854 ΝΜΟ

341 1947 513 1996 motato
544 1947 754 2008 an.—1
794 1948 881 1996 Ita
918 1948 1255 1999 restituerunt
1279 1951 1431 2000 Torr.
1464 1957 1520 2000 et
1549 1950 1768 2000 Casaub.
1801 1946 2198 2010 suffragantibus
2227 1945 2422 1995 Medic.
2468 1955 2533 1995 tr.

343 2012 562 2061 Memmt
602 2011 757 2061 Polit-
795 2013 940 2062 Cort.
983 2015 1099 2062 Pin.
1132 2015 1250 2064 Pal.
1289 2019 1336 2066 1.
1365 2020 1413 2064 3.
1465 2015 1601 2064 Edd.
1642 2016 1789 2064 Rom.
1823 2029 1918 2077 pro
1958 2016 2232 2075 putuerunt,
2266 2011 2402 2073 quod
2442 2012 2533 2061 ha·

345 2077 471 2125 bent
505 2077 618 2126 Pal.
654 2081 703 2126 2.
745 2078 976 2126 Harlem.
1014 2079 1184 2128 Periz.
1224 2080 1397 2129 Pulm.
1436 2081 1572 2131 Edd.
1611 2082 1740 2129 Ven.
1778 2088 1841 2127 tr.
1877 2080 2008 2127 Bon.
2047 2076 2210 2137 Lugd.
2240 2076 2387 2127 Jnnt.
2414 2075 2535 2125 Ald-

340 2140 521 2203 Steph.
547 2150 601 2190 et
626 2143 694 2190 al.
716 2150 769 2191 et
791 2142 1026 2192 defendit
1045 2146 1237 2193 Severo
1260 2144 1322 2193 nd
1347 2146 1531 2195 Sidon.
1556 2161 1606 2207 p.
1626 2149 1742 2194 536.
1793 2143 1854 2192 Iu
1878 2141 2038 2192 Vind.
2063 2149 2280 2205 utroque
2303 2143 2533 2205 adparu-

340 2210 571 2256 ποιῇ-2
608 2207 704 2262 Qun·
724 2212 770 2257 et
795 2209 949 2258 Fouc.
997 2209 1124 2258 Tum
1147 2210 1258 2258 hinc
1277 2215 1326 2259 et
1348 2211 1472 2260 hinc.
1496 2213 1725 2270 Com—3
1749 2206 1835 2258 Sic
1858 2223 1922 2256 ex
1944 2208 2242 2271 conjectura
2256 2206 2404 2255 Torr.
2427 2207 2536 2255 edi·

344 2271 469 2320 dere
493 2279 613 2321 ante
638 2272 855 2337 Baumg.
882 2273 1057 2321 Burm.
1078 2274 1218 2324 Oud.
1251 2284 1306 2324 et
1330 2274 1490 2325 Wolf.
1545 2277 1617 2325 Ae
1640 2274 1832 2324 habent
1866 2273 2062 2322 Medic.
2099 2273 2237 2321 Dun.
2259 2277 2314 2319 et
2338 2272 2536 2334 aliquot

342 2336 489 2385 Torr.
511 2351 568 2384 ac
588 2336 734 2385 etiam
749 2353 827 2402 pr.
852 2337 949 2388 Ed.
968 2337 1130 2388 Junk.
1165 2341 1331 2389 Paulo
1357 2356 1512 2403 supra
1532 2355 1626 2403 pro
1643 2339 1767 2388 omni
1791 2337 1988 2388 Medic.
2014 2343 2060 2387 l.
2083 2337 2377 2385 inmani.—4
2412 2336 2535 2385 Plu·

345 2401 459 2449 rimi
499 2401 664 2450 Codd.
702 2417 799 2451 non
836 2402 1161 2467 distinguunt
1197 2413 1314 2468 post
1344 2421 1550 2468 μηκας.
1577 2415 1631 2455 et
1655 2406 1834 2461 legunt
1863 2418 1920 2457 ac
1951 2418 2029 2452 ex.
2061 2417 2261 2466 proesag.
2296 2401 2538 2464 Philippo.

344 2467 607 2516 Thessalam.
662 2467 748 2517 Ita
785 2470 996 2518 Merum.
1034 2471 1175 2518 Dnn.
1211 2470 1439 2521 Harlem.
1464 2472 1635 2519 Per-iz.
1676 2470 1824 2520 Huls.
1848 2469 1966 2531 Cuj.
1998 2476 2053 2516 et
2094 2468 2224 2515 Mss.
2254 2464 2394 2514 Oud.
2417 2480 2536 2515 cum

340 2532 476 2580 Edd.
502 2532 693 2594 primis.
719 2533 854 2583 unde
876 2532 1103 2583 faciebat
1125 2532 1281 2584 Salm.
1300 2538 1425 2598 apud
1448 2536 1714 2597 Philippos.
1735 2532 1870 2584 Edd.
1893 2532 2042 2583 Junt.
2062 2531 2186 2593 Arg.
2206 2530 2324 2578 Ald.
2347 2530 2530 2592 Steph.

338 2610 546 2657 praesag.
584 2597 837 2660 Philippis,
874 2599 1059 2647 oniisso
1096 2601 1168 2660 in,
1202 2600 1352 2663 idque
1383 2600 1570 2662 probat
1600 2600 1741 2648 Oud.
1772 2597 2129 2661 proemgientem
2165 2597 2217 2643 in
2252 2595 2347 2643 Ed.
2370 2595 2537 2653 Luad.

341 2668 436 2710 —5
472 2662 631 2710 Litora·
654 2663 865 2712 Memm.
890 2678 984 2727 pro
1007 2665 1185 2720 litanti,
1210 2674 1266 2713 ut
1292 2671 1371 2714 est
1396 2665 1447 2712 in
1473 2664 1781 2727 quibusdam
1806 2661 1971 2712 codd.
1995 2661 2146 2711 Torr.
2168 2668 2222 2708 et
2247 2659 2391 2722 Lips.
2422 2660 2535 2708 tita-

344 2729 392 2772 to
414 2726 544 2776 dant
569 2727 765 2777 Medic.
788 2733 836 2779 1.
861 2731 909 2778 ³.
931 2737 1146 2793 uterque
1171 2727 1323 2779 vind.
1361 2729 1515 2778 Huls.
1539 2730 1671 2794 Cup.
1728 2730 1867 2778 Dein
1897 2741 2061 2776 aversa
2082 2727 2242 2774 Fouc.
2266 2733 2322 2773 et
2354 2724 2537 2789 suci-{fi-

1304 2928 1521 2979 NOTAE

343 3040 464 3089 dum
489 3040 868 3106 discedebant3
901 3060 1015 3109 quae
1039 3059 1154 3094 cum
1179 3059 1401 3109 exeque-

344 3127 490 3166 retur
504 3116 790 3181 Augustus‚
804 3121 929 3169 illud
946 3122 990 3170 ei
1008 3136 1188 3171 revera
1203 3119 1399 3172 factum

342 3202 421 3242 est
448 3193 744 3256 auspicium.

405 3279 428 3315 1
466 3273 759 3337 Ina-olenti]
782 3275 1112 3325 Ousrrbonus
1132 3276 1397 3325 existimet

340 3348 440 3398 hoc
481 3363 594 3399 esse
634 3349 830 3415 ὕστερον
860 3350 1099 3415 πρότερον,
1141 3353 1395 3416 posterius

339 3436 528 3486 nempe
545 3424 740 3474 dictum
762 3426 899 3490 quod
920 3428 1063 3490 prius
1080 3426 1276 3477 factum
1295 3435 1395 3477 est.

289 3527 310 3540 ι
340 3499 444 3549 Dio
467 3500 560 3549 lib.
591 3514 701 3550 nvi.
724 3493 1027 3552 sucrificium
1052 3502 1179 3552 illud
1202 3501 1395 3552 factum

340 3576 436 3639 ait,
458 3591 560 3641 quo
589 3576 675 3626 die
697 3578 795 3628 sibi
817 3577 1003 3627 bellurn
1028 3577 1269 3627 adversus
1290 3579 1397 3627 An·

338 3653 537 3700 tunium
559 3666 674 3702 cnm
701 3662 961 3715 potestate
982 3654 1242 3704 Pretoria
1258 3654 1400 3705 dela-

344 3735 452 3775 tum
481 3735 578 3776 est.
641 3728 790 3778 Idem
823 3737 878 3779 et
903 3731 1104 3780 Plinius
1122 3730 1289 3781 refert
1312 3732 1400 3782 lib.

351 3816 416 3851 n.
432 3818 482 3850 c.
499 3808 583 3854 37.

403 3887 424 3911 ²
443 3880 675 3929 sociam«
693 3882 1092 3946 replicataJHoc
1114 3889 1214 3948 est,
1237 3884 1406 3948 dupli·

343 3953 442 4015 eia,
476 3970 595 4019 qua».
622 3958 857 4007 Valerius
889 3959 1144 4008 Maximus
1166 3961 1255 4009 lib.
1286 3973 1323 4008 ι.
1356 3975 1402 4010 c.

342 4033 393 4079 6.
405 4035 455 4080 8.
477 4040 533 4082 et
559 4032 760 4082 Plinius
783 4034 875 4083 lib.
892 4047 973 4084 xi.
991 4049 1038 4082 c.
1054 4039 1134 4085 37.
1153 4036 1402 4086 latissimi

345 4107 530 4155 ominis
547 4122 662 4157 esse
687 4118 1018 4160 notaverunt.

403 4190 428 4215 ⁸
462 4184 762 4249 Parum-emt]
795 4187 1078 4236 Beroaldus
1109 4189 1235 4251 legit
1265 4194 1404 4251 putu·

349 4265 508 4310 erunt.
577 4260 866 4313 Levissinur
882 4262 1089 4328 quidem
1124 4266 1402 4316 immutati·

1479 3060 1598 3106 one,
1620 3046 1707 3095 sed
1733 3046 2006 3107 mendosa3
2043 3052 2124 3094 est
2158 3044 2293 3093 enim
2320 3055 2537 3105 sugun-

1479 3122 1543 3171 lis
1567 3121 1853 3186 disciplinae
1880 3121 2121 3170 verbum:
2143 3120 2238 3168 hoc
2258 3127 2357 3177 est,
2377 3132 2538 3181 appe·

1480 3208 1715 3261 ruerunt,
1735 3207 1945 3262 repertu
1963 3205 2099 3246 sunt.
2147 3195 2393 3258 Virgilius
2415 3197 2466 3242 in
2485 3208 2540 3243 x.

1479 3277 1494 3302 ‘
1517 3276 1613 3323 Cui
1638 3276 1896 3337 pecudum
1929 3273 2092 3332 flbrae,
2122 3273 2239 3321 coeli
2261 3272 2345 3321 cui
2365 3269 2538 3318 sidero.

1479 3349 1700 3411 parent!
1768 3351 1852 3399 De
1888 3364 1992 3414 qua
2026 3363 2154 3397 voce
2192 3347 2357 3397 adhuc
2398 3344 2537 3395 infre

1463 3426 1644 3486 aalig.
1664 3440 1712 3475 c.
1731 3431 1781 3476 8.

1542 3500 1565 3534 ¹²
1603 3502 1890 3565 Bononiam]
1937 3501 2114 3563 Prope
2153 3514 2303 3563 quam
2334 3498 2534 3548 Trium-

1478 3577 1676 3627 viratus
1700 3579 1996 3629 institutus:
2022 3590 2181 3640 supra
2204 3592 2251 3627 c.
2274 3580 2353 3625 14.
2396 3617 2399 3620 ,

1544 3665 1567 3690 ⁰
1592 3657 1867 3722 Perusiam]
1892 3658 2058 3720 Supra
2075 3671 2122 3706 c.
2141 3660 2191 3705 9.
2215 3661 2272 3703 et
2296 3658 2378 3703 u.
2398 3652 2533 3701 dixit

1481 3740 1496 3763 ¹
1511 3734 1767 3784 sacrificio
1790 3749 1891 3783 nou
1915 3731 2134 3783 litante.'
2186 3730 2431 3803 Virgilius
2448 3728 2538 3778 lib.

1483 3823 1565 3859 ιν.
1581 3810 1780 3859 AEneid.
1802 3813 1817 3839 ‘
1840 3810 1925 3860 Tu
1938 3809 2089 3858 modo
2112 3821 2268 3870 posce
2286 3807 2537 3854 Deosvc·

1485 3888 1642 3951 niam,
1679 3888 1940 3951 sacrisque
1975 3885 2401 3949 litatis,‘1ndulge
2429 3885 2543 3932 bos·

1487 3962 1658 4026 pitio.’
1724 3963 1828 4012 Ubi
1862 3962 2114 4012 Servius:
2172 3966 2187 3989 ⁴
2213 3960 2331 4010 Diis
2381 3960 2541 4009 litatis

1484 4040 1665 4089 debuit
1689 4039 1895 4101 dicere3
1931 4054 2030 4088 non
2070 4040 2206 4088 enim
2249 4052 2417 4100 sacro,
2448 4039 2540 4088 sed

1482 4118 1604 4166 Deo
1624 4119 1783 4166 sacris
1806 4114 2056 4166 litamus?

1547 4192 1572 4226 ⁶
1604 4194 1814 4258 Augen-i]
1861 4193 2092 4244 Verbum
2136 4208 2399 4243 sacrorum
2438 4199 2540 4250 est,

1485 4268 1553 4318 de
1575 4284 1676 4334 quo
1694 4284 1851 4334 supra
1873 4285 1918 4322 c.
1942 4274 1991 4321 7.
2063 4269 2265 4321 Hostia
2289 4270 2403 4319 sliae
2427 4267 2539 4316 aliis
