3019 4922
450 3533 455 3539 ·
560 3538 650 3574 um
667 3522 913 3576 numer0.’
983 3556 987 3560 -

528 403 658 470 274

1388 406 1454 454 C.
1502 398 1855 454 sult'roNu

530 561 802 646 negavit
823 562 1248 641 accepturoS,
1280 550 1527 636 quibus
1553 546 1958 634 promissum
1989 560 2122 607 nou
2154 534 2413 603 esset:i
2453 532 2725 600 ceteris-

532 686 663 752 que
708 663 951 739 minuS,
997 678 1200 742 quam
1252 652 1668 740 promiserat,
1719 647 1920 724 dedit,
1963 650 2037 708 ut
2088 640 2412 706 destinata
2465 656 2728 701 summa

534 766 883 835 sufficeret.
971 761 1224 842 Magna
1270 761 1427 822 vero
1481 747 1858 837 qnondam⁸
1906 742 2290 818 sterilitate,
2336 760 2418 806 ac
2469 736 2734 803 difficili

535 868 844 945 remedio,
888 885 1041 931 cum
1073 861 1435 927 venalicias
1455 855 1481 894 ¹‘
1529 862 1597 921 et
1630 844 2052 919 lanistarum¹
2095 845 2414 919 familiae,
2448 841 2731 925 peregri·

535 977 799 1055 nosque
832 987 1082 1046 omneS,
1115 963 1422 1047 exceptis
1452 957 1733 1023 medicis
1764 962 1836 1019 et
1862 948 2418 1036 praeceptoribuS,
2449 943 2762 1027 partem-‘

542 1083 716 1158 que⁹
777 1071 1219 1144 servitiorum,
1280 1062 1465 1129 Urbe
1528 1058 1910 1144 expulisset
1937 1075 1957 1136 3
2018 1060 2093 1118 ut
2154 1048 2419 1115 tandem
2474 1062 2733 1110 annona

538 1175 909 1252 convaluit,
940 1177 961 1207 ‘
990 1174 1310 1253 impetum
1342 1186 1418 1230 se
1452 1158 1763 1247 cepisse,'
1794 1157 2047 1233 scribit,
2081 1154 2140 1217 ‘f
2152 1149 2726 1217 tamentationesm

537 1279 851 1363 publicas
881 1276 947 1340 in
978 1278 1376 1357 perpetuum
1408 1263 1750 1339 abolendi,
1782 1260 1966 1345 quod
1993 1276 2223 1324 earum
2247 1252 2495 1318 fiducia
2516 1249 2734 1314 c‘ultu-

1455 1430 1607 1457 mooe
1611 1425 1821 1449 eme-o

537 1561 683 1624 suffic.
723 1556 776 1606 in
810 1555 968 1605 Vind.
1000 1557 1046 1603 1.
1080 1553 1425 1621 difficeret—8
1461 1550 1679 1624 Quadam
1719 1546 1891 1595 Pet-iz.
1926 1543 2045 1607 Lys.
2080 1540 2239 1590 Fouc.
2272 1538 2415 1611 Dnn.
2451 1532 2570 1645 PiInI.
2605 1529 2740 1642 Flldd.

541 1619 1305 1751 Pffffssafflfflzffffissffissz
1318 1616 1464 1745 {3021
1482 1610 1972 1743 2222555353325·
1994 1601 2745 1731 θὶξῗέῖᾍεὲἓᾞέωεαῗῐιὲῗίζ

1535 1822 1747 1876 NOTAE

547 1930 780 1996 pecuniis
813 1931 1110 1981 libertatem
1146 1927 1484 1985 redimebant,
1517 1926 1601 1975 vel

548 2009 634 2073 qni
652 2008 868 2056 dominis
889 2008 993 2057 suis
1015 2007 1151 2072 grati
1172 2007 1264 2055 sub
1294 2005 1462 2068 ipsum
1483 2016 1603 2051 con-

1683 1921 1880 1972 dicitur
1912 1918 1928 1947 ‘
1950 1916 2144 1967 venalis
2162 1914 2195 1977 ς’
2238 1922 2292 1963 et
2331 1908 2615 1960 veteratori
2652 1922 2746 1971 op-

1684 2002 1884 2059 ponunt
1918 1990 2271 2046 Jureconsulti
2293 1990 2334 2039 l.
2353 1991 2521 2037 R‘Iaet
2555 1985 2595 2034 l.
2621 1983 2752 2033 ulti-

545 2084 698 2149 giarii
734 2090 938 2144 tempus
959 2082 1270 2142 manumissi,
1291 2080 1417 2129 etin
1441 2078 1605 2128 tribus
1683 2088 1770 2124 ma
1799 2070 1856 2123 ff.
1891 2070 1960 2121 ee
1981 2066 2218 2120 AEdintio
2252 2065 2450 2129 edicto,
2483 2068 2538 2112 et
2574 2060 2747 2113 Quin-

546 2160 795 2223 descripti
827 2158 1069 2218 fuerant3
1103 2159 1239 2223 quod
1280 2156 1485 2206 omnino
1518 2169 1605 2204 ne-

546 2250 696 2286 cesse
740 2242 874 2298 erat,
915 2244 972 2285 ut
1013 2233 1256 2298 principis
1294 2230 1607 2281 liberalitate

547 2312 777 2375 gaudere
800 2311 914 2376 quis
942 2319 1150 2374 possete
1186 2325 1283 2360 nec
1300 2309 1435 2359 enim
1459 2306 1608 2373 quili-

546 2389 639 2439 bet
664 2387 1003 2437 manumissus
1038 2387 1080 2436 is
1107 2393 1238 2448 erat,
1276 2385 1364 2451 qui
1402 2382 1606 2447 congia-

545 2466 679 2516 rium
700 2472 877 2529 posset
912 2465 1172 2528 accipere,
1208 2470 1478 2526 antequam
1516 2459 1608 2510 tri-

547 2541 672 2591 bum
725 2539 950 2596 emisset,
1009 2540 1106 2589 lioc
1143 2546 1245 2603 est,
1298 2538 1350 2589 iu
1407 2534 1612 2585 tabulas

547 2616 734 2682 quibus
773 2614 1202 2666 describebantur
1232 2613 1421 2663 civium
1452 2610 1614 2661 nomi·

550 2709 639 2757 na,
674 2691 762 2758 qui
818 2691 1040 2757 singulas
1079 2691 1263 2755 tribus,
1314 2689 1380 2739 de
1424 2687 1612 2753 quibus

549 2770 605 2819 in
649 2769 757 2821 Jul.
815 2784 862 2819 c.
895 2773 944 2819 8.
994 2776 1053 2819 et
1088 2772 1169 2818 13.
1211 2765 1612 2831 componebant,

519 2843 883 2895 sefer-endum
929 2858 1116 2894 nomen
1159 2860 1305 2894 suum
1360 2849 1614 2893 curasset.

554 2920 655 2969 Cui
696 2919 770 2968 rei
807 2933 945 2983 saepe
980 2917 1121 2968 fraus
1162 2916 1305 2970 facta
1335 2926 1432 2981 est,
1455 2917 1615 2965 etiam

553 3003 676 3044 ante
710 2993 1024 3056 Augustum,
1059 2993 1278 3043 donriuis
1301 2994 1367 3041 ea‘
1399 2990 1621 3042 conditi·

554 3084 681 3120 onev
709 3084 885 3118 servos
929 3068 1435 3125 manumittentibus,
1478 3074 1540 3118 ut
1581 3066 1619 3116 ii

554 3145 870 3195 frumentum
892 3144 1002 3195 sive
1022 3145 1148 3209 quid
1173 3144 1310 3194 aliud
1342 3150 1617 3207 acceptum

558 3220 626 3270 ad
664 3234 718 3269 se
757 3218 1029 3271 referrent.
1094 3220 1177 3270 De
1199 3220 1385 3284 quibus
1422 3218 1637 3284 frandifl

558 3296 658 3346 bus
680 3295 966 3359 Dionysius
983 3297 1072 3346 lib.
1096 3310 1174 3346 tv.
1192 3302 1247 3345 et
1268 3295 1372 3345 Dio
1387 3293 1477 3344 lib.
1496 3286 1622 3349 xr'xi

560 3372 873 3437 Hujusmodi
904 3373 1061 3437 igitur
1093 3371 1446 3433 manumissos,
1480 3378 1536 3421 et
1563 3369 1620 3420 in

559 3449 752 3499 tribum
787 3449 998 3513 relatos,
1020 3456 1174 3500 vocat
1206 3449 1461 3498 ‘insertos
1496 3447 1622 3497 civi·

625 3601 642 3635 ¹
670 3601 962 3651 Promissum
981 3615 1075 3649 non
1108 3598 1252 3661 esset]
1287 3598 1445 3651 Quasi
1480 3596 1625 3650 dicat

561 3679 630 3730 iis
653 3685 855 3729 tantum
868 3675 1192 3740 promisisse,
1216 3676 1302 3739 qui
1330 3681 1469 3738 tunc,
1504 3687 1624 3722 cum

567 3755 924 3819 promitteret,
954 3757 1164 3815 possent
1216 3750 1473 3814 accipere,
1521 3762 1625 3799 non

561 3844 686 3879 vero
719 3828 782 3878 iis
803 3828 889 3892 qui
912 3827 978 3876 ab
1002 3840 1065 3876 eo
1106 3825 1458 3890 promissionis
1492 3834 1624 3875 tem-

562 3917 707 3966 pore,
719 3917 810 3967 spe
826 3901 1023 3953 fraudis
1036 3901 1312 3966 faciendae,
1329 3902 1626 3953 manumissi

563 3977 792 4028 fuerant.
1386 4000 1389 4003 >

630 4055 656 4090 ¹¹
693 4056 980 4120 senalidus]
1004 4058 1282 4108 Servorum
1302 4055 1515 4109 familiae
1540 4056 1625 4107 hic

565 4133 914 4196 intelligendae
949 4144 1089 4197 sunt,
1129 4141 1188 4185 ut
1228 4135 1279 4186 in
1308 4135 1416 4187 Jul.
1450 4149 1500 4185 c.
1544 4138 1626 4193 10.

535 4222 541 4227 ·
572 4222 862 4272 quanquam
899 4209 1036 4259 enim
1076 4210 1278 4260 venalia
1314 4211 1479 4260 multa
1501 4210 1627 4271 sint,

571 4286 639 4336 de
671 4285 834 4337 servis
858 4294 1051 4350 tamen,
1076 4288 1366 4350 praesertim
1400 4287 1632 4352 noviciis,

1649 2177 1658 2182 ‹
1689 2148 1897 2197 tilianus
1929 2144 2021 2195 lib.
2040 2156 2168 2192 vm.
2202 2156 2250 2191 c.
2272 2145 2323 2190 2.
2359 2138 2611 2189 Horatius
2631 2136 2750 2185 Sat.

1688 2240 1729 2275 ι.
1762 2230 1809 2274 1.
1845 2230 1933 2273 ‘ut
1971 2222 2015 2271 si
2063 2219 2365 2271 Reticnlum
2409 2214 2557 2279 panis
2596 2226 2756 2261 vena-

1689 2301 1763 2350 les
1786 2301 1923 2349 inter
1946 2306 2128 2349 onusto
2145 2297 2303 2346 Forte
2324 2293 2481 2343 vehas
2497 2289 2755 2351 humero,'

1688 2380 1788 2428 &c.
1853 2375 1994 2425 Hinc
2015 2371 2331 2423 venaliciarii
2350 2368 2479 2419 dicti
2503 2372 2626 2417 sunt
2648 2380 2760 2415 ser·

1689 2454 1758 2512 vi,
1793 2469 1895 2504 non
1928 2467 2077 2502 secus
2114 2467 2176 2501 ac
2208 2460 2506 2512 mangones,
2539 2444 2629 2509 qni
2671 2456 2762 2492 ve-

1693 2531 1906 2580 nalicias
1944 2542 2206 2578 servorum
2264 2523 2486 2575 familias
2539 2519 2758 2569 habent.

1696 2609 1835 2660 Quin
1876 2613 1931 2658 et
1975 2607 2075 2671 ipsi
2116 2617 2395 2666 mangones
2432 2597 2762 2650 ‘venalicii’

1692 2698 1898 2748 quoque
1936 2682 2183 2747 appellati
2220 2677 2314 2729 inf.
2344 2678 2439 2728 lib.
2475 2677 2541 2725 de
2586 2674 2758 2725 Claris

1696 2761 1855 2812 Rhet.
1873 2765 1919 2810 l.
1956 2759 2155 2815 Nonius
2168 2757 2447 2808 Marcellus
2464 2771 2510 2805 c.
2525 2758 2575 2803 2.
2594 2767 2661 2802 ex
2676 2753 2761 2801 ci·

1693 2840 1897 2890 ceronis
1913 2836 2224 2887 Corneliana
2244 2833 2495 2887 oratione,
2520 2833 2623 2879 ὅτε.
2672 2827 2762 2878 Sic

1696 2924 1866 2966 autem
1891 2902 2243 2978 appellantur,
2265 2908 2401 2974 qnod
2420 2904 2639 2956 ‘mercis
2664 2919 2757 2967 ap-

1696 2990 1982 3057 pellatione
2035 2987 2267 3038 homines
2340 2998 2441 3033 non
2496 2979 2761 3032 contineri
2793 3024 2796 3027 ,

1699 3066 1846 3116 Mela
1864 3066 1971 3115 ait:
2008 3071 2064 3114 et
2096 3063 2164 3114 ob
2187 3076 2300 3112 eam
2340 3075 2448 3110 rem
2479 3069 2762 3120 mangones

1696 3156 1798 3192 non
1851 3148 2186 3196 mercatores,
2237 3136 2329 3188 sed
2383 3133 2765 3186 Venaliciarios

1698 3218 1995 3278 vocariait3
2029 3225 2085 3266 et
2105 3214 2287 3272 recte,’
2306 3222 2363 3263 ut
2387 3209 2607 3262 tradidit
2621 3207 2764 3258 Afri-

1699 3308 1855 3345 canus
1894 3294 1929 3343 l.
1965 3298 2082 3343 207.
2113 3290 2169 3343 ff.
2210 3292 2276 3341 de
2306 3289 2575 3340 verborum
2599 3284 2761 3349 signi-

1675 3362 1688 3375 ‘
1702 3371 1965 3421 ficatione-

1764 3446 1779 3481 ¹
1809 3444 2143 3508 Lunistarum]
2175 3445 2279 3496 Qui
2312 3443 2427 3492 illos
2465 3441 2530 3490 ad
2571 3439 2766 3489 ferrum

1603 3545 1611 3553 ·
1704 3534 1759 3576 et
1800 3538 2007 3574 arenam
2031 3519 2406 3582 instituebant,
2427 3524 2485 3567 ut
2524 3530 2683 3581 supra
2716 3515 2767 3563 in

1703 3600 1845 3653 Julio
1868 3615 1914 3650 c.
1939 3604 2019 3649 10.
2040 3604 2274 3647 notatum
2299 3602 2398 3644 est.
2446 3592 2565 3641 ·Vel
2592 3590 2766 3655 potius

1705 3676 1790 3726 hic
1809 3675 2042 3738 intellige
2063 3682 2376 3737 mangonum
2407 3667 2698 3733 Venalicia,
2714 3672 2769 3716 et

1707 3753 2039 3803 Lanistarum
2063 3749 2297 3800 familias.

1769 3838 1808 3865 ¹⁸¹
1843 3825 2279 3888 Frumentationes]
2311 3822 2579 3875 Frumenti
2614 3819 2769 3884 largi·

1708 3908 1913 3959 tiouesz
1968 3906 2057 3955 ubi
2093 3912 2246 3955 notat
2283 3904 2430 3952 Torr.
2475 3906 2769 3950 castrenses

1615 3998 1622 4015 ⁵
1706 3995 1859 4034 voces
1892 3996 2001 4031 esse
2035 3978 2365 4041 frumentari,
2401 3975 2771 4037 frumentator,

1708 4067 1768 4110 ut
1791 4065 1847 4108 et
1863 4055 2221 4117 frumentatio,
2244 4069 2346 4120 qua
2366 4051 2647 4103 Suetonius
2672 4049 2772 4098 nti-

1710 4144 1813 4194 tur‚
1837 4134 1902 4184 ad
1932 4132 2324 4198 significandam
2353 4143 2574 4180 annonae
2598 4125 2770 4176 distri-

1709 4211 1996 4264 butionem.
2374 4223 2380 4229 ²
2755 4220 2762 4227 ·
