3019 4922
509 431 639 498 840

509 587 702 678 cujus
732 589 893 656 villa
913 595 1223 667 maneret,
1250 589 1368 674 q'ui
1397 589 1775 673 speculator
1802 605 1967 654 suus
1993 588 2157 654 olim
2185 586 2446 653 fuisset.
2520 587 2697 654 Con-

510 695 693 760 vivia
742 711 1217 775 nonnunquam
1260 697 1326 757 et
1368 692 1583 756 serius
1625 690 1857 769 inibat,
1891 698 1960 755 et
2008 691 2329 757 maturius
2372 690 2699 775 relinque·
2763 683 2774 694 ⁸

509 797 664 872 bat;
709 815 859 860 cum
878 800 908 842 4
936 793 1239 859 convivae
1287 798 1353 858 et
1398 812 1668 859 coenare
1716 793 2101 877 inciperent,
2141 794 2527 877 priusquam
2576 793 2696 860 ille

513 897 977 973 discumberet,
1026 901 1094 960 et
1121 899 1592 979 permanerent,
1627 894 1920 977 digresso
1950 915 2053 959 eo.
2142 895 2422 961 Coenam
2443 894 2651 959 ternis
2671 900 2695 941 ⁵

510 996 822 1076 ferculis,b
865 1003 1003 1074 aut,
1025 1018 1178 1063 cum
1203 995 1806 1075 abundantissime,
1839 998 2019 1061 senis
2050 997 2415 1079 praebebat,
2452 1004 2533 1060 ut
2558 1016 2699 1061 non

509 1102 719 1166 nimio
740 1099 768 1140 ⁶
795 1105 1036 1176 sumtu,
1064 1100 1156 1163 ita
1181 1118 1441 1176 summa
1468 1099 1807 1163 comitate.
1871 1098 2051 1163 Nam
2078 1104 2143 1163 et
2172 1096 2261 1161 ad
2289 1098 2700 1163 communio-

510 1223 665 1268 nem
711 1202 1037 1267 sermonis
1092 1208 1394 1266 tacentes
1451 1199 1562 1265 vel
1607 1200 2011 1264 summissim
2041 1198 2426 1264 fabulantes
2455 1217 2698 1282 provo-

512 1307 733 1381 cabat,
760 1311 826 1369 et
856 1309 972 1369 aut
1002 1308 1383 1368 acroamata
1405 1310 1431 1352 ⁷
1453 1312 1477 1339 ⁰
1505 1308 1572 1367 et
1598 1303 1975 1380 histriones,
2011 1307 2131 1365 aut
2162 1301 2360 1364 etiam
2394 1301 2696 1366 triviales

510 1427 601 1472 ex
630 1406 825 1472 Circo
863 1405 1087 1470 ludios
1106 1402 1175 1444 ⁸¹¹
1204 1405 1687 1490 interponebat,
1732 1423 1813 1468 ac
1843 1403 2249 1488 frequentius
2279 1403 2697 1488 aretalogos.⁸

1356 445 1418 494 c.
1464 429 1824 496 sum-omi

1424 1600 1782 1624 W

511 1724 567 1768 et
590 1719 640 1768 in
661 1717 822 1770 Viud.
842 1724 892 1770 2.
918 1718 1069 1770 Huls.
1094 1720 1246 1782 fuiss.
1267 1721 1328 1770 ol.
1347 1725 1577 1772 sum—4
1615 1723 1736 1772 Cum
1772 1720 1920 1770 deest
1945 1718 2059 1783 Cuj.
2103 1724 2158 1768 et
2197 1723 2315 1766 ante
2346 1715 2507 1767 habet
2537 1717 2696 1768 Fouc.

507 1798 638 1834 secus
672 1799 764 1848 pro
797 1785 965 1861 serius,
1005 1787 1173 1836 relict.
1211 1792 1441 1863 span—6
1479 1787 1582 1847 Ita,
1604 1801 1704 1836 nou
1729 1786 1887 1845 trinis,
1920 1785 2046 1834 Mss.
2087 1791 2278 1846 praeter
2301 1790 2412 1848 opt.
2449 1783 2601 1833 Torr.
2641 1789 2698 1833 et

511 1849 970 1978 332335'31'3'34
978 1851 1207 1979 ,ἳῗέἑῐιξ
1213 1866 1282 1965 ἑῗι·
1300 1849 2187 1974 3{33⁶·8022¹3?.‡s3‡3‡312⁸2⁰3:
2212 1848 2467 1962 33:42⁶&
2474 1847 2699 1961 &2133ssss

510 1975 727 2027 Memm.
783 1978 918 2027 Dein
953 1979 1155 2028 tacentis
1189 1981 1350 2029 Polit.
1398 1981 1462 2029 In
1494 1980 1663 2031 Periz.
1698 1979 1933 2031 Harlem.
1960 1977 2111 2027 Viud.
2143 1983 2189 2027 l.
2216 1977 2362 2026 Cort.
2387 1975 2523 2025 Edd.
2550 1978 2697 2026 Rom.

509 2042 645 2090 Ven.
669 2047 716 2090 l.
739 2042 950 2091 Mediol.
975 2044 1187 2108 aliisque
1218 2046 1362 2093 etiam
1384 2060 1478 2107 pro
1500 2046 1693 2094 veh—7
1729 2046 1828 2093 Aut
1851 2048 2061 2092 oromate
2090 2047 2176 2091 aut
2207 2042 2256 2091 h.
2292 2041 2504 2091 Memm.
2526 2055 2700 2090 acro-t.

509 2105 708 2155 Medic.
730 2114 850 2166 tres,
871 2108 1101 2156 Harlem.
1124 2110 1250 2170 Cop.
1270 2109 1425 2159 Voss.
1441 2109 1577 2159 Edd.
1596 2110 1731 2158 Ven.
1752 2113 1793 2157 Ι.
1810 2106 1974 2171 Lugd.
1990 2107 2139 2158 Jnnt.
2157 2107 2335 2169 steph.
2353 2105 2473 2155 Ald.
2491 2106 2698 2155 achron.

510 2169 612 2220 Ed.
636 2168 784 2220 Rom.
809 2176 1011 2221 sem—8
1044 2173 1359 2223 constanter
1381 2174 1432 2223 iu
1460 2174 1589 2223 Mss-
1609 2181 1855 2223 exaratur
1876 2174 2028 2235 ludos,
2048 2170 2285 2237 quibusd.
2309 2178 2515 2235 except.
2540 2185 2572 2220 a
2595 2171 2698 2220 Be·

1493 2361 1706 2416 NOTAE

511 2474 812 2529 suburbanis
835 2494 881 2531 c.
903 2480 987 2532 ⁷2.
1012 2480 1165 2534 dixit.
1232 2477 1337 2532 Hic
1369 2478 1567 2543 vulgati
1640 2475 1848 2542 proprie
1871 2484 1990 2528 sunt
2022 2493 2175 2528 voces
2195 2483 2250 2528 et
2273 2476 2699 2529 auscultationes.

506 2555 779 2618 spiculator,
800 2557 925 2606 Mss.
947 2561 1205 2622 speculator
1226 2559 1419 2623 legunt.
1466 2556 1588 2605 11102
1640 2554 1952 2604 Aristoteles
1990 2554 2123 2604 enim
2153 2556 2227 2605 sic
2249 2553 2535 2619 appellavit
2561 2568 2699 2605 com·

510 2647 640 2682 unus
674 2632 836 2683 fuerit
873 2649 938 2683 ex
978 2635 1058 2691 iis.
1095 2649 1220 2699 quos
1254 2632 1463 2699 spiculis
1485 2646 1568 2680 ar·
1641 2632 1985 2681 mentationes
2024 2632 2290 2695 quasdam,
2323 2647 2451 2696 quas
2474 2631 2699 2695 discipu-

508 2717 676 2759 matos
731 2710 958 2773 corporis
1000 2711 1076 2761 sni
1124 2711 1369 2761 custodes
1412 2709 1567 2759 habe·
1640 2707 1704 2755 lis
1729 2707 1831 2754 suis
1854 2720 1944 2754 ore
1965 2709 2197 2770 proprio,
2217 2723 2315 2757 non
2345 2716 2518 2758 autem
2540 2709 2701 2772 scrip-

510 2783 657 2835 bant.
744 2786 845 2836 Hic
864 2801 928 2836 ex
953 2787 1013 2836 iis
1034 2788 1121 2852 qui
1143 2788 1374 2837 hostibus
1403 2784 1568 2850 ignoti
1644 2783 1710 2833 tis
1738 2783 1993 2833 tradebat.
2064 2785 2235 2834 Latini
2272 2800 2365 2848 pro
2398 2784 2522 2848 ipsis
2540 2785 2700 2835 bomi-

512 2877 626 2912 sese
669 2862 1050 2924 immiscebant,
1092 2865 1144 2913 in
1189 2878 1362 2914 eorum
1403 2878 1566 2927 nsque

510 2939 733 2989 concilia
790 2954 1151 3004 nonnunquam
1214 2947 1570 3004 penetrantes,

511 3015 634 3079 quid
658 3017 860 3064 consilii
884 3025 1148 3076 caperent,
1168 3016 1502 3079 exploraturi.

577 3088 602 3122 δ
638 3089 805 3140 Tei-nis
835 3090 1002 3152 [trinis
1019 3090 1246 3154 ferculis]
1280 3084 1568 3140 Sabellicus

513 3165 581 3214 de
600 3164 764 3214 tribus
777 3164 1004 3214 ciborum
1021 3165 1571 3228 generibusintelligit,

511 3240 684 3307 qualia
702 3238 837 3290 forte
863 3241 1148 3291 dicuntura
1174 3242 1318 3292 nobis
1342 3242 1461 3291 trois
1473 3257 1572 3291 ser·

512 3316 653 3379 vices.
717 3315 1048 3366 casaubonus
1071 3331 1193 3367 vero
1216 3316 1280 3367 de
1315 3318 1564 3367 machinis

509 3392 610 3442 illis
632 3392 819 3459 quibus
853 3392 1098 3444 lautiores
1132 3392 1353 3443 Romani
1373 3393 1565 3456 partim

511 3469 847 3533 imponebant
875 3471 1067 3534 lances,
1092 3470 1279 3534 partim
1300 3469 1565 3533 appende·

512 3543 674 3611 bant3
706 3559 805 3595 nec
825 3545 959 3593 enim
983 3559 1183 3595 mensas
1197 3545 1528 3608 attingebant
1553 3559 1569 3595 t

510 3621 806 3686 hujusmodi
839 3622 1126 3671 machinam
1165 3623 1440 3672 Petronius
1479 3636 1569 3685 ap·

513 3701 676 3765 pellat
698 3700 1081 3764 repositorium,
1100 3701 1292 3748 lautam
1315 3700 1451 3749 illam
1469 3713 1570 3748 coe·

477 3811 481 3815 -
510 3790 628 3826 nam
664 3776 961 3826 describens
993 3776 1046 3825 in
1075 3776 1330 3839 satyrico.
1399 3776 1570 3839 Repo·

512 3853 747 3903 sitorium
794 3851 1068 3902 rotundum
1106 3851 1373 3901 duodecim
1416 3853 1570 3901 liabe-

515 3928 607 3980 bat
638 3929 787 3993 signa
821 3930 874 3978 in
909 3929 1085 3979 orbem
1118 3929 1390 3993 disposita,
1414 3942 1573 3991 super

514 4019 628 4069 quoe
656 4006 916 4069 proprium
949 4007 1443 4071 convenientemque
1462 4020 1570 4055 ma-

519 4080 665 4130 teriae
689 4088 917 4131 structor
936 4082 1249 4145 imposuerat
1261 4081 1460 4131 cibum:
1484 4095 1570 4131 su-

518 4168 615 4219 per
659 4155 870 4203 arietem
919 4157 1059 4205 cicer
1103 4158 1376 4221 aretinum,
1411 4171 1571 4222 super

519 4236 722 4279 taurum
741 4229 927 4279 bubale
950 4230 1191 4294 frustum,
1211 4237 1313 4283 ὅτε.

582 4311 604 4338 ⁶
636 4304 943 4371 Aci-onmem]
996 4306 1131 4359 Haec
1174 4308 1313 4374 apud
1355 4309 1571 4362 Graecos

1645 2859 1791 2910 nibus
1826 2859 2131 2924 ἀκροαμάτων
2162 2861 2522 2911 recitatoribus
2567 2877 2702 2913 snm-

1646 2951 1782 2998 sere,
1813 2938 1903 2986 sed
1929 2938 1993 2987 de
2024 2938 2161 3000 jocis
2186 2945 2386 2987 tantum
2419 2945 2476 2986 et
2515 2935 2704 2987 recita-

1648 3013 1876 3062 tionibus
1915 3013 2124 3071 ludicris
2156 3014 2527 3077 intelligentes,
2565 3014 2703 3064 unde

1646 3090 1663 3117 ⁸
1687 3087 1929 3137 festivum
1949 3090 2208 3141 acroama’
2230 3090 2469 3140 Ciceroni
2491 3089 2703 3140 dicitur.

1646 3163 1804 3228 Apud
1847 3165 2163 3216 Macrobium
2198 3167 2434 3216 videntur
2452 3167 2585 3216 sumi
2608 3181 2705 3231 pro

1648 3241 1820 3305 pueris
1864 3241 2276 3307 symphoniacis,
2320 3242 2411 3292 lib.
2454 3256 2518 3292 ιι.
2559 3257 2610 3292 c.
2652 3248 2704 3294 4.

1643 3320 1658 3346 ‘
1678 3317 1971 3368 delectatus
1993 3320 2132 3368 inter
2145 3333 2341 3368 coenam
2364 3319 2540 3382 pneris
2556 3319 2704 3383 Sym-

1644 3393 1908 3458 phoniacis
1947 3394 2163 3444 Turonii
2207 3394 2381 3444 Flacci
2401 3395 2706 3459 Mangonis,

1644 3479 1803 3534 atque
1826 3486 1911 3521 eos
1945 3469 2205 3520 frumento
2240 3472 2546 3531 donaverat,
2584 3486 2706 3521 cum

1648 3547 1702 3597 in
1751 3549 1851 3597 alia
1905 3554 2194 3599 acroamata
2239 3546 2422 3597 fuisset
2474 3548 2705 3598 liberalis

1649 3624 1901 3673 nummis-²
1965 3624 2026 3674 In
2048 3623 2286 3674 salmasii
2308 3622 2490 3673 codice
2512 3621 2707 3688 legitur

1645 3706 1872 3750 cremata.

1698 3776 1723 3811 ‘¹
1735 3779 1821 3826 Ex
1839 3777 1977 3826 Circo
1994 3775 2168 3840 ludios]
2185 3775 2231 3825 Ii
2246 3781 2366 3825 sunt
2385 3774 2577 3827 inlimae
2598 3790 2706 3825 sor-

1653 3853 1718 3904 tis
1738 3853 1968 3904 homines
1992 3854 2188 3901 lucrum
2226 3867 2291 3900 ex
2327 3851 2554 3903 fallaciis
2585 3867 2706 3917 cap-

1652 3935 1901 3991 tantes,v.
1918 3942 1967 3991 g.
1988 3928 2297 3977 divinatione
2309 3942 2403 3992 per
2426 3929 2706 3993 inspectio·

1651 4020 1768 4054 nem
1801 4020 2063 4066 manuum,
2100 4004 2538 4067 interpretatione
2574 4021 2706 4056 som-

1652 4083 1871 4131 niorum.
1950 4081 2031 4131 De
2077 4082 2261 4145 quibus
2306 4082 2494 4132 Cicero
2539 4083 2705 4147 primo

1650 4159 1717 4208 de
1742 4157 2095 4213 Divinatione,
2116 4163 2132 4186 ‘
2152 4172 2253 4207 non
2276 4158 2341 4207 de
2366 4158 2525 4208 Circo
2543 4165 2706 4208 astro·

1649 4236 1813 4298 logos,
1848 4247 1951 4283 nou
1996 4232 2183 4282 Iliacos
2225 4234 2572 4298 conjectores,
2605 4247 2706 4283 nou

1651 4309 1965 4374 interpretes
1988 4308 2339 4372 somniorum,’
2356 4311 2457 4361 ὅτε.
2491 4309 2706 4384 Idenim
