3019 4922
1245 417 1542 479 sumus.
2359 419 2491 483 169,

295 573 678 652 ’ὀσᾶῐαηωθ
714 580 835 638 θι*
861 573 933 638 L.
967 573 1305 640 Pinarium
1330 582 1395 640 et
1426 574 1515 655 Q.
1545 574 1821 640 Pedium
1854 588 1942 640 ex
1988 575 2354 659 quadrante
2383 598 2486 644 re-

312 676 492 760 liquo
518 698 535 742 ε
561 684 586 725 ⁵
632 678 701 740 in
733 676 907 741 imar
952 695 1105 741 cera
1126 684 1145 712 ⁸
1190 676 1270 741 C.
1298 676 1658 741 Octavium
1686 678 1886 746 etiam
1917 678 1986 741 in
2019 679 2341 744 familiam
2369 701 2487 745 no-

311 777 589 863 menque
633 778 1057 863 adoptavit&
1099 780 1446 863 plerosque
1470 777 1497 818 ⁶
1542 798 2012 862 percussorum
2055 780 2123 843 in
2150 783 2492 847 tutoribus

1217 959 1579 981 OOOOOOOOO

312 1094 402 1139 -8
437 1090 604 1140 Solum
627 1089 725 1140 Ed.
750 1091 1023 1156 Steplr.-,-4
1056 1092 1300 1142 Voculam
1324 1099 1370 1142 et
1389 1092 1551 1142 deleri
1575 1092 1754 1141 malint
1770 1092 1924 1142 Torr.
1949 1091 2088 1142 Oud.
2113 1098 2378 1157 praeeunte
2400 1092 2486 1144 Jo.

311 1158 538 1206 Mercer.
570 1156 728 1219 Opin.
750 1158 783 1204 Ι.
805 1171 844 1207 1.
876 1172 921 1206 c.
943 1162 1023 1207 12.
1083 1158 1232 1207 Huls.
1266 1158 1358 1207 dat
1394 1158 1452 1207 L.
1476 1157 1777 1216 Quium-ium,
1819 1157 1951 1207 Edd.
1985 1159 2115 1207 Ven.
2158 1158 2491 1207 Pinacium.—

245 1255 254 1262 -
315 1227 342 1270 5
376 1221 505 1271 Haec
533 1221 697 1284 Lipsii
720 1227 797 1270 est
820 1223 1128 1283 emendatio,
1148 1223 1318 1272 Elect.
1336 1237 1376 1272 1.
1394 1238 1441 1273 c.
1466 1226 1546 1272 20.
1570 1223 1653 1271 cui
1676 1222 1936 1286 astipulati
1956 1230 2074 1272 sunt
2099 1236 2272 1271 omnes
2299 1232 2491 1285 praeter

314 1287 527 1335 Salmas.
580 1287 660 1335 De
682 1288 818 1336 mod.
846 1288 997 1337 Usur.
1019 1301 1069 1337 c.
1092 1293 1172 1337 ll.
1199 1303 1250 1351 p.
1274 1292 1389 1337 466.
1448 1287 1669 1350 Reliquos
1682 1287 1732 1335 in
1753 1288 1849 1336 ima
1868 1286 2060 1336 habent
2082 1301 2255 1338 omnes
2282 1287 2410 1335 Mas.
2431 1294 2488 1336 et
2586 1339 2588 1343 ,

314 1350 447 1401 Edd.
471 1352 536 1399 ad
561 1351 781 1401 Casaub.
805 1366 986 1416 usque,
1008 1353 1095 1415 qui
1118 1352 1272 1402 etiam
1295 1352 1590 1413 corrigebat
1616 1352 1811 1415 reliquo,
1832 1353 2035 1416 aliosque
2057 1353 2109 1401 in
2128 1353 2240 1403 ima.
2273 1350 2490 1414 Conjec·

275 1429 285 1436 ”
315 1423 480 1465 turam
506 1416 644 1481 Lips.
680 1423 850 1465 tamen
875 1417 1107 1480 proxime
1133 1418 1407 1481 occupavit
1430 1419 1655 1466 Mercer.
1681 1416 1784 1480 Op.
1809 1432 1854 1466 c.
1880 1421 1958 1467 12.
1995 1417 2090 1466 nisi
2113 1431 2178 1465 ex
2200 1417 2348 1466 litera
2369 1431 2394 1465 s
2416 1414 2489 1463 fa·

314 1480 494 1529 cienda
520 1482 702 1531 vocula
722 1484 821 1532 sed.
855 1482 983 1531 .Pal.
1006 1487 1052 1531 3.
1072 1484 1122 1531 in
1146 1499 1237 1532 uua
1260 1483 1410 1532 uncia.
1452 1484 1613 1532 Fouc.
1635 1482 1686 1531 in
1705 1496 1797 1531 una
1818 1497 1945 1542 cera,
1968 1497 2083 1531 cum
2108 1482 2206 1531 Ed.
2224 1482 2357 1530 Ven.
2379 1484 2503 1529 1.—-¹

314 1550 345 1595 6
377 1546 460 1596 Ita
492 1561 558 1596 ex
596 1548 823 1611 pluribus
862 1547 1011 1597 codd.
1049 1547 1188 1597 Oud.
1210 1547 1366 1597 Wolf.
1402 1548 1622 1611 Baumg.
1661 1546 2025 1611 Alapluresque.
2092 1547 2220 1597 Mox
2241 1547 2489 1596 intentores

1299 1728 1513 1782 NOTAE

316 1838 429 1901 bus,
468 1847 818 1903 praeterquam
850 1840 914 1889 de
954 1839 1098 1891 Julia
1142 1840 1360 1904 Augusti
1440 1841 1591 1906 guit:
1628 1841 1691 1891 L.
1715 1839 1983 1898 Pinarium,
2026 1846 2073 1890 et
2111 1841 2174 1896 Q.
2199 1812 2496 1889 Pedium‘hc

316 1916 450 1977 avia,
494 1930 662 1979 pauca
700 1916 1046 1981 reperiuntur,
1102 1924 1162 1967 ut
1205 1925 1259 1968 et
1295 1918 1360 1967 de

313 1992 591 2056 nepotibus
616 2007 810 2043 earum.
878 1993 943 2045 Q.
964 1993 1160 2044 Pedius
1185 2001 1363 2059 postea

316 2084 432 2119 cum
472 2070 706 2133 Augusto
755 2071 946 2121 Consul
983 2069 1099 2120 fuit.
1166 2070 1362 2120 Pinarii

315 2146 550 2198 meminit
581 2147 848 2211 Appianus
884 2147 971 2196 lib.
1014 2160 1101 2195 ιιι.
1166 2148 1360 2196 Bellor.

316 2221 467 2270 Civil.
507 2222 593 2271 ubi
632 2221 819 2272 dicitur
865 2221 1129 2285 Augustus
1161 2224 1225 2272 ab
1263 2223 1364 2272 illis

315 2306 514 2360 partem
526 2298 847 2348 haereditatis
864 2299 1213 2363 requisivisse:
1241 2308 1365 2350 nota

316 2372 519 2436 quidem
556 2382 634 2424 est
666 2374 774 2439 ejus
812 2374 1021 2424 familiae
1067 2377 1365 2440 antiquitas,

315 2459 533 2514 propter
556 2466 703 2501 sacra
725 2451 986 2502 Herculis.
1052 2453 1239 2519 Virgil.
1276 2455 1366 2506 lib.

315 2540 446 2577 vm.
490 2529 691 2578 AEneid.
740 2531 758 2558 ⁶
782 2532 853 2580 Et
893 2530 1071 2593 domus
1116 2531 1366 2582 Herculei

315 2613 489 2655 custos
516 2606 723 2656 Pinaria
746 2609 909 2657 sacri?

380 2691 406 2724 P
443 2685 720 2747 Octavium]
754 2685 855 2736 Qui
894 2691 1075 2748 postea
1097 2685 1365 2748 Augustus

318 2761 609 2824 appellatus
641 2768 742 2825 est,
775 2762 838 2810 de
876 2760 975 2827 quo
1014 2769 1121 2812 toto
1164 2762 1253 2811 lib.
1289 2777 1368 2812 se·

316 2844 524 2901 quente.

377 2923 401 2958 ⁴¹
432 2916 511 2964 Ex
532 2916 782 2980 dodrante]
804 2915 1181 2966 Haereditatem
1205 2922 1366 2967 totam

313 2990 365 3040 in
388 2996 469 3042 12.
494 3000 556 3042 ut
582 2993 856 3055 plurimum
891 2994 1081 3057 uncias,
1102 2993 1263 3045 instar
1288 3010 1367 3044 as-

315 3069 401 3127 sis,
413 3065 738 3132 diuidebant,
753 3059 889 3119 unde
903 3070 1142 3120 inductus
1157 3072 1368 3137 loquen-

314 3144 365 3194 di
385 3160 526 3208 usus,
548 3147 641 3195 ‘ex
664 3161 777 3196 asse
801 3146 1018 3198 baeres.'.
1063 3148 1180 3198 Hoc
1197 3155 1278 3198 est
1296 3164 1363 3198 ex

315 3226 393 3274 12.
414 3224 606 3285 unciis,
630 3224 739 3273 sive
763 3238 829 3273 ex
854 3230 979 3275 toto.
1012 3223 1243 3273 Mediam
1270 3225 1362 3287 igi·

315 3305 395 3348 tur
409 3300 726 3350 baereditatis
747 3307 969 3365 partem,
982 3302 1122 3365 quasi
1142 3301 1363 3351 medium

315 3388 497 3436 assem,
545 3376 806 3426 semissem
846 3391 1133 3440 vocavere3
1179 3386 1366 3442 quarta

315 3464 431 3514 pars
453 3452 564 3501 sive
587 3460 695 3501 tres
730 3452 914 3514 unciae,
936 3453 1189 3517 quadrans
1213 3470 1227 3515 ;
1262 3463 1366 3503 ter·

316 3527 387 3576 tia
407 3528 517 3577 sive
542 3537 763 3592 quatuor
784 3530 969 3590 unciae,
987 3531 1146 3579 triens
1164 3529 1373 3579 diceba·

318 3609 417 3652 tur.
503 3603 749 3654 Dodrans
808 3619 929 3655 vero
980 3606 1192 3667 dicitur,
1227 3607 1373 3670 quasi

316 3678 461 3729 deest
526 3681 803 3745 quadrans,
854 3681 917 3730 ad
965 3688 1127 3744 totum
1186 3698 1372 3747 nempe

317 3756 671 3821 complendum
708 3772 891 3819 assem,
913 3773 1013 3822 qua
1044 3761 1243 3809 ratione
1268 3761 1375 3810 Oc-

316 3835 506 3894 tavius,
539 3847 604 3881 ex
640 3832 949 3882 haereditste
983 3835 1111 3885 Julii
1136 3836 1373 3895 Caesaris,

317 3916 423 3957 tres
464 3908 782 3974 quadrantes
822 3909 1108 3974 obtinebat,
1153 3914 1251 3964 hoe
1294 3922 1374 3964 est

320 3985 498 4035 uncias
517 4000 606 4035 seu
626 3985 952 4036 haereditatis
975 3998 1150 4050 partes
1165 4006 1375 4053 novem3

322 4061 563 4113 Pinarius
586 4074 753 4113 autem
774 4072 827 4113 et
850 4065 1064 4130 Pedius„
1085 4069 1236 4118 ambo
1250 4084 1374 4119 non-

323 4140 415 4188 nisi
437 4148 545 4190 tres
569 4142 765 4203 uncias,
786 4156 910 4206 quas
937 4145 1145 4206 proprio
1171 4145 1376 4196 nomine

323 4217 665 4282 quadrantem
692 4219 977 4283 appellavit
998 4220 1289 4272 Suetonius.

382 4299 402 4325 ¹
442 4294 673 4359 Reliqua:
710 4295 959 4359 [reliquos]
1005 4297 1057 4346 in
1100 4296 1219 4360 ima]
1256 4299 1374 4363 Lip-

321 4368 423 4420 sius
447 4371 614 4422 Elect.
651 4371 742 4422 lib.
762 4386 803 4423 1.
838 4387 953 4438 cap.
978 4377 1061 4426 20.
1092 4373 1168 4425 sie
1189 4375 1375 4427 distin·

1439 1921 1701 1983 quadrante
1734 1918 1930 1982 reliquo.
1995 1918 2161 1970 Quem
2198 1923 2379 1967 contra
2408 1931 2497 1966 co·

1440 1995 1582 2045 dices
1630 2009 1822 2051 omnes,
1862 1996 2192 2058 et'vulgatas
2239 1992 2503 2043 editiones

1444 2074 1678 2137 sequitur
1710 2072 1928 2122 Casaub.
1950 2086 2064 2121 cum
2096 2071 2397 2132 Torrentio,
2436 2078 2497 2119 ut

1443 2149 1511 2198 sit
1563 2163 1760 2212 sensus,
1792 2149 2041 2214 reliquum
2089 2164 2153 2198 ex
2188 2148 2498 2198 haereditate

1445 2225 1783 2291 quadrantem
1809 2225 1908 2275 illis
1947 2241 2270 2287 concessum,
2306 2225 2388 2274 vel
2411 2224 2497 2274 ad·

1446 2301 1528 2351 dit
1548 2302 1756 2366 aliosque
1776 2302 1828 2351 in
1846 2302 1942 2351 ima
1964 2318 2087 2363 cer-a,
2104 2305 2186 2365 dfe.
2224 2307 2282 2351 ut
2302 2302 2366 2350 de
2383 2300 2505 2350 sub·‘
2576 2307 2587 2328 ⁸

1445 2378 1801 2428 stitutionibus
1824 2378 2165 2441 intelligatur,
2198 2392 2271 2427 eae
2305 2376 2500 2442 quippe

1447 2454 1497 2505 in
1553 2451 1785 2505 inferiori
1843 2455 2175 2519 utplurimum
2216 2453 2499 2504 tabularum

1449 2541 1600 2597 parte
1645 2533 2021 2583 scribebantur.
2119 2530 2272 2580 Unde
2328 2530 2501 2594 potius

1447 2611 1611 2660 multo
1636 2610 1861 2671 videtur,
1882 2610 1952 2658 nil
1989 2610 2259 2675 quicquam
2283 2614 2502 2669 mutato,

1448 2691 1463 2715 ⁸
1483 2685 1707 2750 reliquos
1724 2685 1739 2708 '
1754 2686 1934 2735 eodem
1955 2700 2105 2735 sensu
2129 2692 2285 2749 atque
2306 2687 2321 2713 ⁴
2338 2682 2503 2744 alios‚’

1450 2762 1743 2825 relinquere
1770 2777 1784 2810 ι
1822 2775 1914 2823 per
1947 2776 2002 2810 se
2031 2762 2226 2825 quippe
2271 2759 2396 2809 satis
2427 2759 2501 2807 in·

1451 2838 1703 2901 telligitur
1759 2851 2028 2901 superesse
2086 2835 2501 2903 quadrans,*do·l

1448 2914 1632 2964 drante
1656 2914 1848 2964 demto.

1513 2999 1532 3023 ⁸
1568 2991 1715 3055 Cera]
1749 2992 1865 3042 Hae
1888 2991 2031 3042 illitae
2053 2989 2263 3041 fuerunt
2295 2990 2503 3053 tabulae,

1450 3068 1639 3134 quibus
1664 3075 1979 3118 testamenta
1999 3066 2378 3118 describebant.

1505 3146 1524 3178 ²
1553 3143 1835 3208 Adoptauit]
1882 3143 2000 3193 Hoc
2038 3151 2119 3195 est
2159 3143 2210 3192 in
2251 3141 2500 3213 familiam

1443 3237 1587 3272 suam
1627 3222 1848 3272 ascivitt
1890 3235 1988 3271 nec
2023 3222 2178 3285 enim,
2217 3221 2260 3270 si
2295 3235 2404 3270 rem
2439 3218 2504 3268 ad

1444 3301 1653 3351 strictos
1667 3299 1804 3363 juris
1829 3298 2003 3362 apices
2027 3297 2509 3361 revocaveris,pro-

1446 3379 1562 3442 pria
1582 3379 1696 3427 haee
1717 3376 1888 3427 fuerat
1912 3375 2157 3440 adoptio:
2197 3375 2317 3439 quia
2332 3375 2508 3438 legan-

1452 3455 1504 3503 di
1531 3454 1690 3504 verbo
1715 3453 1769 3502 in
1800 3453 1919 3518 lege
1943 3456 2022 3501 12.
2060 3451 2369 3510 tabularum,
2391 3464 2506 3514 quae

1455 3536 1877 3580 testamentorum
1912 3528 2001 3590 jus
2040 3526 2506 3589 constituit,adop·

1453 3608 1625 3656 tiones
1668 3617 1768 3653 non
1808 3600 2194 3665 significantur3
2228 3598 2318 3649 sed
2353 3604 2410 3648 ut
2452 3613 2507 3647 a·-

1457 3680 1733 3746 doptiones
1761 3676 2024 3743 ‚ejusmodi
2070 3690 2307 3725 verarum
2345 3675 2510 3724 instar

1454 3764 1808 3818 censerentur,
1843 3754 2068 3804 debebat
2109 3754 2151 3802 is
2194 3752 2280 3817 qui
2321 3752 2510 3802 nomen

1455 3836 1594 3886 ferre
1629 3836 1803 3900 jussus
1855 3837 1992 3892 erat,
2037 3829 2210 3879 delato
2255 3827 2397 3893 prius
2440 3831 2504 3878 ad

1455 3913 1743 3961 Praetorem
1765 3906 2030 3956 Urbanum
2056 3913 2385 3968 testamento,
2419 3906 2513 3971 ob·-

1456 3989 1623 4038 tinere
1663 3986 1876 4047 insuper
1908 3996 1938 4031 a
1973 3983 2185 4046 populo,
2220 3982 2335 4045 lege
2359 3982 2509 4032 Curi-

1456 4071 1561 4120 ata,
1583 4060 1663 4127 (et
1700 4057 2018 4124 postmodum
2050 4057 2113 4107 ab
2136 4058 2507 4123 Iuiperatore,)

1456 4147 1514 4189 ut
1538 4138 1636 4187 sibi
1661 4137 1710 4185 in
1745 4133 1980 4184 defuncti
2018 4133 2281 4197 familiam,
2301 4136 2504 4184 nomine

1454 4222 1674 4279 mutato,
1690 4212 1906 4263 transire
1923 4211 2125 4263 liceret.
2191 4211 2340 4261 Quod
2365 4219 2419 4260 et
2439 4211 2505 4259 ab

1451 4296 1566 4360 ipso
1611 4292 1847 4356 Augusto
1892 4291 2176 4354 praestitum
2220 4296 2317 4345 est,
2361 4288 2504 4337 anni-

1453 4377 1597 4425 tente
1631 4375 1831 4435 contra,
1852 4371 2094 4433 quantum
2130 4366 2318 4430 potuit,
2340 4363 2502 4413 Anto·
