3019 4922
1194 416 1618 467 notuimus.
2385 408 2503 473 341

337 564 489 648 [75]
536 562 777 628 Festos
825 569 899 628 et
937 562 1241 628 solennes
1284 561 1428 628 dies
1466 563 1951 647 profusissime,
1995 583 2464 650 nonnunquam
2490 563 2513 601 ¹

336 672 585 729 tantum
598 662 1046 748 joculariter-‚⁹
1074 664 1533 731 celebrabat.¹⁰
1580 664 2104 744 Saturnalibus}
2131 675 2197 734 et
2224 669 2284 733 si
2302 688 2509 752 quan-

335 766 421 830 do
452 767 626 831 alias
673 767 1001 845 libuisset,
1029 766 1227 831 modo
1257 786 1526 832 munera
1572 766 1944 847 dividebat,
1988 778 2264 849 vestem,
2293 776 2360 835 et
2388 790 2509 836 au-

334 889 498 947 rum,
538 875 603 934 et
644 878 1025 952 argentum:
1070 870 1271 935 modo
1320 889 1629 935 nummos
1658 872 1874 935 omnis
1911 880 2135 949 notae,¹
2167 875 2364 938 etiam
2396 894 2510 939 ve-

335 983 507 1036 teres
536 969 800 1056 regios¹¹
829 992 908 1037 ac
940 974 1361 1058 peregrinos:
1407 972 1734 1039 interdum
1777 973 1942 1038 nihil
1975 981 2220 1059 praeter
2245 963 2510 1060 cilicia¹

1243 1151 1448 1172 OOONN
1455 1152 1602 1172 ‘0000

335 1268 497 1318 roald.
520 1267 659 1326 visis,
675 1268 769 1333 'qui
789 1268 941 1318 ludios
960 1283 1025 1318 ex
1049 1268 1150 1319 illis
1171 1268 1334 1318 edidit
1354 1267 1657 1319 Mediolani.
1712 1268 1838 1319 Cum
1870 1268 2113 1322 Beroald.
2147 1269 2223 1318 ita
2253 1270 2513 1324 dederunt

332 1334 549 1384 Mediol.
574 1339 620 1383 1.
642 1334 775 1384 Ven.
795 1339 845 1384 2.
869 1339 917 1383 3.
942 1333 1089 1385 Cald.
1112 1335 1228 1384 Bas.
1252 1335 1431 1384 Colon.
1454 1334 1657 1398 Gryph.
1690 1338 1835 1384 1644.
1873 1342 1928 1384 et
1967 1343 2083 1398 post
2107 1336 2272 1385 Torr.·
2288 1337 2511 1401 conject-

331 1414 434 1449 non
474 1414 655 1448 novam
701 1399 877 1448 recudi
921 1400 995 1449 sie
1034 1400 1234 1449 curavit
1274 1398 1495 1449 Casaub.
1539 1398 1822 1462 ceterique.
1890 1400 2016 1449 Mox
2044 1400 2349 1464 frequentius
2379 1415 2511 1455 ‘cunt

330 1465 543 1514 Memm.
568 1464 690 1514 Lisl.
713 1464 828 1513 Pal.
845 1469 893 1514 2.
913 1469 962 1515 3.
986 1472 1202 1528 quatuor
1226 1465 1374 1515 Torr.
1398 1465 1516 1513 Pin.
1537 1472 1593 1513 et
1609 1465 1740 1527 aliis,
1758 1479 1873 1513 cum
1893 1464 2027 1514 Edd.
2053 1464 2199 1513 Rom.
2222 1472 2276 1515 et
2298 1467 2514 1531 Rapbel.

331 1530 548 1579 retinuit
594 1528 732 1580 Oud.
801 1530 864 1579 In
909 1530 1096 1580 ceteris
1134 1530 1263 1579 Mss.
1300 1537 1355 1579 et
1400 1529 1533 1578 Edd.
1556 1528 1952 1593 frequentissime.
2007 1530 2234 1581 Harlem.
2271 1537 2358 1581 aut
2381 1533 2514 1598 freq.

329 1595 499 1644 Periz.
521 1598 605 1644 aut
616 1593 917 1659 frequentius
937 1609 1053 1645 cum
1078 1596 1209 1656 Con.
1230 1610 1258 1642 a
1282 1610 1349 1644 m.
1375 1609 1453 1657 pr.
1500 1595 1632 1643 Tum
1652 1597 1916 1655 aretatngos
1934 1593 2231 1644 Edd.·Rom.
2249 1597 2511 1660 arethalog.

330 1661 472 1710 Cort.
495 1662 723 1721 aretalog.
744 1659 900 1709 Vind.
924 1664 1070 1709 1.-9
1103 1661 1322 1710 Casaub.
1347 1659 1605 1710 scribend.
1631 1661 1793 1709 voluit
1819 1659 2000 1723 prasus.
2021 1675 2365 1724 nonnunquam,
2392 1678 2508 1713 noa-

325 1724 666 1790 nunquamjoc.
686 1730 787 1774 tan.
811 1726 899 1774 sed
924 1725 1009 1775 alii
1035 1739 1276 1775 monuere
1300 1740 1474 1775 vocem
1496 1739 1732 1789 nonnunq.
1765 1725 1930 1786 repeti
1968 1725 2176 1786 debere,
2205 1740 2306 1774 non
2331 1729 2509 1790 expri-

328 1793 416 1839 mi.
483 1791 589 1840 Alii
613 1790 679 1839 al.
700 1790 812 1840 ord.
821 1790 921 1851 joc.
943 1795 1069 1841 tant.
1091 1792 1235 1841 Cort.
1257 1797 1411 1840 tamen
1433 1789 1663 1849 joa—to
1702 1788 1961 1838 Exercebat
1995 1789 2140 1840 Huls.
2165 1790 2319 1840 vind.
2344 1796 2394 1841 2.
2417 1792 2510 1842 sed

330 1855 381 1905 iu
407 1870 570 1920 marg.
590 1855 757 1905 celebr.
809 1857 972 1905 Deest
991 1856 1036 1904 si
1056 1856 1108 1905 in
1132 1857 1230 1908 Etl.
1250 1855 1551 1920 Gryph.—1
1588 1854 1737 1905 Huls.
1758 1854 1955 1904 omittit
1973 1859 2117 1919 nota,
2136 1864 2191 1905 et
2214 1869 2332 1905 mox
2354 1858 2511 1920 regios

1318 2057 1366 2108 N
1372 2057 1531 2108 01·AE

331 2183 493 2233 genus
514 2170 744 2222 homines
768 2173 819 2222 in
844 2172 996 2223 Circo
1033 2173 1380 2230 morabantur,
1462 2171 1751 2222 casauboni
1773 2180 1997 2223 mentem
2020 2171 2228 2224 firmare
2244 2172 2481 2223 videatur
2495 2189 2512 2223 ε

328 2241 538 2295 fallacia
566 2261 658 2297 sua
678 2248 979 2299 stolidorum
1006 2251 1237 2313 pecuniis
1259 2252 1381 2300 insi·
1461 2250 1683 2301 adhibiti
1722 2250 1972 2315 siquidem
1996 2249 2412 2316 frequentissime
2434 2250 2511 2299 di·

330 2322 565 2373 dientes:
591 2324 728 2374 unde
752 2325 1000 2376 Horatius
1021 2326 1040 2355 ⁴
1061 2327 1268 2377 Circum
1287 2326 1382 2376 fal·
1460 2334 1648 2377 cuntur
1671 2327 1939 2389 aretalogi.

331 2398 522 2449 lacem'
538 2401 697 2452 dicit:
716 2403 731 2429 ‘
749 2403 1005 2454 Fallacem
1025 2404 1251 2469 Circum,
1268 2420 1380 2455 ves·
1476 2431 1481 2434 -
1526 2400 1549 2434 s
1576 2402 1944 2468 Nonnunquam]
1961 2403 2173 2468 Repetit
2187 2402 2316 2451 banc
2332 2415 2512 2451 vocem

330 2480 690 2545 pertinumque
732 2495 943 2546 pererro
985 2483 1136 2546 Saepe
1177 2480 1381 2539 forum?
1463 2480 1792 2531 Casaubonus
1829 2483 1943 2532 ‘ltoc
1987 2482 2155 2545 modo,
2196 2480 2517 2544 profusissime

329 2557 427 2604 ἃς.
1459 2572 1806 2622 nonnunquam,
1849 2573 2177 2621 nonnunquam
2215 2557 2518 2620 joculariter,

391 2640 416 2667 ⁸
445 2633 751 2700 Aretalogoa]
772 2635 1107 2686 casaubonus
1129 2634 1198 2684 ab
1216 2634 1378 2698 ἀρετὴ,
1458 2636 1540 2696 ξε.
1573 2650 1672 2698 qua
1705 2649 1831 2684 sane
1866 2634 2139 2686 omissione
2181 2635 2379 2698 phrasis
2417 2635 2515 2685 im·

328 2709 425 2762 boc
447 2720 530 2762 est
551 2713 722 2770 uinus,
746 2721 800 2763 et
821 2712 984 2776 λόγος,
1004 2713 1101 2762 boc
1126 2719 1205 2763 est
1226 2727 1379 2762 sermo

333 2786 580 2849 deducit;
624 2798 681 2839 ut
726 2790 760 2839 ii
805 2791 1161 2853 intelligantur
1194 2788 1384 2853 garruli

328 2863 535 2928 quidam
553 2868 666 2914 etin
678 2867 1076 2916 ostentationem
1093 2866 1384 2916 virtutislo-

332 2955 524 3006 quaces
540 2940 974 3006 Philosophi,qui,
988 2956 1103 2992 cum
1118 2942 1315 2991 scholas
1327 2948 1383 2992 et

329 3024 620 3066 sectatores
663 3031 761 3066 non
804 3019 1073 3080 haberent,
1116 3019 1383 3068 beatorum

330 3093 572 3142 convivia
600 3091 1019 3158 frequentabant,
1037 3096 1189 3145 variis
1211 3110 1300 3146 eos
1316 3095 1384 3144 de

329 3171 526 3220 virtute
565 3177 619 3221 et
658 3171 785 3221 vitio
821 3171 1258 3235 disputationibus
1293 3173 1383 3223 ob-

327 3248 626 3309 lectantes;
648 3248 823 3313 quales
844 3248 1030 3298 multos
1051 3250 1209 3300 fuisse
1226 3249 1383 3314 Cyni·

328 3341 405 3376 ω
447 3326 738 3390 presertim
783 3335 836 3375 et
871 3327 1059 3376 Stoicae
1100 3335 1280 3389 sectae,
1315 3342 1382 3376 ex

329 3402 528 3453 Laiirtii
554 3405 841 3468 presertim
864 3412 917 3453 et
943 3405 1156 3454 Luciani
1179 3405 1382 3466 scriptis

327 3486 552 3531 constat.
634 3480 902 3530 Turnebus
954 3480 1381 3530 Adversariorum

329 3557 463 3607 libro
488 3570 544 3606 x.
568 3571 615 3606 c.
638 3560 718 3605 12.
740 3557 806 3607 ab
829 3555 1048 3621 ἀρεστὸν,
1069 3557 1165 3604 hoc
1188 3563 1268 3606 est
1280 3558 1382 3620 pla·

327 3638 677 3697 camputtam,
698 3635 780 3695 &e-
811 3641 871 3683 ut
893 3633 1252 3697 intelligantur
1271 3646 1385 3682 are-

329 3710 493 3773 talogi
537 3717 842 3773 nugatorum
881 3710 1133 3760 duntaxat
1175 3709 1385 3775 aliquod

316 3802 508 3851 genus,
519 3787 674 3837 risum
690 3785 888 3837 fabellis
907 3795 965 3837 et
974 3788 1280 3838 acroamatis
1297 3802 1386 3837 ex·

328 3866 622 3916 citantium.
689 3864 822 3915 Utut
844 3872 940 3928 est,
974 3865 1150 3913 borum
1187 3880 1387 3931 quoque

330 3943 567 3994 meminit
581 3942 851 3994 Juvenalis
871 3941 1044 3990 Satira
1060 3954 1135 3990 vt.
1175 3942 1192 3970 ‘
1211 3941 1387 3992 Risum

332 4021 557 4071 fortasse
579 4017 882 4084 quibusdam
905 4018 1150 4067 Moverat
1170 4024 1230 4065 ut
1245 4031 1387 4066 men·

333 4099 433 4150 dax
455 4095 792 4159 aretalogus.’
861 4096 930 4144 Et
951 4092 1086 4143 iufra
1105 4093 1220 4142 Tib.
1242 4108 1290 4144 c.
1305 4098 1388 4145 61.

332 4176 494 4226 Certe
523 4173 670 4223 Philo
692 4170 949 4234 legatione
973 4169 1038 4219 ad
1064 4169 1243 4218 Caium
1267 4184 1385 4218 nar·

334 4259 415 4299 rat
432 4250 721 4311 Augustum
746 4261 903 4308 super
925 4259 1122 4296 coenam
1145 4245 1384 4295 Philoso-

334 4327 549 4393 phorum
582 4325 842 4390 colloquio
876 4323 1213 4390 delectatum,
1248 4324 1385 4390 quod

1461 2708 1701 2774 perfecta
1727 2710 1976 2760 videatur.

1524 2793 1551 2831 Ι
1581 2786 1936 2853 Saturnalibus]
1970 2786 2087 2837 Quo
2109 2785 2193 2836 die
2214 2786 2370 2836 xenia
2392 2786 2512 2837 mit-

1463 2864 1649 2915 tebant
1683 2864 1748 2913 ad
1790 2879 1901 2914 sese
1923 2864 2145 2914 invicem
2168 2879 2284 2914 cum
2308 2866 2516 2915 lemma·

1465 2943 1550 3004 tis,
1570 2942 1667 2993 hoc
1691 2948 1772 2993 est
1796 2942 1964 2993 titulis
1986 2943 2087 2992 illis
2104 2943 2315 3006 jocosis,
2335 2950 2391 2992 et
2413 2941 2517 2993 fes·

1465 3019 1645 3069 tivlter
1665 3019 1931 3083 ambiguis,
1950 3020 2015 3069 de
2029 3020 2211 3085 qulbus
2226 3021 2327 3071 bie.
2376 3020 2517 3073 Quin

1464 3102 1521 3146 et
1543 3110 1718 3146 servos
1741 3096 1901 3146 libere
1925 3111 2082 3161 agere
2105 3097 2194 3146 illo
2216 3108 2446 3162 tempore
2461 3105 2522 3161 et¹

1465 3173 1519 3223 in
1560 3174 1707 3239 pileis
1748 3188 1862 3224 esse
1901 3175 2145 3238 sinerent,
2186 3189 2303 3240 cap.
2340 3178 2421 3223 32.
2462 3179 2519 3223 et

1463 3254 1549 3300 71.

1515 3324 1540 3359 ¹³
1562 3326 1766 3389 Regios]
1784 3326 2067 3376 Sabellicus
2089 3326 2156 3375 de
2178 3326 2385 3389 regibus
2399 3339 2517 3389 per-

1463 3401 1654 3464 egrinis
1679 3402 2065 3464 intelligendum
2102 3402 2377 3462 existimat,
2417 3402 2518 3450 Ro-

1463 3491 1728 3527 manorum
1747 3492 1922 3541 regum
1942 3492 2171 3526 nummos
2187 3477 2376 3526 habere
2399 3476 2517 3525 ideo

1463 3568 1565 3606 non
1589 3554 1816 3619 potuisse
1832 3555 2127 3614 arbitratus,
2142 3553 2272 3618 quod
2292 3551 2516 3601 nondum

1464 3646 1642 3683 eorum
1667 3631 1981 3695 temporibus
2005 3630 2260 3694 signatum
2286 3636 2422 3678 esset
2436 3643 2517 3677 ar·

1464 3715 1694 3775 gentum.
1763 3706 1867 3758 Sed
1900 3707 2220 3756 Torrentium
2252 3707 2403 3768 longe
2427 3717 2519 3768 po·

1464 3788 1568 3838 tius
1582 3786 1847 3850 audierim,
1864 3784 2117 3835 dicentem
2134 3795 2364 3831 nummos
2378 3779 2518 3844 ejus·

1467 3864 1607 3914 modi
1629 3876 1731 3913 non
1746 3860 1981 3920 materia,
1993 3859 2089 3909 ‘sed
2108 3865 2365 3908 vetustate
2383 3856 2520 3907 aesti·

1468 3938 1705 3998 mundos,
1725 3938 1760 3987 ii
1784 3935 2052 4003 siquidem,
2076 3941 2133 3983 ut
2154 3933 2405 3997 hodieque
2441 3930 2521 3993 fit,

1466 4017 1713 4066 mercium
1753 4014 1919 4063 instar
1948 4010 2313 4062 vendebantur.
2380 4009 2516 4060 Con·

1468 4099 1572 4143 stat
1595 4100 1788 4154 autem,
1810 4090 1992 4139 Servio
2026 4094 2297 4152 regnante,
2321 4101 2391 4136 aes
2415 4087 2520 4136 Ro·'

1467 4187 1565 4220 mae
1594 4183 1912 4233 percussum,
1946 4167 2065 4230 quin
2105 4170 2159 4215 et
2195 4164 2382 4214 scortei
2420 4163 2514 4226 lig·

1465 4247 1653 4312 neique
1675 4245 1864 4295 nummi
1890 4244 2078 4307 populo
2104 4258 2136 4291 a
2172 4242 2341 4292 Numa
2364 4238 2515 4287 divisi

1469 4326 1728 4389 leguntur.
1796 4321 1894 4373 Cui
1930 4319 2134 4372 accedit
2162 4317 2299 4383 quod
2323 4313 2518 4365 frustra
