3019 4922
499 445 627 513 178
1367 450 1428 496 e.
1473 439 1831 496 sun'ronn

498 612 976 698 opinatumque
1031 596 1443 687 praetulerat.
1529 592 1691 674 [88]
1732 590 1942 657 Periit
2000 592 2200 654 sexto
2248 590 2317 651 et
2374 584 2702 670 quinqua·

504 714 760 800 gesimo
791 707 1010 775 aetatis
1040 724 1218 770 anno
1239 709 1304 769 :⁰
1348 706 1552 785 atque
1581 697 1649 762 in
1683 698 1985 762 Deorum
2015 710 2359 758 numerum
2381 697 2409 738 P
2449 687 2699 753 relatus

502 823 627 895 est,
658 833 791 880 non
824 817 987 878 ore⁴
1013 809 1211 874 modo
1238 803 1752 881 decernentium,
1794 799 1916 865 sed
1944 806 2012 863 et
2038 795 2466 882 persuasione
2496 792 2703 874 vulgi.
2805 829 2812 836 -

501 918 850 1005 Siquidem
896 914 1100 992 ludis,
1132 931 1307 996 quos
1352 908 1571 993 primo
1618 909 2086 973 consecratos⁵
2141 901 2254 966 ei‘l
2296 898 2515 964 haeres
2557 895 2701 962 Au-

501 1028 740 1109 gustus
766 1020 1034 1096 edebat,
1083 1014 1289 1081 stella
1317 1012 1562 1078 crinita
1585 1018 1607 1045 ¹
1649 1030 1772 1094 per
1806 1014 2069 1092 septem
2116 1004 2261 1069 dies
2291 1001 2649 1068 continuos
2677 997 2707 1040 ⁶

497 1127 712 1204 fulsit,
744 1123 1061 1190 exoriens
1105 1113 1737 1184 circa'undecimam
1763 1112 1999 1177 horam
2028 1131 2043 1172 ε
2090 1104 2543 1188 creditumque
2572 1107 2702 1179 est,
2745 1185 2748 1188 Δ

501 1232 795 1296 animam
826 1245 979 1292 esse
1012 1222 1306 1289 Gaesaris
1355 1220 1424 1284 in
1453 1218 1706 1285 coelum
1733 1214 2030 1299 recepti:
2077 1218 2149 1275 et
2192 1211 2316 1275 hac
2360 1207 2448 1272 de
2490 1223 2704 1270 causa

503 1332 864 1398 simulacro
896 1329 1047 1414 ejus
1077 1328 1147 1391 in
1177 1322 1471 1390 vertice·
1516 1318 1778 1385 additur
1804 1317 2023 1383 stella.
2116 1312 2411 1389 curiam,
2453 1311 2522 1375 in
2566 1325 2703 1392 qua

1417 1511 1449 1529 o
1452 1503 1778 1530 eeeeeeeeeee

503 1630 634 1680 Mox
653 1629 943 1692 subitamque
969 1628 1127 1676 Foue-
1155 1630 1293 1676 παι-ιο
1314 1624 1470 1675 vind.
1503 1629 1553 1674 1.
1586 1631 1641 1674 et
1672 1621 1931 1686 Lapidium
1971 1618 2219 1668 Huls.—-⁴
2252 1616 2382 1667 Eru.
2414 1612 2705 1664 arbitratur

502 1695 651 1745 Suet.
669 1695 937 1757 scripsisse
953 1693 1143 1742 honore.
1213 1690 1274 1739 In
1299 1690 1449 1739 Huls.
1471 1690 1765 1739 hominm-5
1800 1688 1955 1737 Torr.
1978 1699 2046 1734 ex
2066 1684 2195 1733 Mss.
2215 1680 2371 1730 duob.
2397 1678 2603 1742 legend.
2616 1691 2706 1726 vo-

504 1763 606 1810 }uit
623 1761 803 1824 primos
824 1759 1108 1822 consecrato,
1138 1762 1194 1806 et
1225 1756 1302 1806 ita
1323 1755 1419 1804 Ed.
1444 1756 1567 1804 Bas.
1593 1757 1739 1805 1646.
1763 1766 1983 1817 eamque
2017 1748 2356 1799 mutationem
2384 1745 2706 1794 admiserunt

505 1827 685 1875 Graev.
724 1826 886 1876 Gron.
920 1826 1096 1873 Burm.
1130 1824 1256 1872 Ern.
1288 1822 1379 1870 sed
1414 1820 1604 1870 omnib.
1640 1819 1793 1869 codd.
1826 1817 2133 1867 adversatur
2166 1828 2229 1864 ea
2262 1811 2439 1871 lectio,
2478 1817 2707 1871 excepto

505 1893 698 1955 Copes.
740 1900 794 1939 et
841 1890 936 1939 Ed.
974 1889 1159 1952 Stepli.
1197 1889 1249 1937 iu
1273 1886 1456 1951 quibus
1471 1887 1650 1949 primos
1670 1889 1975 1944 consecratos,
1996 1888 2051 1931 et
2076 1878 2349 1943 repudiata
2372 1883 2452 1927 est
2475 1876 2540 1923 ab
2564 1874 2706 1924 Oud.

503 1956 664 2006 Wolf.
688 1964 743 2005 et
769 1957 1084 2018 Baumg.—6
1118 1954 1264 2002 Com.
1284 1953 1385 2003 dies
1405 1953 1568 2001 Fouc.
1591 1951 1786 2016 Medic.
1809 1948 1965 1998 vind.
1988 1952 2037 1997 2.
2059 1948 2204 1996 Cort.
2220 1945 2373 1994 Voss.
2395 1940 2531 1991 Edd.
2557 1941 2707 1990 Rom.

505 2023 639 2087 quod
657 2020 1013 2071 excudendum
1032 2020 1231 2069 curavit
1250 2018 1391 2069 Oud.
1441 2018 1574 2068 Mox
1596 2023 1665 2065 est
1688 2016 1872 2065 deerat
1892 2013 2118 2064 Rhed.2.
2140 2018 2196 2060 et
2217 2023 2316 2062 esse
2335 2008 2526 2074 cujac..
2569 2005 2707 2056 Item

1503 2180 1721 2231 NOTAE

570 2306 594 2331 ⁰
627 2298 778 2348 Sexto
800 2304 848 2348 et
877 2296 1258 2361 quiuquagesimo
1290 2296 1452 2346 aetatis
1479 2312 1565 2346 an·

504 2377 590 2442 uo]
627 2376 704 2425 Ut
727 2385 901 2426 autem
921 2376 1023 2426 duo
1047 2376 1167 2425 belli
1192 2373 1430 2432 fulmina,
1451 2374 1567 2423 Coe-

506 2468 593 2502 sar
609 2459 664 2503 et
684 2452 881 2518 Scipio,
904 2452 1086 2502 eodem
1105 2452 1202 2502 hoc
1221 2451 1392 2500 aetatis
1417 2464 1571 2513 anuo,

434 2536 438 2548 '
507 2532 583 2580 sic
606 2538 659 2580 et
683 2530 785 2580 duo
807 2530 1059 2581 doctrinoe
1086 2530 1296 2594 lumina,
1319 2528 1568 2593 Virgilius

504 2615 561 2657 et
617 2608 819 2659 Plinius
877 2608 1075 2669 obiere,
1119 2608 1192 2675 ait
1228 2605 1567 2666 Torrentius3

503 2685 593 2734 sed
639 2693 695 2736 et
735 2685 1002 2749 Romulus,
1034 2684 1319 2749 Pompeius
1353 2684 1481 2748 ipse,
1515 2690 1569 2733 et

510 2760 769 2812 Antonius
799 2761 1074 2819 Triunmir,
1112 2760 1204 2811 hos
1251 2774 1410 2810 annos
1456 2759 1568 2810 nati

503 2839 724 2903 periere,
745 2842 846 2890 διο.
864 2853 1018 2906 quem
1041 2853 1230 2888 annum
1253 2837 1568 2887 climacteri-

502 2931 621 2967 cum
643 2917 807 2977 aiunt,
822 2923 1037 2981 propter
1060 2915 1460 2980 multiplicatum
1483 2929 1569 2964 oe·

506 2993 606 3042 ,ties
633 2993 1006 3057 septenarium.
1454 3012 1457 3017 ·
1525 3033 1527 3038 .

508 3096 514 3100 ·
567 3078 595 3111 Ρ
629 3072 690 3120 In
735 3071 946 3121 Deorum
980 3071 1246 3136 numerum]
1306 3067 1442 3118 Haec
1487 3075 1571 3118 est

505 3147 719 3196 illatam
754 3148 975 3198 celebris
1013 3149 1381 3212 imperatorum
1404 3144 1573 3197 ἀποθέ-

507 3242 638 3282 ωσις,
701 3226 1058 3288 consecrati03
1109 3225 1259 3290 cujus
1302 3225 1465 3276 honor
1508 3225 1574 3274 ad

460 3370 463 3371 ⁷
507 3305 769 3354 Caesarem
800 3318 964 3369 usqne
988 3303 1076 3353 alii
1111 3318 1142 3352 a
1176 3303 1393 3353 Romulo
1414 3303 1578 3352 nemi·

506 3381 560 3430 ni
586 3380 796 3445 publice
820 3379 1138 3445 impertitus.
1169 3378 1426 3429 Privatim
1448 3394 1574 3430 vero

505 3471 608 3507 non
647 3457 838 3507 semel:
897 3464 1080 3507 auctor
1124 3456 1318 3523 quippe
1362 3457 1573 3506 Plutar-

505 3533 631 3582 chus
659 3533 708 3582 in
746 3534 948 3587 Quaest.
982 3535 1130 3584 Rom.
1169 3538 1416 3597 parentes
1446 3548 1577 3584 non-

505 3611 674 3661 nullos
718 3627 748 3660 a
782 3611 959 3661 liberis
998 3618 1348 3674 consecratos,
1380 3618 1436 3661 et
1482 3611 1571 3661 do·

506 3687 727 3737 mestica
748 3689 1001 3753 religione
1024 3688 1214 3748 cultos,
1245 3688 1381 3751 iique
1405 3695 1575 3749 erant,

504 3766 592 3829 qui
616 3765 632 3794 ‘
653 3766 895 3816 animales
920 3765 1014 3815 Dii
1030 3764 1045 3787 ’
1080 3763 1409 3824 dicebantur,
1433 3763 1570 3829 quod

509 3842 704 3891 animas
744 3843 974 3905 ipsorum
1020 3842 1073 3891 iu
1107 3843 1252 3892 Deos
1298 3854 1573 3890 conversas

509 3918 884 3968 existimarent.
954 3919 1110 3969 Unde
1145 3933 1262 3968 cum
1299 3917 1575 3981 imperato·

508 4010 592 4043 res
618 4001 794 4058 patres
834 3997 1021 4060 patriae
1062 3996 1383 4054 dicerentur,
1407 3994 1573 4058 publi-

509 4085 598 4120 cas
621 4085 824 4135 quoque
849 4073 1265 4122 consecrationes
1297 4071 1398 4120 illis
1423 4072 1574 4119 attri-

510 4147 621 4196 buit
645 4146 914 4209 adulati03
952 4149 1192 4212 exemplo
1232 4148 1569 4213 praesertim'a

506 4225 711 4275 Graecis
735 4224 913 4288 ducto,
945 4227 1033 4290 qui
1069 4227 1316 4290 peculiari
1350 4226 1569 4291 quadam

508 4299 845 4351 veneratione
935 4301 1166 4351 Heroum
1269 4304 1567 4351 memoriam

508 4377 959 4441 commendabant,
1013 4379 1149 4445 quod
1184 4380 1356 4429 Latini
1401 4380 1568 4434 multo

1649 2292 2064 2354 inverecundius,
2114 2297 2175 2340 ut
2223 2287 2298 2339 ait
2356 2281 2710 2345 Casaubonns,

1648 2385 1803 2437 quem
1827 2370 2059 2432 consule,
2096 2366 2153 2417 iu
2185 2367 2419 2416 Deorum
2441 2374 2711 2411 numerum

1649 2445 1856 2507 referri,
1924 2454 2015 2496 aut
2086 2440 2378 2494 consecrari
2448 2436 2713 2487 dixerunt.

1649 2523 1801 2577 Quod
1826 2522 2092 2587 Augustus
2114 2520 2165 2568 in
2192 2519 2400 2569 Caesare
2424 2522 2573 2579 patre
2595 2526 2713 2562 san-

1649 2602 1747 2651 xit.
1795 2600 1951 2650 Unde
1969 2597 2217 2649 Manilius
2241 2611 2255 2646 :
2276 2597 2292 2625 ‘
2311 2594 2428 2646 Jam
2442 2592 2571 2642 facit
2596 2592 2711 2653 ipse

1649 2680 1809 2741 Deos,
1858 2677 2123 2741 mittitque
2180 2674 2246 2723 ad
2304 2671 2477 2722 sidera
2519 2682 2714 2719 numen

1647 2755 1847 2820 Majus,
1868 2761 1922 2804 et
1944 2753 2183 2818 Augusto
2218 2749 2412 2801 crescit
2442 2747 2540 2799 sub
2574 2746 2714 2812 prin·

1649 2834 1769 2896 cipe
1785 2829 2009 2882 coelum!

1714 2918 1740 2953 ²1
1774 2909 1938 2959 Primo
1973 2911 2265 2958 consecratos
2295 2904 2368 2969 ei]
2399 2902 2502 2953 Alii
2525 2903 2713 2967 legunt

1647 2992 1933 3052 consecrato,
1957 2986 2042 3036 alii
2084 3000 2200 3049 quos
2231 2982 2427 3048 primos,
2445 2982 2529 3044 ase.
2598 2978 2713 3028 Hos

1649 3070 1820 3113 alitem
1843 3062 2039 3112 Veneri
2077 3058 2332 3125 genetrici
2363 3057 2583 3117 dicatos,
2622 3069 2713 3104 ex-

1649 3150 1808 3206 cepto
1831 3140 2096 3202 Suetonio,
2127 3137 2294 3188 ceteri
2330 3149 2509 3186 omnes
2528 3134 2675 3183 aiunt
2698 3150 2710 3180 =

1650 3233 1808 3284 quare
1856 3216 2151 3281 suspicatur
2184 3213 2519 3265 Casaubonus
2554 3209 2601 3259 ei
2634 3208 2715 3259 in·

1648 3295 1988 3360 telligendum
2029 3306 2144 3343 esse
2202 3305 2298 3355 pro
2345 3289 2404 3339 ab
2450 3303 2523 3350 eo,
2569 3285 2710 3352 quod

1652 3372 1778 3424 alias
1811 3387 1917 3422 non
1955 3370 2113 3420 semel
2155 3369 2240 3418 bic
2276 3372 2482 3416 auctora
2517 3363 2709 3413 multos

1651 3450 1787 3500 enim
1805 3447 2073 3512 Augustus
2090 3444 2320 3495 edendos
2326 3443 2573 3507 jusserat.
2604 3441 2711 3491 Sed

1651 3525 1776 3593 quid
1820 3526 1863 3575 si
1901 3525 2055 3590 primo
2092 3523 2138 3574 ei
2181 3521 2523 3586 intelligatur,
2564 3520 2713 3585 quasi

1651 3608 1821 3672 primo
1838 3613 1955 3670 post
1983 3603 2253 3654 Romulum
2272 3615 2302 3650 e
2325 3599 2567 3650 Romanis
2591 3613 2712 3649 con-

1652 3691 1861 3736 secrato
1884 3685 1903 3733 ?

1717 3769 1738 3795 ¹
1768 3761 1922 3810 Stella
1948 3756 2148 3821 crinita]
2203 3757 2442 3806 Cometes
2484 3751 2710 3810 videtur,

1651 3841 1720 3890 de
1759 3855 1862 3905 quo
1902 3836 2269 3900 intelligendus
2306 3832 2498 3898 virgil.
2530 3833 2713 3897 Eclog.

1654 3933 1737 3968 lx.
1772 3919 1787 3947 ‘
1817 3917 1956 3965 Ecce
1982 3913 2187 3964 Dionaei
2209 3911 2469 3976 processit
2492 3910 2711 3960 Caesaris

1651 3992 1886 4044 astrum)
1931 3990 2047 4045 Qua
2069 3997 2196 4040 nota
2218 3994 2275 4039 et
2289 3987 2484 4039 nummi
2503 3987 2711 4050 signati,

1650 4086 1767 4120 cum
1802 4084 1929 4119 voce
1966 4070 1982 4097 ‘
2000 4068 2162 4116 Divus
2183 4063 2392 4118 Julius!
2410 4105 2425 4115 .
2447 4063 2600 4113 Vide
2620 4064 2714 4114 Se·

1645 4159 1764 4197 nec.
1802 4146 1891 4196 lib.
1933 4157 2033 4194 vn.
2072 4142 2275 4194 Quaest.
2314 4140 2505 4191 Natur.
2541 4154 2593 4191 c.
2632 4144 2711 4190 1⁷.

1647 4233 1703 4275 et
1738 4226 1875 4275 Plin.
1900 4224 1988 4274 lib.
2010 4236 2076 4271 n.
2112 4235 2159 4270 c.
2182 4225 2263 4270 25.
2404 4219 2414 4224 “

1711 4310 1730 4335 ⁸
1762 4303 1826 4351 In
1860 4297 2059 4360 vertice]
2094 4298 2281 4363 Virgil.
2326 4294 2528 4346 AEneid.
2583 4309 2709 4346 vm.

1647 4385 1661 4408 ¹
1684 4379 2019 4443 Patriumque
2042 4376 2278 4438 aperitur
2297 4373 2496 4424 vertice
2529 4371 2714 4423 sidu-§.⁹
