3019 4922
482 361 611 429 286

1346 378 1409 426 C·
1455 377 1811 428 SUE'roNu

487 521 1013 590 coercitionem⁸
1065 520 1135 586 in
1188 522 1599 602 histrioneS,¹'
1647 523 2146 607 magistratibus
2184 524 2251 589 in
2297 525 2475 590 omni
2510 532 2676 591 tem-

484 646 649 709 pore
677 630 745 691 et
786 627 936 690 loco
977 626 1125 709 lege
1172 633 1396 692 vetere
1446 627 1861 711 permissam,
1913 628 2186 705 ademit,
2235 637 2680 713 praeterquam

484 719 661 792 ludis
692 734 758 793 et
786 737 1077 792 scena.⁹‘¹
1168 730 1317 794 Nec
1370 738 1595 794 tamen
1647 749 1727 795 co
1778 732 1997 796 minus
2060 738 2178 794 aut
2226 730 2684 815 xysticorum*

486 831 905 909 certationes,
957 836 1074 896 aut
1124 831 1562 914 gladiatorum
1617 852 1898 916 pugnae,
1947 834 2363 898 severissime
2422 850 2683 916 semper

1388 1047 1751 1068 OWNM“O

483 1196 765 1247 coertionem
800 1195 1011 1247 Memm.
1044 1196 1240 1247 Medic.
1271 1201 1319 1248 1.
1352 1195 1508 1246 Vind.
1532 1201 1580 1246 1.
1615 1195 1848 1246 Harlem.
1873 1194 2041 1245 Periz-
2067 1194 2178 1257 Cuj.
2203 1193 2338 1243 Edd.
2363 1194 2514 1245 Rom.
2537 1200 2591 1243 et
2614 1192 2684 1245 0.

487 1263 635 1312 Vett.
653 1275 814 1325 usque
836 1262 900 1310 ad
926 1263 1046 1310 Bas.
1064 1272 1118 1309 et
1142 1264 1321 1325 Steplt.

1390 1263 1519 1310 Tum
1541 1262 1848 1311 histrionibus
1869 1261 2020 1311 Huls.
2042 1267 2096 1309 et
2122 1274 2217 1308 vox
2242 1259 2294 1307 in
2314 1260 2490 1307 exulat
2512 1275 2542 1307 a
2567 1260 2682 1308 Me-

486 1327 646 1377 diceis
665 1327 877 1375 Memm.
901 1328 1017 1391 Cuj.
1040 1326 1194 1376 Viud.
1219 1332 1264 1376 1.
1288 1325 1421 1376 Edd.
1442 1327 1588 1376 Med.
1613 1326 1760 1375 Cald.
1827 1327 2097 1376 Praeterea
2119 1327 2255 1385 longo
2276 1338 2366 1386 pro
2388 1325 2485 1373 1000
2507 1324 2684 1390 Perit⁸⁴

487 1392 619 1456 Cop.
640 1391 835 1441 Medic.
856 1399 923 1441 tr.
937 1391 1089 1440 Vind.
1107 1397 1156 1441 2.
1174 1392 1316 1442 Cort.
1338 1392 1476 1440 Dun.
1495 1400 1551 1441 et
1569 1391 1704 1441 Edd.
1722 1392 1866 1440 Vett.
1888 1390 2136 1453 plurimae,
2160 1389 2316 1437 etiam
2334 1387 2458 1439 Seb.
2478 1388 2680 1452 Gryph-

485 1464 541 1505 et
567 1455 782 1506 Ant—9
813 1456 899 1505 Ita
917 1455 1292 1507 emendandum
1317 1457 1519 1506 censuit
1543 1456 1683 1518 Lips.
1709 1456 1772 1504 ad
1794 1456 1918 1505 Tac.
1955 1454 2090 1504 Anu.
2117 1469 2154 1503 1.
2182 1457 2263 1503 77.
2296 1452 2504 1503 favente
2529 1455 2682 1503 unico

484 1519 599 1570 cod.
622 1521 817 1581 Ursini,
836 1522 1235 1570 assentientibus
1264 1522 1410 1571 Torr.
1447 1521 1668 1570 Casaub.
1701 1521 1855 1572 Grut.
1893 1522 2015 1569 Ern.
2040 1526 2095 1567 et
2131 1518 2407 1582 plerisque.
2457 1518 2681 1567 Casaub.

485 1585 647 1635 sitasit
669 1586 825 1634 etiam
842 1592 1020 1648 proeter
1035 1588 1167 1635 ludos
1186 1593 1234 1636 et
1255 1602 1322 1635 sc.
1347 1586 1531 1635 Burm.
1561 1591 1876 1650 preterquam
1896 1600 1982 1647 per
2002 1586 2135 1634 ludos
2156 1588 2200 1632 et
2224 1598 2289 1631 sc.
2313 1584 2476 1633 Gron.
2504 1589 2684 1645 prater

483 1666 590 1711 quae
611 1649 661 1698 in
681 1650 812 1699 ludos
830 1656 878 1699 et
898 1667 965 1701 sc.
1004 1650 1143 1700 Oud.
1172 1656 1486 1715 preterquam
1513 1650 1565 1698 in
1596 1651 1725 1699 ludos
1747 1658 1792 1699 et
1814 1666 1883 1698 sc.
1904 1658 1960 1698 ut
1986 1658 2066 1697 est
2091 1650 2140 1697 in
2163 1647 2320 1697 vind.
2355 1652 2401 1696 1.
2426 1653 2479 1696 et
2504 1648 2554 1695 iu
2579 1662 2680 1696 uno

484 1714 615 1764 libro
639 1716 891 1779 reperisse
922 1730 998 1780 se,
1020 1713 1367 1766 affirmaverat
1392 1716 1503 1780 jam
1530 1716 1683 1765 Torr.
1751 1716 1922 1779 Vulgo
1956 1719 2273 1777 proeterquam
2305 1714 2435 1762 ludos
2470 1718 2517 1761 et
2551 1728 2683 1761 sc.—

1486 1914 1704 1965 No'rAE

485 2040 673 2104 victus,
697 2054 758 2089 ac
796 2040 956 2091 vitam
999 2043 1308 2107 suppliciter
1340 2052 1545 2109 petens,

485 2117 618 2165 banc
643 2117 725 2166 vel
765 2131 796 2165 a
831 2117 1042 2180 populo,
1062 2120 1143 2168 vel
1180 2120 1244 2169 ab
1268 2120 1490 2185 editore,
1514 2135 1544 2171 e

489 2208 705 2257 quorum
728 2201 859 2244 nutu
876 2200 987 2243 tota
1009 2196 1270 2258 pendebat
1287 2196 1400 2260 ejus
1419 2198 1545 2257 vita,

487 2270 815 2334 impetraret,
838 2271 936 2319 hoc
973 2271 1123 2321 modo
1157 2273 1435 2336 impetrata
1459 2287 1545 2323 ve·

487 2348 594 2407 nia,
636 2347 810 2396 missio
874 2346 1184 2398 dicebatur:
1234 2349 1392 2412 igitur
1433 2350 1545 2400 sine

486 2423 729 2474 missione
749 2438 997 2489 pugnare,
1021 2424 1085 2474 ad
1111 2440 1292 2477 necem
1313 2440 1546 2491 pugnare

487 2508 588 2562 est,
606 2500 701 2550 nisi
720 2501 925 2564 vincas3
961 2503 1236 2554 mittuntur
1259 2504 1393 2553 enim
1431 2512 1545 2554 tan·

488 2582 595 2627 tum
622 2577 745 2627 vieti
768 2584 824 2626 et
857 2578 987 2640 laesi,
1015 2593 1076 2628 ac
1116 2579 1168 2628 in
1202 2594 1320 2629 eum
1356 2581 1545 2630 solum-

486 2653 639 2704 modo
664 2654 818 2705 diem.
854 2655 1005 2705 Unde
1032 2664 1179 2720 patet
1194 2658 1409 2708 multum
1430 2672 1545 2708 esse

487 2730 796 2780 discriminis
813 2731 1102 2782 missionem
1121 2733 1256 2785 inter
1274 2742 1328 2783 et
1346 2734 1548 2797 rudem,

485 2808 597 2856 boec
617 2809 813 2872 quippe
838 2815 892 2858 et
931 2809 982 2858 in
1017 2818 1325 2873 perpetuum
1360 2825 1546 2861 conce·

491 2881 652 2946 ditur,
671 2890 727 2933 et
760 2884 932 2948 potius
959 2885 1025 2934 ad
1051 2885 1275 2936 victores
1299 2887 1548 2950 pertinet,

489 2959 577 3022 qui
620 2959 837 3021 posthac
878 2959 1092 3009 rudiarii
1127 2962 1548 3026 appellabantur,

488 3042 548 3083 ut
573 3035 624 3082 in
647 3034 762 3084 Tib.
789 3049 905 3097 cap.
928 3038 976 3085 7.
994 3039 1096 3086 &c.

551 3115 578 3175 ¹².
613 3108 953 3158 Coercitionem
1007 3111 1060 3158 in
1096 3112 1373 3177 histriones]
1425 3115 1547 3164 Hoc

487 3184 662 3248 estjus
681 3185 960 3248 virgarum,
979 3188 1113 3251 qnod
1134 3196 1412 3252 praetorum
1432 3198 1548 3241 erat

488 3269 630 3323 ante,
669 3268 725 3310 et
760 3260 1008 3323 aedilium,
1049 3270 1233 3327 utpote
1281 3265 1551 3328 magistra·

488 3346 636 3389 tuum
659 3338 723 3387 ad
744 3353 872 3403 quos
898 3339 1142 3402 imprimis
1168 3340 1406 3390 ludorum
1424 3355 1551 3392 cura

488 3415 843 3480 pertinebat.·
892 3415 1038 3465 Idem
1075 3424 1257 3480 postea
1294 3425 1548 3467 statutum

488 3497 591 3553 est,
624 3492 910 3555 imperante
952 3492 1178 3556 Tiberio,
1208 3501 1349 3544 mota
1387 3510 1549 3559 super

489 3567 671 3618 eadem
708 3582 764 3617 re
798 3569 1168 3626 controversia,
1202 3571 1344 3634 quia,
1376 3570 1547 3635 inquit

487 3645 658 3695 Tacit.
706 3644 894 3696 Annal.
932 3661 971 3697 1.
1017 3659 1064 3694 c.
1098 3651 1184 3696 77.
1235 3650 1250 3675 ‘
1278 3646 1547 3711 Augustus

490 3721 744 3771 immunes
768 3721 1036 3771 verberum
1072 3722 1362 3773 Histriones
1384 3739 1549 3788 quon-

490 3799 608 3848 dam
643 3799 1018 3864 responderat‚’
1049 3802 1151 3850 διο.
1219 3800 1545 3850 Histrionum

491 3881 664 3922 autem
707 3876 948 3939 generale
982 3889 1166 3925 nomen
1201 3883 1281 3925 est
1320 3878 1546 3931 omnium

490 3950 836 4014 Scenicorum,
858 3959 917 4001 ut
938 3951 1220 4012 ludionum,
1239 3952 1327 4017 qui
1364 3959 1420 4002 et
1444 3952 1545 4002 Lu-

492 4023 563 4072 dii
587 4023 908 4090 dicebantur,
934 4042 1110 4077 eorum
1134 4028 1221 4094 qui
1240 4027 1401 4092 mimi,
1426 4042 1547 4092 pan-

495 4100 710 4163 tomimi,
730 4102 1031 4166 archimimi,
1050 4105 1296 4168 ethologi,
1316 4108 1414 4155 &c-

559 4184 585 4218 «ι
620 4176 770 4225 Ludis
814 4181 861 4225 et
897 4193 1038 4228 scena
1073 4181 1224 4244 [ludis
1252 4186 1299 4230 et
1333 4183 1545 4247 amm]

491 4251 792 4303 Torrentius
815 4253 942 4316 legit
964 4253 1015 4302 in
1043 4269 1141 4305 runo
1171 4256 1299 4306 libro
1318 4258 1372 4307 in
1394 4260 1546 4322 ludos,

1628 2044 1806 2094 melius
1847 2050 2021 2094 certe:
2078 2039 2493 2106 ‘praeterquam’
2546 2038 2683 2089 enim

1627 2121 1926 2171 adverbium
1951 2127 2049 2183 est,
2076 2134 2174 2169 non
2198 2117 2512 2182 praepositio.
2579 2116 2682 2166 Sed

1629 2197 1851 2246 omnium
1876 2196 2069 2260 optime
2108 2195 2235 2243 ludis
2262 2199 2309 2243 et
2349 2209 2510 2256 scena,
2545 2192 2681 2257 quod

1624 2273 1774 2335 longe
1809 2273 1997 2321 clarius
2018 2278 2119 2333 est,
2143 2279 2198 2320 et
2222 2268 2501 2334 praefertur
2524 2270 2684 2318 etiam

1627 2364 1658 2398 a
1681 2349 2005 2410 Casaubono,
2035 2347 2156 2413 quia
2189 2361 2219 2395 a
2250 2345 2415 2395 doctis
2442 2345 2565 2393 viris
2606 2359 2685 2393 re·

1627 2432 1832 2491 pertum
1857 2425 1930 2475 ait
1970 2424 2023 2474 in
2068 2424 2193 2474 Mss.
2279 2420 2423 2471 Idem
2475 2421 2688 2484 Lipsius
2774 2453 2781 2463 .

1626 2502 1926 2565 conjecerat
1950 2500 2014 2551 ad
2034 2498 2390 2565 supradictum
2414 2498 2586 2548 Taciti
2614 2498 2685 2546 lo·
2702 2510 2717 2540 e

1626 2592 1762 2638 cum,
1795 2584 1852 2626 et
1897 2589 2078 2626 revera
2120 2575 2374 2623 Gruterus
2408 2572 2459 2621 in
2511 2572 2686 2621 Ursini

1627 2654 1809 2705 codiee
1842 2662 2025 2702 extare
2072 2658 2315 2701 testatur.
2400 2650 2519 2698 Vox
2564 2650 2688 2699 ludis

1629 2729 1855 2781 refertur
1898 2730 1963 2779 ad
2003 2742 2173 2778 vocem
2214 2734 2436 2791 tempore,
2483 2728 2685 2776 scilicet

1629 2808 1885 2871 ludorum,
1907 2812 1966 2855 ut
1999 2820 2136 2855 uena
2159 2804 2224 2854 ad
2255 2803 2468 2853 verbum
2490 2805 2608 2863 loco,
2628 2810 2689 2852 ut

1631 2885 1717 2934 ubi
1743 2889 2043 2947 peccarant,
2063 2882 2134 2931 ibi
2160 2882 2486 2947 punirentur,
2508 2893 2687 2943 quem-

1629 2958 1901 3008 admodum
1927 2958 1998 3006 ait
2021 2956 2148 3006 ibid.
2183 2956 2404 3019 Lipsius.
2474 2954 2611 3003 Vide
2630 2961 2687 3003 et

1629 3035 1663 3084 1.
1690 3049 1781 3084 ιιι.
1815 3034 1945 3083 Cod.
1980 3033 2046 3081 de
2069 3032 2395 3097 spectaculis.

1691 3117 1711 3143 ¹·
1745 3109 2080 3174 Xyseicorum]
2135 3108 2419 3159 Philander
2470 3115 2687 3157 annota-

1629 3187 1853 3238 tionibus
1885 3189 1939 3236 in
1977 3187 2270 3237 Vitruvium
2304 3186 2408 3235 ait:
2452 3186 2688 3249 ‘Xystus

1628 3263 1797 3313 Latini
1843 3271 2030 3314 vocant
2083 3264 2313 3327 porticus
2359 3270 2552 3324 tectas,
2595 3261 2687 3311 ubi

1629 3340 1838 3389 athletas
1875 3354 1969 3404 per
2004 3340 2237 3402 hyemem
2262 3339 2643 3388 exercebantur
2671 3355 2684 3384 z

1626 3425 1779 3481 xysta
1802 3427 1977 3467 autem
2001 3417 2261 3467 subdiales
2284 3416 2688 3476 ambulationes,

1626 3493 1716 3542 ubi
1752 3494 1881 3543 sude
1915 3493 2049 3543 coelo
2081 3507 2196 3541 suas
2233 3492 2550 3541 exercebant
2594 3506 2687 3554 pa-
2711 3524 2738 3541 .-

1627 3571 1866 3628 laestras.'
1934 3571 2085 3621 Unde
2126 3578 2274 3635 patet
2294 3585 2475 3620 vocem
2503 3580 2687 3634 xystus

1627 3646 1677 3696 in
1695 3647 2058 3709 masculino,et
2082 3655 2283 3711 xystum
2310 3646 2359 3694 in
2382 3655 2567 3695 neutro
2593 3661 2687 3709 ge-

1628 3738 1774 3779 nere.
1796 3722 1999 3772 diversa
2018 3723 2312 3786 significare
2335 3738 2349 3772 t
2386 3738 2686 3787 quanquam

1628 3800 1830 3851 Graecis
1863 3814 2011 3849 secus
2045 3800 2130 3851 sit.
2194 3800 2367 3848 Plinio
2407 3799 2498 3850 lib.
2525 3813 2579 3849 v·
2617 3802 2684 3849 E-

1629 3877 1749 3941 pist.
1765 3881 1815 3926 6.
1838 3876 1972 3926 idem
1996 3884 2078 3926 est
2100 3877 2115 3903 ‘
2137 3875 2353 3941 xystus‚’
2377 3876 2510 3941 quod
2534 3877 2685 3926 nobis

1620 3958 1869 4018 perterret
1924 3953 1998 4003 ait
2049 3952 2184 4002 enim
2229 3959 2384 4001 ‘ante
2425 3954 2687 4016 porticum

1624 4037 1805 4095 xystus
1838 4029 2072 4079 concisus
2109 4028 2162 4076 in
2201 4028 2446 4092 plurimas
2480 4028 2684 4090 species

1625 4107 2000 4170 distinctasque
2021 4105 2192 4167 buxo,’
2207 4109 2306 4156 διο.
2373 4104 2580 4154 Videsis
2593 4106 2685 4154 Vi·

1626 4183 1856 4233 truvium
1892 4183 2055 4233 lib.v.
2088 4196 2134 4232 c.
2179 4185 2258 4232 11.
2301 4188 2356 4233 et
2389 4181 2475 4231 lib.
2506 4195 2583 4234 w.
2631 4195 2680 4234 c.

1630 4263 1711 4310 10.
