3019 4922
1186 431 1578 481 ocravms.
2346 420 2486 487 201·

307 586 405 644 ter
426 587 446 626 ³
478 535 889 662 sepulturam
942 580 1243 662 precanti
1270 578 1701 663 respondisse
1729 577 2018 658 dicatur,
2054 579 2196 664 jam
2241 582 2482 649 istam4
2599 577 2626 596 ’

307 682 649 745 volucrum
688 680 839 745 fore
883 684 1385 778 potestatem1V2
1424 681 1620 758 alioS,
1669 686 1924 764 patrem
1962 688 2031 748 et
2074 681 2307 763 filium,
2353 705 2479 769 pro

234 838 246 850 .
307 784 441 870 vit-a
464 785 858 867 ,roganteS‚⁵'
901 783 1132 848 ¹sortiri
1182 783 1289 848 vel
1347 782 1655 848 micare*
1686 782 2003 867 jussisse,
2055 788 2129 849 ut
2178 786 2479 852 alterutri

305 887 827 953 concedereturz·
857 905 937 951 ac
967 892 1312 970 spectasse
1341 889 1688 969 utrumque
1720 886 2127 967 morientem,
2157 905 2307 951 cum
2353 908 2480 972 pa-

1212 1080 1296 1102 000
1300 1081 1504 1102 OMOO
1512 1082 1569 1101 Ν

303 1216 496 1282 Grypb.
531 1216 903 1268 verberum—3·
920 1216 1073 1283 Sapp,
1099 1218 1184 1268 uni
1204 1213 1363 1267 vind.
1386 1222 1434 1268 1.
1460 1217 1631 1267 Periz.
1655 1231 1771 1267 cum
1796 1217 1931 1268 Edd.
1954 1217 2101 1267 Vett.
2168 1218 2365 1268 Vocem
2395 1218 2486 1270 nni

300 1285 512 1332 otiosam
535 1289 715 1332 censet
738 1282 878 1333 Oud.
910 1299 1038 1347 pree.
1061 1299 1156 1348 sep.
1187 1284 1312 1333 Edd.
1347 1284 1590 1333 Rom.—-⁴
1625 1282 1758 1333 Haec
1781 1284 1934 1333 lectio
1960 1285 2074 1334 cod.
2095 1283 2308 1333 Mamm.
2331 1299 2481 1333 acce·

300 1346 541 1397 dentibus
575 1348 750 1411 Cujac.
779 1350 1025 1398 Duneim.
1050 1348 1248 1398 Medic.
1273 1352 1320 1396 1.
1344 1348 1441 1396 Ed.
1467 1348 1646 1411 Camp.
1671 1347 1887 1412 probata
1919 1355 2001 1398 est
2024 1348 2244 1398 Casaub.
2268 1357 2481 1411 recepta

300 1426 329 1459 a
373 1412 552 1462 Graev.
598 1412 763 1462 Grou.
808 1413 931 1462 Ern.
959 1411 1117 1463 Wolf.
1200 1412 1301 1462 Sed
1334 1411 1476 1462 Oud.
1516 1414 1743 1462 servavit
1790 1414 1923 1477 vulg.
1955 1414 2099 1463 istam
2130 1413 2182 1461 in
2211 1413 2301 1462 vot.
2366 1414 2480 1464 Ha-

299 1475 423 1526 bent
454 1476 658 1528 Medic.
698 1482 748 1527 3.
783 1484 839 1526 et
876 1477 974 1528 Ed.
1009 1478 1189 1528 Doleti
1231 1484 1479 1541 potestate,
1517 1492 1578 1528 ac
1617 1478 1771 1528 vind.
1802 1482 1851 1528 2.
1891 1477 2007 1529 Pin.
2038 1492 2152 1528 cum
2190 1477 2327 1527 Edd.
2354 1485 2479 1528 aute

297 1541 435 1591 Torr.
473 1543 528 1591 in
568 1558 618 1592 v.
647 1548 919 1605 potestatem
935 1541 1062 1603 fore.
1130 1542 1294 1592 Paulo
1319 1548 1437 1591 ante
1462 1543 1675 1592 Memm.
1710 1543 1995 1593 dicitur-‚ms
2034 1543 2295 1605 Rogantem
2328 1544 2487 1593 Harl.

299 1606 465 1658 Perit.
504 1622 537 1656 a
574 1622 645 1656 m.
693 1623 773 1672 pr.
819 1607 954 1657 Edd.
1004 1608 1134 1658 ven.
1168 1612 1215 1659 1.
1269 1607 1483 1659 Mediol.
1538 1607 1684 1658 Cald.
1732 1608 1896 1667 Lngd.
1939 1607 2088 1658 Junt.
2142 1608 2317 1672 Stepb.
2356 1606 2480 1659 Am.

300 1671 422 1721 Mox
461 1672 641 1722 micare
678 1687 743 1722 ex
787 1672 995 1738 optimis
1031 1671 1182 1725 codd.
1213 1674 1555 1725 restituerunt
1595 1673 1714 1724 VV.
1746 1672 1869 1724 DD.
1909 1672 2219 1723 .1n‘Viterb.
2258 1678 2313 1723 et
2343 1671 2480 1724 Edd.

1283 1819 1497 1872 NOTAE

300 1934 484 1984 omissa
507 1934 880 2000 prepositione
908 1936 976 1985 in.
1040 1936 1158 1990 Quo
1180 1935 1352 2001 posito

297 2010 629 2062 referendum
662 2019 817 2070 esset,
840 2013 923 2062 vel
956 2012 1021 2062 ad
1053 2010 1355 2075 flagellatio·

299 2101 409 2136 nem
433 2088 600 2147 illam,
614 2102 718 2152 qua
730 2088 1061 2139 credebantur
1078 2090 1211 2140 servi
1229 2097 1351 2141 ante

297 2163 630 2227 supplicium,
651 2163 734 2212 vel
758 2165 998 2228 supplicii
1021 2165 1154 2230 loco,
1173 2173 1262 2215 aut
1283 2165 1350 2216 ad

299 2240 509 2302 quodvis
522 2238 668 2289 alind
684 2240 896 2291 saevitiae
918 2256 1096 2304 genus.
1166 2241 1349 2293 Horat.

298 2314 462 2379 Epod.
503 2329 588 2366 lv.
619 2315 683 2366 de
720 2316 900 2378 Mena,
926 2318 981 2368 S.
1023 2318 1260 2383 Pompeii
1293 2319 1350 2370 li·

295 2391 465 2456 berto,
492 2395 509 2423 ⁸
528 2400 705 2445 sectus
736 2391 949 2459 flagellis
983 2395 1068 2446 bic
1097 2396 1357 2447 Triumvi-

297 2470 523 2535 ralibus,’
544 2471 683 2535 quod
719 2470 736 2498 ‘
757 2471 993 2523 scindere
1011 2472 1026 2497 '
1047 2472 1180 2523 dixit
1208 2473 1350 2524 Mar-

299 2548 402 2599 tial.
428 2549 590 2614 Epig.
608 2553 692 2598 94.
713 2549 805 2600 lib.
819 2563 907 2599 ιιι.
929 2556 945 2580 ‘
964 2550 1236 2616 poscisque
1257 2548 1352 2601 fla-

298 2624 451 2686 gella:
488 2625 684 2686 Maris,
701 2624 856 2689 Rufe,
872 2641 1091 2692 coquum
1115 2625 1350 2677 scindere

299 2716 445 2766 quam
480 2702 753 2766 leporem?
813 2704 951 2756 Quin
974 2711 1028 2753 et
1050 2704 1240 2754 liberos
1258 2705 1349 2753 ho-

295 2777 454 2829 miues
476 2779 573 2844 qu'i
600 2778 844 2829 solvendo
866 2794 966 2829 non
988 2789 1155 2845 erant,
1175 2794 1353 2830 secare

297 2854 345 2903 in
375 2863 561 2920 partes
595 2856 713 2920 lege
745 2860 826 2906 12.
857 2856 966 2906 tab.
998 2857 1225 2907 licebatz
1261 2856 1352 2907 sed

296 2929 411 2981 ideo
433 2936 645 2986 tantum‘
664 2931 822 2996 quod,
842 2939 900 2982 ut
921 2933 996 2983 ait
1023 2934 1243 2997 Gellius,
1260 2933 1355 2985 lib.

303 3021 395 3060 xx.
438 3025 568 3075 cap.
603 3013 651 3060 1.
702 3010 719 3037 ‘
741 3009 1000 3061 acerbitas
1046 3013 1352 3077 plerumque

295 3084 588 3137 ulciscendi
609 3084 863 3149 maleficii,
880 3086 1012 3138 bene
1026 3088 1232 3138 vivendi
1249 3087 1352 3138 dis·

298 3162 489 3225 ciplina
529 3161 669 3214 estt'
699 3163 837 3213 idem
875 3162 1009 3214 enim
1046 3169 1224 3214 auctor
1258 3164 1354 3214 ibi-

296 3235 411 3309 dem
432 3239 573 3290 dicit
590 3239 606 3266 ⁸
623 3238 901 3290 dissectum
933 3253 1048 3290 esse
1069 3241 1354 3306 antiquitus

294 3315 580 3380 neminem,
592 3315 832 3380 equidem
855 3331 1021 3382 neque
1038 3318 1161 3382 legi,
1184 3332 1352 3384 neque

297 3391 511 3442 audivi?
581 3393 652 3442 Et
673 3398 815 3443 certe
849 3393 890 3443 si
926 3409 1040 3459 quoe
1070 3401 1356 3461 suppetunt

293 3470 539 3533 exempla
582 3468 939 3526 dissectos-um,
967 3471 1047 3537 vel
1081 3486 1111 3520 a
1149 3471 1354 3522 furente

292 3547 508 3609 populo,
530 3552 594 3594 ut
615 3559 751 3609 saepe
771 3545 970 3596 factum
989 3554 1090 3612 est,
1111 3548 1241 3597 vela
1263 3562 1354 3612 po·

294 3615 524 3671 tentiore
563 3621 783 3685 quodam
815 3621 1076 3673 crudelem
1112 3623 1245 3674 hanc
1267 3638 1356 3673 ex·

294 3707 511 3747 ercente
537 3697 835 3759 vindictam,
855 3699 1064 3749 dissecti
1078 3707 1228 3761 sunt.

304 3836 307 3839 Ι
356 3779 378 3803 v
413 3772 538 3835 [In]
561 3775 916 3834 volucr-ramsore
936 3774 1237 3839 potestatem]
1267 3775 1358 3827 sie

295 3846 361 3898 de
403 3850 643 3899 Curione
682 3852 941 3901 Lucanus:
980 3853 997 3880 ‘
1022 3852 1205 3902 Pascit>
1237 3868 1359 3903 aves

295 3926 439 3975 nullo
483 3933 762 3977 contectus
805 3926 963 3977 Curio
1003 3928 1192 3979 bnsto.’
1258 3930 1357 3979 Ca-

297 4001 443 4053 saub.
491 4017 561 4052 ex
601 4003 917 4053 Memmiano
962 4004 1140 4055 codice
1183 4006 1357 4070 legen-

294 4078 418 4128 dum
454 4079 657 4128 mavult
689 4078 799 4128 sine
830 4079 901 4141 in,
924 4085 979 4128 et
1001 4080 1228 4131 Turneb.
1250 4081 1356 4129 Ad-

300 4170 436 4206 vers.
483 4170 650 4208 xxiv.
691 4157 783 4207 lib.
820 4172 944 4221 cap.
984 4162 1065 4207 15.
1106 4164 1163 4208 et
1213 4163 1364 4208 certe·

299 4240 583 4298 utrumque
620 4239 812 4298 potest.
875 4235 1062 4311 Cicero
1098 4233 1230 4285 euim
1263 4248 1361 4300 pro

298 4309 419 4375 lege
440 4311 667 4363 Manilia
699 4309 834 4361 dixit
848 4310 865 4339 ‘
881 4311 935 4364 in
957 4310 1257 4377 praedonum
1278 4310 1359 4364 fu-

1431 1935 1533 1986 isse
1568 1934 1910 2001 potestatem.’
1975 1934 2047 1986 Et
2078 1933 2264 1985 lib.1v.
2295 1933 2362 1983 ad
2385 1933 2484 1985 At-

1430 2014 1522 2063 tic.
1544 2027 1630 2077 ep.
1653 2018 1702 2064 2.
1740 2013 1792 2063 iu
1814 2011 1949 2065 fine:
1982 2013 1998 2040 ⁸
2021 2011 2124 2062 Sed
2156 2009 2293 2060 volui
2316 2024 2480 2060 meam

1429 2094 1740 2152 potestatem
1773 2101 1887 2139 esse
1919 2087 2002 2138 vel
2035 2086 2266 2150 petendi,
2287 2086 2368 2134 vel
2403 2085 2485 2134 in·

1429 2174 1585 2215 eunte
1619 2171 1806 2215 aestate
1834 2162 2095 2227 exeundi,'
2117 2166 2214 2215 διο.
2244 2162 2332 2213 alii
2365 2177 2485 2227 quo·

1428 2256 1528 2307 qne
1554 2252 1793 2293 auctores
1816 2257 1916 2292 non
1939 2242 2099 2293 semel
2120 2240 2200 2291 liis
2221 2239 2384 2290 modis
2409 2239 2483 2290 lo·

1428 2319 1537 2369 cuti
1561 2326 1700 2372 sunt.
2321 2341 2326 2345 ·
2483 2371 2486 2374 ,

1493 2402 1525 2428 “’
1557 2396 1743 2447 Mic-are
1764 2393 2033 2461 [dimicare]
2068 2392 2262 2446 Eadem
2284 2406 2387 2443 nou
2404 2406 2484 2442 se-

1427 2473 1532 2524 mel
1555 2481 1636 2524 est
1665 2473 1730 2524 ab
1765 2473 1880 2524 aliis
1916 2470 2152 2522 exercita
2182 2468 2488 2531 crudelitas,

1428 2551 1482 2601 in
1523 2552 1757 2614 captivos
1801 2550 2129 2615 praesertim3
2176 2561 2305 2613 quos
2349 2546 2485 2597 enirn

1430 2626 1658 2676 Annibal
1688 2626 1740 2675 iu
1774 2630 1945 2675 castra
1982 2621 2312 2689 perduxerat,
2334 2620 2487 2686 paria

1430 2703 1542 2755 fere
1580 2702 1795 2755 fratrum
1833 2711 1888 2753 et
1928 2702 2329 2768 propinquorum
2360 2700 2486 2764 jun·

1432 2794 1559 2845 gens
1579 2780 1801 2844 cogebat
1817 2776 1956 2829 ferro
1971 2777 2254 2827 decernere
2270 2792 2285 2825 ι
2322 2781 2382 2825 ut
2395 2774 2487 2825 ha·

1430 2856 1522 2908 bet
1545 2857 1717 2907 Valer.
1738 2856 1828 2906 lib.
1850 2868 1936 2906 1x.
1961 2869 2079 2917 cap.
2112 2858 2164 2904 2.
2190 2850 2411 2904 casaub.
2431 2852 2488 2901 in

1432 2933 1622 2984 Pithoei
1645 2942 1701 2982 et
1734 2931 1907 2982 Lisloei
1942 2929 2207 2983 codicibus
2237 2928 2368 2994 legit
2399 2929 2491 2978 aii-

1428 3027 1573 3071 care,·
1605 3009 1742 3077 quod
1757 3024 1856 3060 nec
1871 3007 2117 3060 Turnebo
2138 3005 2230 3058 lib.
2253 3019 2356 3057 xx.
2377 3004 2487 3057 Ad·

1430 3103 1567 3138 vers.
1597 3102 1715 3152 cap.
1759 3090 1838 3137 18.
1879 3085 2159 3150 displicet:
2192 3090 2249 3134 et
2282 3084 2490 3133 omnino

1427 3168 1503 3217 sic
1518 3170 1694 3230 potest
1710 3162 1875 3227 accipi
1894 3178 1911 3225 ς
1944 3159 2156 3212 micatio
2173 3159 2366 3225 quippe
2381 3173 2492 3209 sor-

1431 3242 1630 3295 titionis
1655 3241 1856 3307 species
1888 3246 1991 3304 est,
2013 3253 2127 3305 quoe
2150 3237 2211 3289 fit
2246 3251 2340 3302 per
2359 3236 2494 3301 digi-

1432 3325 1531 3381 tos,
1552 3317 1722 3368 snbito
1756 3324 1812 3366 et
1847 3314 1942 3365 sub
1974 3322 2123 3366 certo
2156 3327 2367 3364 numero
2398 3326 2493 3363 ex·

1432 3408 1660 3459 pansos3
1689 3393 1805 3442 boec
1845 3390 1900 3442 in
1938 3391 2158 3457 antiquis
2194 3396 2492 3440 controver-

1436 3471 1525 3521 siis
1568 3467 1867 3520 dirimendis
1914 3465 2215 3532 frequenter
2257 3462 2493 3515 adbibita

1435 3553 1539 3608 est,
1562 3551 1621 3596 ut
1655 3546 1707 3595 in
1742 3542 2116 3604 contractibus,
2144 3542 2186 3590 si
2220 3539 2287 3589 de
2322 3539 2492 3604 pretio

1434 3622 1602 3673 aliave
1655 3620 1876 3687 quadam
1926 3633 1984 3669 re
2029 3631 2132 3667 non
2175 3615 2493 3667 conveniret.

1436 3699 1575 3753 Quin
1600 3704 1656 3750 et
1687 3711 1868 3749 carnes
1890 3694 2112 3744 delanio
2145 3693 2221 3743 sic
2243 3697 2495 3754 emerent,

1438 3784 1496 3827 ut
1533 3781 1680 3840 patet
1711 3789 1778 3824 ex
1800 3772 1966 3823 veteri
1998 3769 2173 3833 lapide
2205 3768 2272 3818 de
2304 3781 2406 3833 quo
2438 3768 2494 3818 in

1436 3856 1582 3904 calce
1614 3852 1805 3917 operis.
1872 3849 2011 3899 Hinc
2043 3846 2290 3898 dimicare
2324 3852 2494 3895 ortum

1438 3941 1540 3997 est,
1586 3931 1719 3997 quod
1760 3927 1971 3994 proprie
2012 3934 2138 3976 ortoe
2184 3924 2323 3974 inter
2367 3923 2495 3974 duos

1438 4005 1805 4059 controversiae
1860 4002 2014 4055 finem
2066 4000 2364 4065 imponere,
2401 4013 2495 4050 seu

1439 4085 1626 4136 tollere
1660 4077 2034 4147 quodammodo
2066 4075 2501 4146 controversism3

1436 4158 1577 4224 quod
1618 4158 1740 4223 qnia
1778 4154 1932 4206 armis
1978 4167 2119 4218 saepe
2161 4152 2358 4204 factum
2394 4159 2496 4213 est,

1437 4235 1559 4285 ideo
1579 4233 1597 4262 ‘
1613 4232 1861 4284 dimicare
1880 4230 1895 4255 '
1914 4243 2011 4295 pro
2045 4242 2272 4296 pugnare
2305 4226 2494 4292 saespius

1439 4316 1744 4376 usurpatum
1768 4306 2016 4374 reperias.
