3019 4922
2353 361 2485 427 299

293 521 417 583 na⁹
474 517 545 583 vi
589 516 909 584 offerente
961 518 1240 601 populo,
1279 538 1452 601 genu
1502 520 1731 595 nixuS,
1771 517 2036 602 dejecta
2077 521 2161 585 ab
2188 521 2486 586 humeris

295 628 501 702 tog-a,g
548 620 730 686 nudo
761 625 1027 704 pectore
1061 620 1454 704 deprecatus
1485 628 1607 686 est.
1652 619 1823 705 [53.]
1855 621 2132 688 Domini
2180 624 2486 708 appella-

291 723 560 800 tionem,
592 730 666 790 ut
695 721 1130 788 maledictum
1161 728 1229 792 et
1258 724 1712 808 opprobrium,
1746 744 2008 808 semper
2032 733 2084 763 ¹0
2117 726 2484 791 exhorruit.

292 825 485 903 Cum,
519 834 867 911 spectante
897 846 978 892 eo
1005 827 1225 905 ludOS,
1256 828 1756 910 pronuntiatum
1789 835 1973 893 esset
2003 849 2045 894 a
2071 832 2323 908 mimo,¹
2373 831 2392 862 ‘
2420 826 2483 890 Ο

291 928 623 994 dominum
680 949 950 1013 aequnm
997 934 1066 995 et
1111 931 1355 995 bonum
1382 929 1420 994 !’
1465 935 1536 995 et
1587 932 1908 1009 universi,
1949 934 2147 1015 qnasi
2195 932 2280 998 de
2324 930 2484 1014 ipso

292 1031 564 1108 dictum,
604 1032 979 1099 exultantes
1002 1040 1026 1071 ²
1079 1035 1672 1119 comprobassent3
1717 1040 1782 1102 et
1839 1038 2064 1100 statim
2107 1054 2313 1100 manu
2344 1033 2487 1099 vul-

293 1143 489 1217 tuque
536 1134 885 1199 indecoras
927 1137 1352 1202 adulationes
1378 1146 1397 1185 ³
1449 1139 1787 1221 repressit,
1839 1144 1906 1204 et
1946 1138 2323 1223 insequenti
2375 1138 2485 1202 die

291 1236 682 1318 gravissimo
729 1239 1045 1322 corripuit
1091 1237 1370 1318 edicto,¹¹
1423 1241 1890 1324 dominumque
1936 1262 2010 1307 se
2042 1242 2329 1325 posthac
2363 1262 2486 1324 ap·-

295 1339 547 1421 pellari,
586 1346 715 1403 ne4
758 1360 799 1403 a
829 1341 1058 1404 liberis
1089 1341 1363 1425 quidem
1412 1348 1525 1406 aut
1555 1344 1916 1424 nepotibus
1949 1345 2111 1420 suiS,
2157 1345 2262 1407 vel
2308 1345 2484 1407 serio

297 1441 393 1503 vel
427 1441 611 1525 joco,
644 1435 886 1526 passus
917 1451 1064 1508 est:
1124 1449 1328 1528 atque
1358 1443 1781 1529 hujusmodi⁵
1832 1441 2232 1509 blanditiasi
2279 1446 2481 1510 etiam

293 1542 458 1609 inter
507 1545 702 1629 ipsos
756 1546 1115 1629 prohibuit.
1204 1546 1360 1613 Non
1422 1554 1667 1613 temere
1727 1545 1913 1613 Urbe
1960 1547 2301 1632 oppidove
2348 1545 2484 1612 ullo

1188 372 1587 425 OCTAVIUS.

1205 1746 1566 1767 demetet-eoo

288 1883 339 1926 et
363 1878 623 1928 retinuere
644 1878 810 1929 Scriv.
835 1878 1012 1930 Graev.
1038 1879 1203 1930 Grou.
1229 1879 1404 1929 Burin.
1432 1878 1557 1928 Var.
1581 1878 1706 1927 Ern.
1729 1876 1851 1940 Bip.
1875 1881 1931 1926 et
1954 1876 2120 1925 al.-—9
2140 1877 2370 1939 Magnam
2392 1891 2485 1940 pro

287 1957 409 2004 mg.
429 1944 691 1995 viMedic.
714 1949 763 1995 3.
784 1945 1076 1994 Polit.-1o
1099 1943 1376 2008 Semperque
1394 1945 1540 1994 Cort.
1566 1942 1697 1993 Edd.
1721 1943 1870 1992 Rom.
1901 1943 2032 1991 Tum
2054 1940 2299 1991 abhorruit
2323 1956 2484 2004 marg.

289 2007 402 2058 Bas.
421 2007 762 2073 Ant.Gryph.
786 2018 841 2060 et
865 2015 1139 2073 expectante
1161 2010 1468 2060 Merum—1
1495 2009 1692 2057 Fir-mat
1711 2008 1928 2070 Bautug.
1951 2008 2084 2056 hanc
2099 2008 2222 2055 lect.
2242 2021 2308 2054 ex
2328 2005 2486 2057 Oros.

289 2071 320 2119 l.
341 2087 414 2123 vt.
435 2078 515 2123 22.
551 2083 604 2124 et
630 2075 822 2124 habent
854 2074 1011 2124 vind.
1048 2083 1285 2138 uterque,
1321 2074 1516 2124 Medic.
1544 2079 1592 2123 2.
1630 2071 1764 2122 Edd.
1798 2072 1948 2123 Junt.
1972 2070 2096 2121 Ald.
2132 2071 2251 2120 Bas.
2278 2072 2482 2136 Gryph.

198 2143 201 2146 ’
288 2136 456 2186 Plant.
473 2140 527 2187 in
549 2140 690 2189 mimo
705 2140 829 2189 dant
848 2140 914 2188 0.
934 2137 1064 2189 Mss.
1079 2140 1227 2189 Torr.
1246 2155 1361 2189 cum
1387 2154 1550 2203 marg.
1570 2138 1691 2188 Seb.
1710 2137 1912 2201 Grypb.
1931 2144 1986 2186 et
2006 2136 2289 2199 probarunt
2304 2138 2483 2185 Burm.

291 2202 422 2253 oud.
447 2206 571 2253 Ern.
639 2204 891 2256 Quaedam
918 2204 1051 2253 Edd.
1077 2205 1261 2254 vitiose
1282 2205 1485 2254 mimmo.
1545 2205 1776 2253 Harlem.
1805 2202 2114 2251 minimo.-—2
2157 2202 2485 2251 Exsulta-ssent

288 2266 438 2316 Vind.
468 2273 517 2318 2.
551 2271 638 2334 qui
674 2280 821 2319 caret
855 2284 974 2318 mox
999 2274 1065 2333 et,
1089 2285 1205 2319 cum
1237 2270 1380 2319 Cort.
1418 2270 1650 2318 Harlem.
1684 2267 1856 2318 Perit.
1880 2273 1936 2316 et
1960 2266 2092 2316 Edd.
2120 2266 2262 2315 Vett.
2288 2273 2484 2329 praeter

289 2330 505 2384 casaub.
552 2335 770 2397 Raphel.
857 2335 1102 2396 Superius
1163 2338 1210 2384 0
1264 2333 1566 2398 interiectio
1631 2332 1810 2382 aberat
1872 2333 2131 2382 Peuce-8
2189 2330 2485 2394 Appellatio-

287 2411 363 2445 ues
381 2399 537 2450 Vind.
560 2404 610 2451 2.
656 2400 790 2449 Tum
826 2399 1108 2463 gravissime
1130 2399 1327 2450 Medic.
1351 2405 1399 2449 1.
1439 2401 1582 2449 Cort.
1606 2407 1660 2449 et
1697 2397 1831 2446 Edd.
1854 2398 1999 2446 Vett.
2045 2403 2165 2446 ante
2192 2396 2485 2447 casaub.—

287 2466 316 2510 4
350 2465 452 2514 Nec
474 2482 504 2514 a
527 2465 609 2514 lib.
632 2465 798 2516 Pet-iz.
822 2466 956 2516 Edd.
981 2466 1115 2515 Veu.
1138 2471 1184 2516 1.
1201 2466 1347 2517 Med.
1368 2465 1518 2515 Cald.
1543 2463 1710 2528 Lugd.
1732 2465 1880 2514 Junt.
1901 2461 2020 2511 Ald.
2043 2472 2098 2511 et
2124 2463 2187 2511 al.
2215 2463 2484 2525 priscae.—

289 2532 315 2575 5
349 2529 596 2588 Ejusmodi
625 2532 769 2580 Dun.
797 2532 954 2582 Fouc.
990 2531 1185 2580 Medic.
1207 2540 1334 2595 tres,
1362 2531 1520 2580 Vind.
1546 2535 1591 2578 l.
1627 2529 1780 2579 Huls.
1808 2528 1923 2591 Cuj.
1947 2528 2097 2577 Voss.
2120 2526 2272 2575 Torr.
2342 2525 2482 2574 Dein

289 2596 486 2658 tempore
504 2610 598 2660 pro
618 2602 787 2646 temere
808 2597 966 2646 vind.
992 2600 1038 2646 1.
1064 2603 1118 2646 et
1139 2602 1225 2646 aut
1240 2613 1319 2660 qu.
1342 2597 1445 2658 ing.
1465 2596 1655 2645 desunt
1673 2594 1821 2643 Cort.
1846 2592 2006 2641 duob.
2030 2592 2179 2640 Torr.
2200 2590 2287 2655 qui
2308 2605 2484 2653 quoquo

1268 2772 1486 2826 NOTAE

285 2889 470 2940 abillis
494 2905 526 2939 a
559 2890 749 2955 quibus
784 2889 1227 2941 consecrabantur
1259 2889 1336 2938 in·
1419 2888 1634 2952 vellent,
1658 2893 1713 2936 ut
1737 2887 1921 2952 passim
1939 2886 2217 2936 observare
2242 2892 2337 2935 est.

280 2966 489 3030 scripta,
505 2973 561 3017 et
585 2967 861 3030 sculptain
878 2968 1121 3017 bonorem
1134 2967 1216 3015 vel
1238 2966 1338 3016 Dei
1483 2965 1497 3001 ¹
1529 2967 1830 3030 Blanditias]
1862 2968 1995 3018 Sunt
2026 2967 2164 3017 inter
2202 2966 2481 3016 familiares

280 3044 602 3106 accipientis,
656 3046 740 3093 vel
794 3043 1011 3093 hominis
1056 3040 1338 3094 offerentis.
1418 3051 1473 3094 et
1505 3046 1755 3108 sanguine
1803 3045 2015 3108 propius
2040 3046 2251 3109 junctos
2284 3044 2482 3094 blandi·

283 3119 406 3169 Cum
450 3127 621 3170 autem
660 3120 893 3185 plurimae
941 3119 1167 3184 Apollini
1213 3121 1337 3170 Del·
1421 3123 1530 3184 tiae,
1592 3124 1634 3172 si
1676 3138 1790 3172 cum
1832 3121 2207 3186 potentioribus
2248 3137 2328 3170 res
2386 3129 2488 3183 est,

282 3198 433 3260 phico
464 3205 909 3257 consecrarentur,
924 3199 1044 3248 hinc
1060 3198 1337 3264 aliqnando

280 3288 469 3323 mensas
524 3274 813 3338 Delphice,
880 3282 970 3322 aut.
1030 3275 1339 3338 simpliciter

283 3350 574 3413 Delphica,
603 3362 986 3414 nuncupantur.

338 3428 359 3464 t
387 3429 638 3491 Palatino]
675 3430 837 3493 Cujus
872 3432 1120 3494 templum
1146 3431 1196 3479 in
1232 3431 1337 3480 Pa·

276 3505 422 3567 latio,
447 3520 603 3569 supra
624 3521 670 3555 e.
693 3510 774 3554 29.

338 3591 364 3627 s
397 3583 601 3644 Deiecto
622 3583 682 3631 ab
718 3583 845 3634 hum.
867 3584 1002 3648 toga]
1036 3585 1155 3633 Mos
1191 3589 1337 3634 nota-

278 3668 362 3711 tus
395 3661 507 3724 jam
543 3675 703 3724 snpra
726 3661 775 3709 in
799 3662 905 3712 Jul.
927 3677 973 3712 c.
997 3666 1076 3711 33.
1109 3662 1160 3712 in
1196 3662 1335 3710 omni

277 3739 413 3788 enim
465 3738 702 3801 graviore
761 3738 1101 3790 commotione
1165 3747 1336 3789 vestes

278 3814 608 3870 scindebant,
665 3820 851 3877 pectus
909 3814 1197 3879 nudabant,
1235 3830 1337 3864 non

276 3891 372 3956 ipsi
395 3892 583 3952 solum,
606 3890 696 3938 sed
722 3898 777 3940 et
801 3890 977 3941 Groeci
998 3884 1059 3941 'et
1082 3892 1317 3942 Hebraei.

335 3966 361 4001 ¹·
399 3967 646 4031 Corripuit
667 3966 844 4029 edicto]
894 3967 1013 4017 Hoc
1036 3976 1116 4018 est
1139 3969 1338 4032 scripto

280 4045 486 4108 publice
525 4044 798 4107 proposito
821 4042 1113 4106 increpuit;
1146 4059 1246 4093 non
1283 4060 1335 4094 e·

280 4121 383 4170 nim
435 4121 504 4170 de
561 4119 766 4183 publico
817 4119 1039 4182 quodam
1095 4118 1339 4170 mandato

281 4210 487 4260 semper
520 4192 859 4257 intelligenda
883 4196 1112 4259 vexilla,
1146 4197 1240 4246 sed
1274 4196 1341 4245 de

279 4286 338 4321 eo
372 4272 511 4322 omni
568 4271 702 4335 quod
760 4270 965 4335 publice
1000 4272 1339 4339 significatum

1420 3202 1761 3252 adulationes.
1826 3200 1913 3251 Sic
1932 3199 2188 3250 Martialis
2216 3198 2366 3264 Epig.
2398 3204 2482 3249 72.

1418 3278 1509 3328 lib.
1557 3293 1613 3328 x.
1678 3280 1694 3307 ⁴
1721 3279 1932 3327 Frustra
1974 3277 2240 3327 blanditiae
2298 3278 2484 3326 venitis

1419 3355 1483 3403 ad
1511 3370 1610 3411 me,
1650 3353 1862 3404 Attritis
1898 3354 2217 3403 miserabiles
2263 3353 2485 3416 labellis,

1420 3431 1670 3478 Dicturus
1714 3428 1995 3484 dominum,
2028 3431 2325 3492 Deumque,
2380 3444 2482 3477 non

1418 3507 1564 3555 sum.'
1637 3505 1736 3554 Vel
1780 3506 2062 3567 irrisiones,
2097 3507 2141 3554 si
2190 3521 2307 3555 cum
2350 3506 2482 3555 aliie.

1417 3582 1563 3631 Idem
1589 3581 2082 3647 Martial.epist.58.
2104 3581 2198 3631 lib.
2224 3595 2282 3631 v.
2318 3589 2331 3609 ‘
2352 3581 2481 3630 Cum

1419 3671 1548 3708 voco
1580 3665 1632 3706 te
1665 3657 1944 3720 dominnm,
1979 3657 2084 3708 noli
2120 3657 2235 3713 tibi,
2286 3658 2478 3719 Cinna,

1420 3737 1659 3801 placere3
1688 3736 1841 3798 Soepe
1867 3735 2023 3784 etiam
2059 3750 2263 3784 servum
2300 3737 2376 3783 sic
2402 3750 2482 3785 re·

1415 3816 1585 3864 saluto
1610 3812 1817 3863 meum.’
1886 3813 2038 3862 Unde
2068 3813 2224 3862 etiam
2247 3812 2483 3862 Tiberius

1416 3906 1448 3940 a
1470 3890 1692 3955 quodam
1711 3890 1785 3938 sic
1810 3888 2103 3950 appellatus
2133 3887 2480 3954 denuntiavit,

1418 3981 1484 4017 ne
1506 3983 1563 4017 se
1586 3968 1804 4031 amplius
1841 3965 2170 4014 contumeliae
2209 3980 2366 4014 causa
2389 3980 2482 4015 no.

1417 4047 1661 4106 minaret,
1689 4042 1824 4092 infra
1844 4042 1962 4092 Tib.
1987 4057 2034 4093 c.
2069 4047 2152 4094 27.
2188 4052 2481 4108 suppetunt

1420 4124 1523 4173 alia
1548 4122 1734 4186 passim
1764 4121 2005 4183 exempla
2036 4121 2222 4172 Claud.
2247 4137 2366 4187 cap.
2385 4127 2468 4173 21.

1420 4206 1477 4250 et
1500 4200 1552 4249 in
1576 4197 1877 4249 Domitiano
1900 4198 2205 4262 praesertim.
