3019 4922
1232 396 1528 447 sumus,
1758 341 1762 345 .
2346 383 2480 451 121

292 542 517 610 merito
548 541 896 624 Augustus
921 537 935 576 ἰ
965 538 1310 607 existimat
1330 549 1357 592 ⁷
1386 540 1604 625 magis
1634 542 1721 607 ab
1751 542 2071 609 actuariis
2103 549 2453 629 exceptam
2461 571 2482 626 ‚¹

229 725 236 731 .
295 648 455 713 male
495 644 1061 732 subsequentibus
1091 646 1296 712 verba
1323 645 1634 723 dicentiS,
1678 666 1881 731 quam
1913 648 2000 713 ab
2030 649 2185 733 ipso
2214 646 2480 714 editam.

294 750 456 816 Nam
483 752 555 816 in
585 751 993 837 quibusdam
1023 750 1513 835 exemplaribus
1536 750 1561 790 ⁸
1615 752 1910 830 invenio,
1954 773 2041 817 ne
2088 752 2481 838 inscriptam

294 855 543 940 quidem
578 858 598 888 ‘
625 853 762 919 Pro
789 850 1114 932 Metello,'
1144 853 1284 932 sed,
1315 856 1336 888 ‘
1361 873 1565 939 quam
1597 856 1918 940 scripsit⁹
1953 857 2237 923 Metello
2263 855 2303 939 ς’
2330 878 2483 923 cum

293 976 371 1022 ex
400 978 685 1043 persona
735 955 1029 1024 Caesaris
1081 977 1296 1048 sermo
1340 958 1449 1038 sit,
1484 957 1831 1025 Metellum
1892 981 2101 1046 seque
2155 962 2480 1027 adversus

291 1063 733 1127 communium
751 1063 1269 1128 obtrectatorum
1291 1060 1783 1127 criminationes
1803 1065 2174 1148 purgantis.
2189 1064 2482 1150 ‘Apudw

289 1166 523 1232 milites
545 1164 564 1192 ⁹
610 1186 878 1252 quoque
923 1165 1032 1230 ‘in
1069 1162 1455 1248 Hispania,'
1500 1165 1682 1230 idem
1714 1164 2056 1251 Augustus
2089 1170 2478 1249 [orationem

290 1291 426 1337 esse
447 1270 496 1347 ¹]
539 1270 667 1337 vix
704 1271 920 1356 ipsius
969 1273 1204 1354 putat:
1257 1287 1409 1352 quae
1462 1275 1685 1335 tamen
1725 1269 1981 1355 duplex
2035 1271 2272 1337 fertur:
2318 1291 2477 1349 una,

289 1376 470 1460 quasi
496 1374 724 1459 priore
751 1381 775 1411 ²
822 1373 1055 1439 habita
1084 1368 1370 1458 praelio,¹‘
1415 1373 1649 1453 altera,
1678 1375 2088 1458 posteriore;
2141 1395 2277 1460 quo
2315 1374 2481 1442 Asi-⁶

287 1480 426 1545 nius
455 1476 727 1550 Pollio¹
783 1498 866 1543 ne
898 1482 1160 1562 tempus
1191 1476 1457 1563 quidem
1492 1478 1936 1545 concionandi
1963 1479 2278 1545 habuisse
2323 1500 2479 1545 eum

289 1583 461 1663 dicit,
507 1582 740 1648 subita
765 1580 1058 1648 hostium
1083 1579 1530 1646 incursione.¹¹¹
1618 1579 1777 1663 [56.]
1821 1580 2125 1667 Reliquit
2152 1590 2222 1647 et
2264 1602 2480 1649 rerum

1197 1779 1562 1801 OOOOOOOOOOOO

288 1910 373 1963 lius
385 1912 602 1963 Momm.
621 1912 965 1975 auctoritate3
987 1928 1101 1964 cum
1123 1919 1295 1964 tamen
1315 1914 1548 1966 voculam
1574 1929 1676 1966 non
1690 1920 1968 1979 agnoscant
1984 1914 2173 1978 Copes.
2194 1911 2306 1979 (qui
2325 1910 2480 1962 etiam

283 1992 360 2041 pro
379 1979 668 2042 Metelloque
690 1978 805 2043 uon)
832 1979 1063 2030 Harlem.
1083 1979 1218 2048 Edd.
1244 1980 1396 2032 Rom.
1416 1982 1549 2033 Bou.
1566 1981 1699 2032 Ven.
1723 1989 1790 2031 tr.
1806 1980 1973 2046 Lugd.
1991 1980 2140 2032 Junt.
2157 1977 2276 2029 Ald.
2297 1978 2482 2042 Steph-

288 2044 401 2094 Bas.
441 2054 496 2096 et
541 2045 613 2095 al.
653 2044 927 2095 delendam
968 2059 1098 2109 esse,
1144 2053 1200 2095 et
1245 2045 1638 2098 distinctionem
1670 2054 1790 2111 post
1822 2048 1924 2108 ser.
1970 2045 2279 2111 ponendam,
2303 2042 2486 2106 decreq

287 2110 357 2159 vit
388 2109 528 2162 Oud.
578 2125 730 2175 quem
768 2111 934 2161 secuti
966 2117 1087 2160 sunt
1109 2109 1268 2161 Wolf.
1305 2118 1362 2163 et
1396 2112 1618 2177 Baumg.
1676 2112 1850 2163 Habet
1887 2112 2008 2163 Pin.
2043 2127 2147 2177 quoe
2182 2125 2293 2172 noa,
2322 2117 2377 2159 et
2407 2109 2489 2159 ita

287 2177 515 2226 emendat
540 2174 792 2227 Scheffer.
812 2176 917 2237 ser.
937 2192 1025 2240 pro
1049 2177 1114 2233 Q.
1131 2178 1205 2229 Μ.
1227 2193 1334 2240 quoe
1354 2193 1447 2228 nou
1466 2179 1502 2228 i.
1517 2178 1581 2228 A.
1603 2194 1644 2228 e.
1663 2193 1729 2230 m.
1750 2194 1797 2228 a.
1820 2184 1914 2230 act.
1931 2183 2136 2241 recepta,
2152 2192 2215 2225 m.
2237 2191 2279 2226 s.
2297 2190 2342 2224 v.
2363 2176 2411 2224 tl.
2431 2191 2487 2238 q.

286 2239 338 2288 ab
355 2241 390 2290 i.
410 2243 564 2302 edita,
586 2243 668 2291 cui
690 2241 872 2292 favent
896 2241 1266 2308 aliquantulum
1287 2242 1478 2307 Copes.
1499 2243 1681 2307 Cujac.
1700 2244 2003 2294 exhibentes
2023 2248 2243 2304 excepta,
2261 2248 2316 2290 et
2335 2240 2484 2290 edita.

286 2311 372 2356 ·-7
403 2307 735 2358 Existimabat
763 2306 918 2357 Viud.
958 2313 1008 2358 1.
1041 2307 1215 2358 Periz.
1252 2307 1351 2359 Ed.
1375 2308 1524 2360 Cald.
1547 2318 1603 2359 et
1624 2325 1754 2360 unus
1775 2312 1921 2359 Torr.
1943 2309 2207 2360 extimebat
2246 2305 2483 2357 Harlem.

287 2370 407 2423 Veu.
428 2378 476 2424 2.
496 2378 552 2424 3.
595 2374 723 2423 Tum
758 2372 988 2424 actuariis
1007 2373 1158 2423 Voss.
1192 2375 1479 2437 expectariis
1499 2374 1656 2425 Viud.
1694 2380 1739 2426 1.
1774 2375 1975 2425 accur-iis
2009 2375 2185 2439 Cujac.
2253 2371 2388 2421 Item
2428 2371 2484 2433 iu

286 2435 440 2490 Rbed.
463 2445 509 2490 1.
546 2437 881 2505 subsequenter
901 2438 1031 2490 verb.
1057 2439 1441 2491 dicentibus.-8
1478 2440 1804 2506 Exemplar-iis
1835 2440 1974 2493 Edd.
2002 2439 2154 2491 Rom.
2177 2443 2233 2490 et
2257 2452 2377 2488 mox
2409 2437 2485 2486 in·

285 2504 620 2568 scriptum—9
650 2506 794 2557 Torr.
817 2506 929 2555 baec
954 2505 1114 2555 verba
1134 2524 1183 2571 q.
1216 2520 1310 2556 scr.
1350 2521 1416 2556 ex
1451 2506 1764 2571 glossemate
1802 2507 1973 2574 aliquo
1997 2513 2166 2556 suiuta
2194 2502 2484 2568 suspicanti

287 2570 655 2621 acceditMed.
677 2576 725 2621 8.
747 2571 831 2622 cui
853 2571 1002 2621 deest
1024 2568 1086 2620 τὸ
1105 2572 1318 2638 scripsit,
1340 2580 1394 2622 et
1416 2571 1564 2622 Cort.
1583 2587 1685 2622 non
1707 2572 1902 2623 habeus
1922 2572 1988 2622 τὰ
2007 2589 2054 2636 q.
2076 2586 2171 2622 scr.
2189 2571 2313 2619 Met.
2329 2568 2486 2619 sicuti

285 2633 368 2684 illa
402 2652 519 2686 cum
555 2638 735 2687 vocula
766 2638 848 2686 sed
892 2638 1105 2687 exulant
1139 2637 1206 2687 ab
1235 2637 1331 2688 Ed.
1355 2638 1490 2688 Ven.
1527 2643 1574 2689 1.
1625 2639 1754 2688 Mox
1789 2637 1929 2701 Lips.
1960 2638 2062 2699 legi
2097 2636 2266 2687 voluit
2300 2647 2487 2697 expers.

288 2700 479 2764 Metelli,
520 2709 579 2752 et
608 2717 704 2766 pro
734 2716 875 2767 seque
896 2703 1030 2753 Ven.
1065 2707 1114 2753 1.
1146 2706 1417 2768 sepa—10
1451 2703 1612 2754 Malit
1643 2704 1795 2753 Torr.
1828 2706 1891 2753 ad
1922 2703 2119 2752 mih—1
2154 2701 2325 2749 Voces
2358 2700 2487 2748 istas

286 2767 419 2829 quasi
444 2767 649 2832 spurias
672 2768 868 2818 delevit
892 2767 1033 2819 Oud.
1067 2768 1313 2819 laudante
1333 2766 1539 2825 Wolfio,
1574 2774 1629 2819 et
1657 2769 1804 2817 uncis
1841 2768 2055 2818 inclusit
2085 2767 2304 2827 Baumg.
2336 2807 2349 2818 .
2373 2762 2486 2812 Ha·

285 2844 388 2882 rum
412 2833 632 2896 primam
655 2848 756 2883 non
782 2834 1021 2898 agnoscit
1041 2834 1254 2883 Memm.
1276 2847 1394 2882 cum
1421 2832 1564 2884 Med.
1586 2837 1635 2883 ³.
1661 2841 1716 2882 et
1737 2833 1839 2883 Ed.
1865 2834 1991 2882 Bas.
2016 2831 2137 2881 dum
2161 2834 2408 2891 corrupte
2432 2829 2484 2876 iu

286 2896 436 2949 Vind.
461 2902 508 2950 l.
533 2899 602 2949 sit
638 2899 692 2948 in
711 2905 835 2950 orat.
867 2897 959 2949 sed
1000 2905 1244 2964 utrasque
1280 2898 1567 2948 omiserunt
1601 2899 1718 2950 Pal.
1756 2903 1802 2948 1.
1838 2902 1889 2949 2.
1917 2897 2102 2962 quibus
2139 2894 2487 2958 astipulantur

289 2961 382 3013 duo
415 2965 566 3014 Torr-
603 2963 940 3031 totidemque‘
959 2963 1113 3015 Grut.
1157 2964 1285 3028 ipsis
1317 2963 1678 3029 probantibus.
1744 2964 1874 3015 Tum
1897 2963 1983 3013 vix
2014 2962 2168 3019 deest
2185 2961 2304 3010 Pin.
2329 2958 2487 3009 Foue-

285 3026 462 3095 Copes.
500 3031 657 3082 Voss.
690 3030 837 3082 Med.
873 3035 922 3082 1.
956 3034 1004 3081 2.
1027 3030 1126 3081 Ed.
1149 3029 1333 3095 Camp.
1366 3038 1424 3082 et
1464 3031 1613 3094 ipsias
1642 3029 1922 3095 Cuiam—2
1958 3026 2126 3080 Priori
2169 3023 2339 3078 Rbed.
2368 3029 2484 3075 2.-

1276 3210 1492 3263 NOTAE

286 3326 508 3393 at‚quod
545 3324 785 3378 restituit
818 3325 1157 3378 casaubonus
1179 3340 1342 3392 appo·
1494 3325 1508 3360 ¹
1536 3326 1735 3378 Asinius
1763 3324 1939 3389 Pollio]
1974 3324 2079 3374 Hic
2116 3322 2255 3374 iuter
2295 3321 2487 3374 amicos

287 3403 542 3455 sitissime.
1422 3417 1627 3469 quoque
1666 3403 1921 3454 Caesarisz
1966 3401 2106 3452 unde
2151 3407 2330 3464 potest
2373 3413 2487 3450 esse

345 3480 361 3515 ¹
399 3481 676 3546 Augustas]
743 3482 979 3535 Quodam
1027 3496 1120 3534 suo
1162 3496 1344 3547 opere,
1424 3478 1658 3534 dubium,
1696 3493 1762 3528 an
1800 3479 1914 3543 ipse
1948 3477 2074 3528 belli
2119 3477 2298 3526 Civilis
2324 3475 2483 3527 histo·

288 3555 421 3619 quod
440 3556 683 3606 Suetonii
714 3555 1035 3620 temporibus
1056 3571 1181 3607 vero
1202 3557 1345 3607 simi·
1423 3556 1572 3619 riam,
1596 3569 1661 3605 an
1704 3570 1827 3605 vero
1860 3555 1997 3605 filius
2034 3555 2149 3619 ejus
2183 3554 2490 3618 scripseritg

284 3633 401 3684 liter
424 3633 592 3685 adbuc
625 3634 863 3685 extabat.
928 3634 1167 3685 Actuarii
1188 3644 1343 3700 porro
1421 3629 1528 3681 fuit
1561 3632 1698 3684 enim
1739 3637 1960 3695 uterque
1998 3644 2222 3679 summus
2256 3631 2492 3689 Orator3

286 3711 367 3775 qui
392 3719 517 3762 acta
538 3709 749 3776 publica
779 3711 1170 3778 describebant,
1206 3712 1344 3762 unde
1423 3710 1511 3775 qui
1536 3717 1710 3760 autem
1745 3708 1881 3758 illius
1919 3706 2148 3757 historiae
2178 3705 2487 3769 scriptorem

285 3795 337 3837 et
358 3789 567 3853 notarii,
590 3788 679 3853 qui
716 3789 851 3838 notis
883 3787 949 3838 ad
973 3788 1236 3840 scribendi
1258 3804 1342 3839 ce·
1423 3785 1766 3839 laudaverunt
1777 3782 2017 3848 Augusto
2030 3779 2197 3832 ferme
2212 3783 2491 3848 coaetanei,

285 3865 546 3917 levitatem
570 3864 871 3927 utebantur,
904 3871 966 3915 ut
997 3880 1156 3930 supra
1190 3881 1238 3917 c.
1262 3869 1341 3918 u.
1422 3862 1675 3925 Virgilius
1711 3867 1860 3925 puta,
1898 3866 1952 3909 et
1989 3856 2240 3910 Horatius
2275 3857 2394 3909 Ode
2434 3865 2486 3911 1.

286 3942 413 3995 etin
436 3942 606 3993 Galba
625 3956 675 3993 c.
694 3946 746 3993 6.
769 3948 827 3992 et
845 3940 968 3994 Tito
988 3956 1037 3993 c.
1057 3945 1106 3995 8.
1129 3941 1263 3994 adde
1285 3950 1345 4001 et
1381 3936 1390 3946 ‘
1424 3939 1515 3990 lib.
1541 3954 1604 3990 n.
1639 3939 1874 3988 ‘Motum
1901 3949 1970 3987 ex
2006 3934 2228 3984 Metello
2261 3935 2487 3986 Consule

285 4016 427 4082 Aug.
451 4022 603 4070 e.88.
647 4048 653 4054 ·
1424 4016 1645 4066 civicum
1686 4013 1928 4077 Bellique
1963 4026 2147 4062 causas
2184 4019 2240 4063 et
2274 4013 2401 4063 vitia
2434 4024 2491 4065 et

346 4092 372 4127 ¹¹
417 4094 612 4146 Priore.
638 4094 834 4160 prestio]
899 4094 981 4146 Ad
1032 4095 1347 4161 Cordubam,
1426 4091 1641 4155 modos,’
1660 4095 1761 4142 ἃς.
1828 4092 1906 4141 Ut
1922 4104 2079 4156 supra
2100 4084 2148 4139 c.
2171 4093 2253 4140 30.
2275 4097 2331 4141 et
2352 4089 2490 4155 Aug.

286 4170 576 4234 posteriore
598 4170 664 4222 ad
689 4171 970 4224 Mundamz
1005 4179 1226 4239 utroque
1255 4174 1346 4224 ad·
1425 4185 1545 4234 cap.
1571 4173 1653 4220 48.
1676 4174 1732 4218 et
1752 4167 1934 4219 Claud.
1957 4181 2078 4232 cap.
2098 4169 2180 4215 41.

288 4261 465 4298 versus
486 4249 722 4315 Pompeii
749 4251 964 4316 liberos,
983 4257 1045 4302 ut
1057 4252 1169 4315 Jam
1191 4267 1348 4317 supra
1486 4257 1525 4283 ¹¹¹
1558 4247 1732 4298 Subita
1763 4247 1969 4299 hostiam
2002 4244 2287 4308 incursione]
2317 4241 2491 4294 Aliter

288 4337 332 4377 c.
355 4326 440 4375 86.
467 4333 721 4378 notatum.
1424 4334 1607 4383 auctor
1626 4326 1715 4392 qui
1737 4325 1926 4385 bellum
1952 4321 2302 4387 Hispaniense
2323 4319 2489 4385 scrip·
