3019 4922
443 305 532 369 84

448 463 870 529 Alexandria
901 463 967 526 in
990 461 1017 501 ⁶
1049 459 1364 545 Syriam,¹’
1394 469 1463 526 et
1495 462 1653 525 inde
1682 462 1966 526 Pontum
1989 469 2011 495 ⁰
2045 460 2328 540 transiit,
2360 459 2645 542 urgenti-

447 571 577 644 bus
622 566 706 630 de
737 565 1129 631 Pharnace⁷
1174 565 1462 631 nuntiis:
1512 585 1732 649 quem,
1767 566 2172 631 Mithridatis
2206 562 2474 648 Magninl
2517 565 2647 629 fili-

448 692 586 750 um,
618 690 697 735 ac
727 676 879 734 tunc
910 670 1264 736 occasione
1297 676 1669 753 temporum
1699 667 2116 746 bellantem,⁸
2153 667 2430 752 jamque
2473 668 2646 732 mul-

447 775 660 864 tiplici
694 793 1018 840 successu
1041 782 1062 808 ⁰
1110 772 1565 857 praeferocem,
1596 772 1769 836 intra
1799 773 2129 856 quintum,
2161 780 2410 858 quam⁹
2442 774 2646 839 essue-.-

446 886 572 957 rat,
604 879 806 957 diem,
837 885 1148 961 quatuor,
1181 877 1425 961 quibus
1457 876 1524 939 in
1557 884 1994 960 conspectum
2028 879 2233 960 venit,
2277 879 2483 955 horiS,
2516 899 2649 950 una

449 982 832 1068 profligavit
856 990 907 1019 ¹0
939 982 1086 1045 acie
1114 1001 1131 1061 ;
1157 975 1179 1014 f
1219 981 1450 1044 crebro
1482 999 2008 1044 commemorans
2033 988 2059 1025 g
2092 979 2403 1065 Pompeii
2433 981 2649 1052 felici-

446 1093 677 1164 tatem,
710 1086 820 1150 cui
849 1085 1193 1170 praecipua
1234 1084 1487 1174 militine
1533 1084 1685 1148 laus
1713 1091 1732 1121 ¹
1789 1083 1874 1149 de
1929 1092 2064 1149 tam
2112 1084 2361 1151 imbelli
2408 1106 2647 1167 genere

1306 317 1368 366 C.
1416 314 1781 366 SUEToNll

1366 1268 1725 1289 OOOOOOOOOCOO

446 1387 667 1437 materies
686 1390 806 1435 esset
829 1400 889 1435 ca
930 1383 1059 1433 iunt.
1127 1382 1231 1432 Sed
1265 1382 1400 1431 haud
1438 1382 1613 1446 placet
1635 1382 1792 1431 Burm
1800 1387 1914 1432 .—6
1949 1382 2009 1431 ln
2046 1369 2196 1432 deest
2236 1382 2648 1434 Harlem.ca1d.

446 1454 579 1502 Bon.
612 1450 828 1501 Mediol.
894 1399 1075 1499 gurm.
1110 1446 1299 1513 suffrag
1302 1455 1424 1497 ante
1460 1446 1602 1496 Oud.
1636 1450 1914 1511 repetitum
1950 1449 2124 1506 vellet,
2155 1450 2206 1497 in
2234 1448 2345 1514 Syr.
2383 1456 2428 1501 et
2453 1449 2563 1498 inde
2595 1451 2650 1500 in

450 1520 509 1567 P.
533 1518 625 1568 sed
650 1517 819 1565 nullus
842 1514 1039 1564 addicit
1062 1513 1249 1563 codex.
1318 1513 1633 1575 l’raepositio
1666 1520 1714 1562 et
1747 1516 1933 1562 omissa
1964 1522 2043 1563 est
2081 1516 2129 1563 in
2169 1515 2330 1563 Rhed.
2354 1520 2402 1564 2.
2407 1521 2496 1565 -7
2540 1516 2649 1565 Pro

445 1586 504 1633 de
544 1580 1233 1641 Ph.1···ouc.defrenare.-s
1273 1579 1359 1629 Sic
1403 1580 1617 1628 Memm·
1655 1588 1708 1628 et
1747 1594 1923 1629 omnes
1964 1581 2049 1628 alii
2087 1589 2280 1643 praeter
2313 1580 2522 1645 Pitlioei,
2559 1581 2650 1644 qui

439 1650 766 1711 propalantem
819 1645 1208 1696 habet.1ude
1252 1646 1493 1695 Heinsius
1533 1646 1900 1707 prcepollentem,
1944 1646 2036 1693 sed
2097 1647 2241 1695 malit
2286 1647 2394 1694 Bm
2398 1662 2464 1695 m
2505 1618 2655 1695 imbel-

444 1715 637 1762 lantem.
701 1714 869 1775 Supra
911 1726 968 1760 ac
1007 1717 1126 1773 post
1149 1710 1315 1775 filium
1346 1711 1693 1774 negligentius
1739 1711 1970 1759 additum
2011 1726 2124 1759 esse
2160 1710 2451 1775 suspicatur
2490 1710 2653 1760 Wolf.

446 1793 565 1827 mox
595 1780 797 1833 ferocem
843 1776 988 1825 Huls.
991 1780 1089 1825 -9
1146 1777 1295 1831 Quem
1343 1776 1598 1825 Rl1ed.1.
1655 1776 1854 1825 Vitiose
1901 1777 2044 1826 Cort.
2079 1776 2314 1837 abfuerat
2401 1778 2651 1840 Ceterum

445 1843 603 1893 Vind.
642 1846 686 1892 1.
720 1842 932 1892 venitin
962 1854 1088 1891 cons.
1156 1842 1301 1892 Med.
1338 1846 1386 1890 3.
1430 1849 1484 1889 et
1521 1839 1657 1889 Edd.
1697 1842 1842 1889 Rom.
1878 1842 1926 1889 in
1959 1849 2208 1905 conspectu
2238 1859 2284 1891 v.
2324 1843 2522 1891 solenni
2559 1858 2651 1891 va·

446 1909 685 1958 riatione.
689 1912 817 1957 —10
872 1908 1145 1956 Prostruvit
1190 1907 1306 1956 Pal.
1348 1910 1393 1955 2.
1438 1906 1584 1954 aciem
1632 1906 1860 1955 Harlem.
1903 1908 2038 1955 Veu.
2089 1912 2127 1957 Ι.
2168 1908 2384 1958 Medio!
2389 1912 2481 1956 -1
2519 1908 2652 1956 Laus

444 1975 545 2023 mil.
583 1973 820 2024 Rhed.l.
891 1972 1098 2021 Deinde
1143 1971 1291 2021 deest
1334 1972 1613 2034 contigisset
1659 1973 1908 2023 Huls.-2
1943 1973 2158 2033 Africum
2201 1975 2415 2023 Memm.
2479 1977 2494 2003 ‘
2521 1973 2651 2023 Mox

1440 2120 1657 2169 NOTAE

1587 2246 1661 2282 ιν.
1685 2248 1802 2296 cap.
1825 2238 1875 2283 2.
1907 2234 1920 2262 ⁸
1945 2235 2057 2284 Nec
2082 2250 2210 2284 vana
2232 2234 2299 2292 de
2321 2248 2375 2283 se
2401 2234 2656 2298 praedica-

1589 2310 1662 2358 tio
1697 2318 1777 2359 est
1814 2311 2036 2361 Caesaris
2076 2320 2198 2361 ante
2224 2313 2411 2362 victum
2450 2312 2652 2363 hostem

1587 2401 1872 2452 essequam
1894 2389 2056 2438 visum
2079 2388 2122 2437 :’
2158 2388 2294 2452 qnod
2333 2404 2445 2438 cum
2486 2388 2657 2444 Hirtii,

1586 2467 1879 2525 narratione
1893 2467 2155 2516 cohaerere
2170 2482 2269 2516 non
2295 2467 2500 2516 videtur
2517 2483 2531 2527 ;
2551 2482 2654 2516 nec

1586 2542 1720 2589 enirn
1753 2543 2053 2604 opinantem
2094 2550 2150 2592 et
2188 2543 2289 2591 loci
2323 2541 2513 2590 fiducia
2546 2540 2660 2604 fre-³

508 2238 531 2272 ὓ
566 2235 783 2301 Syriam]
840 2233 977 2285 Asiae
1030 2233 1312 2298 regionem,
1352 2233 1506 2282 hodie

444 2316 636 2376 Sourie,
653 2313 743 2363 sed
763 2313 874 2377 jam
899 2312 1018 2361 inde
1043 2311 1109 2361 ab
1134 2312 1235 2360 illis
1260 2311 1503 2374 tempori-

444 2394 541 2443 bus
584 2394 734 2456 louge
774 2393 964 2442 arctior
991 2398 1123 2453 erat,
1146 2390 1380 2456 quamvis
1404 2389 1504 2438 Pa-

443 2471 682 2521 lestinam
717 2470 945 2535 aliasque
975 2470 1212 2533 regiones
1244 2483 1343 2517 non
1381 2483 1503 2530 pau·

443 2563 528 2598 cas
569 2545 879 2608 includeret,
921 2561 1073 2610 quam
1117 2551 1273 2595 antea
1319 2543 1503 2609 priscis

443 2624 780 2689 temporibus,
814 2622 1168 2673 Semiramidis
1221 2637 1405 2686 nempe
1450 2630 1504 2670 et
1587 2626 1694 2668 tum
1737 2619 1996 2668 Caesarem
2033 2619 2655 2682 aggressus‘Pharnaces

440 2700 795 2765 Assyriorum.

504 2788 528 2815 ⁰
565 2778 798 2841 Pontum]
832 2779 962 2829 Quae
997 2784 1119 2828 ante
1151 2777 1361 2829 fuerunt
1385 2778 1502 2829 duae

440 2855 697 2919 regiones,
728 2854 932 2903 Pontus
965 2854 1029 2902 ad
1065 2862 1233 2903 ortum
1261 2856 1403 2915 soliS‚
1437 2855 1501 2904 ad

440 2944 676 2980 occasum
716 2928 981 2992 Bithynia,
1026 2936 1083 2978 ut
1120 2930 1194 2978 ait
1231 2931 1504 2980 Cluverius

441 3007 530 3056 lib.
556 3021 610 3056 v.
632 3021 751 3067 cap.
777 3009 859 3054 17.
884 3020 961 3054 eae
987 3005 1189 3054 unicam
1214 3006 1364 3056 bodie
1382 3022 1501 3077 con-

439 3083 680 3146 stituunt,
724 3098 873 3147 quam
910 3083 1154 3144 Maginns
1197 3083 1500 3147 quibusdam

438 3161 639 3217 Bursia,
678 3159 910 3224 pluribus
945 3161 1235 3224 Becsangial
1273 3170 1502 3213 testatur

437 3238 708 3301 appellari.

502 3313 526 3346 ‘¹
559 3313 865 3363 Mithridatis
899 3314 1098 3381 Magni]
1142 3316 1244 3369 Qui
1284 3312 1497 3382 quinde-

377 3412 380 3417 ·
437 3389 536 3439 cim
560 3398 681 3438 ante
708 3393 854 3440 aunis
889 3393 1114 3458 undique
1148 3393 1497 3458 profligatusa

438 3466 711 3532 Pompeio,
734 3467 854 3517 dum
895 3468 1070 3534 fugam
1096 3470 1146 3519 in
1171 3472 1368 3521 Gallias
1392 3489 1496 3523 me·

437 3543 713 3606 ditaretur,
754 3546 915 3609 ipsius
963 3546 1075 3609 filii,
1116 3548 1267 3612 hujus
1308 3563 1496 3614 nempe

434 3619 499 3670 de
525 3637 626 3686 quo
650 3621 734 3672 hic
759 3632 842 3672 est
865 3639 1056 3687 sermo,
1073 3626 1359 3675 Pharnacis
1383 3641 1496 3690 pro·

433 3698 631 3748 ditione
666 3702 715 3748 iu
756 3700 1175 3764 desperationem
1198 3708 1345 3752 actus
1378 3705 1493 3768 ipse

432 3775 529 3824 sibi
555 3790 733 3825 necem
758 3778 1021 3828 intulerat.

498 3859 521 3885 e
546 3853 807 3915 Multiplici
822 3857 1057 3920 successu]
1082 3858 1215 3907 Fuso
1236 3858 1369 3906 enim
1384 3840 1506 3909 Do?

437 3929 581 3978 mitio
607 3930 839 3993 Calvino,
858 3936 1164 3997 expugnatis
1189 3951 1249 3985 ac
1274 3935 1493 4000 direptis

432 4006 668 4068 pluribus
704 4009 928 4071 oppidi8‚
963 4012 1184 4060 Pontum
1222 4022 1489 4076 paternum

433 4096 666 4146 regnum,
699 4083 787 4134 sed
824 4087 964 4149 nullo
986 4087 1324 4151 defendente,
1347 4105 1489 4140 rece-

432 4158 569 4222 pisse
593 4161 925 4225 gloriabatur.

453 4239 465 4252 ·
496 4232 515 4266 f
551 4237 659 4286 Una
690 4237 969 4300 profligavit
1005 4238 1131 4302 acie]
1177 4240 1354 4290 Florus
1395 4243 1485 4307 lib,

1585 2709 1747 2758 prope
1774 2695 2210 2758 pertnrbaverat3
2243 2703 2300 2745 et
2327 2695 2449 2743 vicit
2473 2695 2664 2760 Caesar-2

1587 2773 1602 2797 ‘
1625 2771 1840 2819 multum
1869 2771 2090 2835 juvante
2113 2779 2300 2821 natura
2323 2771 2457 2832 loci3
2494 2773 2656 2835 pluri·

1584 2862 1718 2896 mum
1747 2850 1971 2897 Deorum
2008 2849 2373 2899 immortalium
2419 2850 2656 2914 benigni-

1585 2931 1718 2986 tate,
1745 2925 1834 2991 qui
1871 2941 1985 2975 cum
2021 2927 2256 2976 omnibus
2284 2926 2488 2976 casibus
2526 2926 2659 2993 belli=

1583 3003 1866 3062 intersunt,
1903 3010 2011 3052 tum
2050 3007 2319 3068 praecipue
2353 3004 2427 3052 eis
2459 3004 2650 3068 quibus

1584 3081 1709 3132 nihil
1737 3083 1936 3132 ratione
1961 3083 2131 3146 potuit
2155 3082 2538 3132 administrari.’
2578 3078 2659 3145 Et,

1582 3172 1643 3206 eo
1668 3157 1819 3208 modo
1847 3174 1952 3209 rem
1987 3167 2165 3209 narrat
2189 3174 2290 3224 quo
2315 3161 2398 3209 vix
2423 3169 2652 3224 quatuor

1582 3251 1682 3286 non
1707 3237 1924 3302 amplius
1956 3239 2096 3289 horis
2134 3246 2452 3291 transactam
2479 3239 2652 3291 credi-

1579 3313 1736 3366 deris.

1641 3400 1666 3435 Ε
1703 3393 1880 3442 Crebro
1902 3392 2285 3455 commemorans]
2319 3392 2444 3456 Ipsa
2471 3393 2649 3445 Caesa-

1579 3468 1648 3517 ris
1667 3469 1825 3518 verba
1841 3468 2005 3519 refert
2024 3468 2330 3532 Appianus:
2359 3466 2427 3523 Ὦ
2446 3467 2652 3531 μακάριε

1581 3545 1815 3606 Πομπήϊε,
1836 3545 2067 3596 τοιούτοις
2087 3544 2195 3610 ἄρα,
2217 3544 2340 3594 κατὰ
2363 3545 2659 3609 Μιθριδάπιν,

1577 3621 1664 3671 τὸν
1693 3624 1835 3670 τοῦδε
1866 3621 2065 3686 πατέρα,
2085 3625 2310 3683 πολεμῶν
2329 3621 2544 3684 ἀνδράσι,
2561 3623 2659 3685 με’-ι.

1575 3715 1670 3759 γας
1695 3717 1748 3747 τε
1781 3698 2028 3759 ἐνομίσθης
2059 3699 2136 3749 καὶ
2169 3697 2333 3761 Μέγας
2365 3700 2650 3760 ἐπεκλήθης.

1578 3777 1623 3824 0
1642 3780 1688 3825 te
1711 3776 1914 3838 beatum,
1938 3777 2155 3840 Pompei,
2178 3776 2260 3839 qui
2293 3777 2407 3825 bello
2439 3777 2644 3829 Mithri-

1572 3855 1728 3903 datico
1750 3870 1852 3904 cum
1883 3855 2060 3907 talibus
2091 3855 2355 3905 hominibus
2376 3857 2645 3915 decertans,

1573 3933 1752 3994 Magni
1783 3938 1831 3982 et
1864 3932 2265 3983 existimationem
2299 3938 2347 3982 et
2385 3947 2653 3995 cognomen.

1571 4011 1770 4072 adeptus
1791 4025 1856 4060 es.
1923 4011 2040 4060 Qua
2073 4017 2243 4058 tamen
2281 4010 2641 4072 appellatione

1572 4087 1881 4152 Pompeium
1939 4087 2181 4150 juvenem
2243 4085 2537 4151 insignitum
2606 4103 2639 4138 a

1571 4164 1718 4227 Sylla
1750 4163 2062 4225 Plutarchus
2084 4170 2265 4213 auctor
2288 4170 2370 4219 est
2406 4164 2459 4215 in
2481 4162 2636 4214 Pom-

1571 4244 1703 4308 pei0.
