3019 4922
1239 429 1620 484 mutamus.
2385 426 2514 491 479

342 576 745 641 correctione
767 585 818 615 ¹0
837 584 862 611 ⁰
894 597 1044 641 cum
1079 578 1453 662 Pomponio
1487 581 1739 646 Flacco
1769 586 1833 645 et
1862 581 1935 646 L.
1972 579 2215 648 Pisone
2252 592 2513 651 noctem

338 682 863 763 continuumque
921 681 1199 745 biduum
1257 683 1589 766 epulando
1640 684 2059 768 potandoque
2109 690 2511 754 consumsit:

337 800 614 865 quorum
663 782 852 847 alteri
898 783 1155 867 Syriam
1195 785 1631 869 provinciam,
1668 787 1854 851 alteri
1896 788 2357 870 praefecturam
2387 792 2512 857 Ur-

335 882 442 946 bis
466 891 493 932 P
524 885 873 949 confestim
899 883 1177 951 detulit:
1220 888 1554 954 codicillis
1571 897 1627 935 ¹⁹
1659 909 1927 973 quoque
1953 889 2510 974 ‘jucundissimos

334 993 403 1049 et
461 985 747 1050 omniurn
801 986 1143 1052 horarum‘
1193 989 1486 1056 amicos’
1529 991 1903 1074 professus,
1991 993 2213 1058 Sestio
2258 995 2510 1076 Gallo‚2

332 1085 694 1152 libidinoso
728 1107 810 1154 ac
840 1092 1123 1175 prodigo
1157 1096 1324 1171 seni,
1358 1094 1516 1159 olim
1543 1096 1629 1159 ab
1661 1092 1963 1178 Augusto
2005 1096 2364 1177 ignominia
2390 1120 2511 1165 no-

331 1194 500 1268 tato,
530 1197 601 1255 et
630 1211 671 1255 a
701 1211 775 1255 se
798 1200 951 1258 ante
979 1215 1233 1277 paucos
1265 1197 1409 1263 dies
1440 1200 1617 1283 apud
1653 1199 1969 1263 Senatum
2001 1199 2349 1283 increpito,
2371 1221 2509 1267 coe-

329 1311 483 1355 nam
514 1311 593 1357 ea
621 1294 764 1376 lege
796 1296 1140 1377 condixit,⁸
1166 1319 1248 1363 ne
1281 1302 1445 1384 quid
1489 1322 1575 1366 ex
1619 1301 2094 1367 consuetudine
2124 1302 2510 1369 immutaret

328 1400 451 1457 aut
476 1393 788 1473 demeret,
820 1405 1025 1480 utque
1055 1401 1331 1465 nudis3‘
1369 1404 1611 1488 puellis
1655 1404 2171 1469 ministrantibus
2215 1420 2508 1471 coenare*-

328 1503 456 1559 tur.
548 1496 1038 1579 Ignotissimum
1069 1509 1422 1587 quaesturae
1468 1503 1890 1571 candidatum
1921 1505 2354 1573 nobilissimis
2394 1529 2511 1574 an-

1237 1713 1591 1739 “ONNMOO

322 1852 469 1903 Med.
489 1857 810 1908 candum—10
832 1860 1134 1925 Correptione
1153 1864 1348 1914 Medic.
1368 1871 1412 1914 l.
1427 1869 1477 1915 2.
1501 1881 1616 1916 cum
1643 1867 1777 1918 Edd.
1794 1869 1991 1931 Gryph.
2015 1868 2190 1917 Plant.
2238 1868 2365 1917 Mox
2385 1871 2509 1920 alter

324 1918 440 1981 Syr.
464 1920 619 1969 Fouc.
686 1924 855 1973 Deest
890 1928 1098 1987 provinc.
1123 1928 1276 1979 Vind.
1300 1934 1345 1978 Ι.
1383 1932 1432 1978 ἰη
1457 1947 1557 1996 quo
1581 1943 1632 1981 et
1657 1935 1835 1982 dederit
1868 1935 1960 1995 pro
1982 1935 2127 1981 detnl.
2195 1932 2359 1983 Paulo
2381 1944 2503 1983 ante

322 1982 548 2045 Pompeio
571 1986 650 2034 ΡΙ.
684 1987 734 2035 in
772 1989 917 2038 Torr.
953 1991 1081 2040 Cod.
1122 2000 1177 2042 et
1220 1994 1368 2044 Vinc.
1401 1996 1612 2046 Beluae.
1647 1998 2000 2046 acribiam—1
2043 1997 2377 2060 Cedit-illisque
2398 1999 2505 2059 jue.

323 2046 469 2096 Cort.
491 2049 625 2098 Edd.
651 2051 793 2101 Rom.
816 2067 894 2116 pr.
912 2055 1045 2103 Ven.
1065 2057 1183 2106 Sub.
1204 2058 1350 2108 Caid.
1373 2059 1517 2110 Med.
1540 2064 1693 2112 endec.
1719 2062 1911 2112 Medic.
1933 2067 1977 2111 l.
1992 2065 2039 2111 2.
2060 2064 2305 2111 vom—2
2322 2064 2507 2111 Emen-

321 2109 466 2161 davit
489 2113 563 2162 ita
583 2115 728 2166 Torr.
751 2131 863 2165 cum
888 2126 1035 2168 antea
1061 2121 1305 2172 ederetur
1326 2123 1487 2173 Sestio
1514 2127 1726 2181 Claudio,
1752 2134 1808 2175 ut
1832 2127 1882 2174 in
1905 2127 2052 2175 Voss.
2074 2128 2213 2176 Dun.
2231 2128 2315 2175 vel
2337 2127 2505 2177 Sextio

325 2177 524 2225 Claudio
548 2179 672 2227 utin
698 2180 865 2232 Per-iz.
898 2183 1131 2234 Harlem.
1166 2186 1314 2238 Huis.
1352 2189 1585 2253 aliisque.
1632 2192 1750 2241 Sex.
1794 2191 1991 2240 Claudio
2024 2192 2155 2241 Ven.
2186 2196 2235 2241 2.
2261 2196 2311 2241 3.
2358 2190 2506 2241 Sexto

322 2241 524 2290 Claudio
560 2244 721 2305 Lugd.
755 2246 902 2297 Jnnt.
941 2247 1061 2298 Ald.
1104 2252 1279 2315 steph.
1350 2253 1500 2304 Sexto
1540 2255 1706 2305 Clodio
1741 2257 1872 2304 Bon.
1915 2255 2080 2304 Paris.
2151 2256 2305 2304 Sestio
2345 2255 2506 2305 Gallio

317 2305 532 2354 Memor.
557 2322 670 2356 cum
697 2324 793 2358 uno
816 2313 962 2362 Torr.
1011 2315 1180 2365 Sextio
1207 2318 1378 2367 Ganlio
1399 2320 1553 2369 vind.
1573 2325 1618 2369 l.
1644 2334 1803 2382 marg.
1836 2320 1934 2370 Ed.
1961 2320 2104 2370 Med.
2153 2321 2307 2370 Sestio
2331 2322 2506 2370 Gunlio

318 2369 448 2430 Cop.
472 2370 664 2421 Medic.
685 2378 730 2423 1.
749 2378 795 2422 3.
819 2391 877 2425 ac
896 2377 1025 2427 C‘od.
1050 2379 1256 2443 Crucei,
1280 2383 1392 2445 ipso
1419 2384 1669 2447 probante
1693 2386 1815 2435 Fac.
1843 2386 1973 2435 erit.
1999 2393 2035 2434 t.
2060 2398 2097 2434 1.
2119 2402 2168 2445 p.
2190 2390 2301 2435 891.
2354 2386 2504 2436 Sexto

319 2434 515 2484 Galinio
553 2437 704 2486 Huls.
746 2440 945 2491 Sestitio
981 2444 1142 2493 Gauio
1174 2445 1301 2496 alius
1337 2448 1424 2498 lib.
1448 2451 1694 2499 Tora—3
1731 2452 1894 2501 Nauis
1932 2450 2061 2500 Edd.
2097 2449 2294 2515 Gryph.
2325 2449 2502 2499 Plant.

316 2499 445 2549 Mox
468 2501 521 2549 in
539 2508 776 2566 quaestura
798 2507 945 2557 Vinc.
981 2509 1193 2561 Beluae.
1219 2513 1472 2575 probante
1495 2516 1661 2565 Boxh.
1708 2522 1943 2578 epotatam
1966 2515 2114 2566 Huls.
2138 2523 2192 2564 et
2221 2521 2503 2578 properante

1280 2720 1500 2772 NOTAE

382 2847 406 2871 ⁰
439 2841 632 2891 Morum
686 2847 974 2896 correctione
1027 2847 1367 2917 [correptione]

315 2916 446 2966 Quae
470 2932 610 2980 cura,
626 2927 797 2970 stante
837 2924 1138 2988 Republica,
1177 2927 1366 2978 Censo-

1506 2863 1532 2898 ‘1
1551 2857 1826 2922 codicillis]
1844 2857 1962 2907 Hoc
1984 2863 2083 2922 cst,
2107 2855 2190 2904 vei
2207 2853 2391 2909 literis,
2417 2855 2499 2902 vei

1443 2934 1796 2998 pugilaribus,
1828 2935 1948 2997 quin
1987 2940 2043 2982 et
2076 2931 2244 2996 accipi
2265 2938 2499 2994 possunt

313 3005 425 3040 rum
464 3002 596 3057 crat,
628 2999 713 3061 qui
743 3000 958 3062 singuiis
999 3003 1364 3068 quinquenniis

311 3069 638 3135 creabantur,
660 3082 713 3128 et
736 3075 787 3123 in
826 3090 914 3125 eos
951 3079 1202 3130 translata
1224 3088 1363 3145 post-

310 3147 515 3197 modum
540 3157 651 3213 est;
684 3166 812 3216 quos
847 3168 1038 3206 morum
1075 3158 1366 3211 Praefectos

311 3222 509 3288 dixere,
527 3241 678 3290 quam
703 3230 799 3278 sibi
822 3231 946 3294 ipsis
965 3233 1144 3283 Caesar
1174 3242 1231 3285 et
1254 3235 1362 3286 Au·

307 3305 485 3359 gustus
507 3314 896 3366 arrogaverant,
918 3316 978 3356 ut
1014 3322 1172 3372 supra
1192 3311 1243 3360 in
1264 3309 1360 3360 Ju-

309 3374 381 3423 lio
405 3390 520 3439 cap.
545 3382 624 3428 76.
647 3386 702 3428 et
728 3380 962 3443 Augusto
985 3396 1100 3446 cap.
1140 3388 1224 3434 27.
1251 3383 1357 3434 Alii

308 3450 490 3514 legunt
552 3456 847 3505 correctione.
955 3458 1105 3508 Quod
1153 3466 1357 3524 potest3

310 3528 645 3592 corrigebant
698 3533 830 3580 enirn
875 3539 931 3582 et
988 3534 1361 3597 corripiebant,

309 3609 370 3650 ut
407 3604 473 3652 de
508 3605 785 3655 Censorium
822 3615 1057 3658 veterum
1097 3612 1148 3659 in
1190 3625 1361 3662 mores

309 3686 593 3744 potestate,
611 3683 810 3732 Gellius
831 3686 921 3734 lib.
952 3700 1026 3736 tv.
1049 3701 1163 3751 cap.
1182 3691 1264 3737 20.

373 3763 400 3796 Ρ
435 3757 779 3816 Proefecturam
819 3761 988 3823 Urbis]
1021 3763 1101 3814 De
1137 3765 1233 3812 hoc
1257 3780 1364 3814 mtr-

309 3845 437 3881 nere
461 3833 511 3881 in
545 3833 779 3896 Augusto
814 3850 932 3898 cap.
953 3842 1035 3887 97.
1101 3840 1234 3889 Haec
1259 3848 1363 3890 tatu

309 3916 455 3958 arcta
477 3908 679 3959 Tiberii
703 3926 818 3959 cum
842 3913 1006 3961 Lucio
1029 3913 1218 3964 Pisone
1240 3931 1360 3965 con-

308 3985 530 4034 suetudo
567 3989 884 4049 persuaserit
921 3991 1140 4038 eundem
1184 3989 1362 4055 fuisse,

307 4061 396 4124 qui
419 4060 649 4125 ejusdem
673 4063 866 4112 Tiberii
889 4063 1132 4126 impulsu,
1147 4065 1364 4116 Germa·

308 4137 481 4186 uicum
520 4137 571 4186 in
609 4138 761 4200 Syria
811 4152 1012 4188 veneno
1045 4140 1270 4201 sustulit,
1305 4148 1364 4192 ut

307 4211 442 4261 infra
479 4212 529 4262 in
569 4213 803 4277 Caligula
847 4229 965 4278 cap.
994 4219 1044 4264 2.
1080 4215 1179 4264 nisi
1225 4217 1360 4280 quod

310 4292 500 4343 Lucius
521 4292 625 4356 hic,
648 4294 819 4344 Gneus
842 4294 928 4344 ille
954 4300 1246 4344 vocaretur.

1446 3018 1541 3072 pro
1564 3009 1949 3073 diplomatibus,
1973 3022 2088 3073 qnae
2127 3007 2250 3072 quid
2274 3007 2395 3069 sint,
2416 3020 2499 3055 su-

1448 3098 1544 3146 pra
1566 3085 1617 3134 in
1652 3083 1888 3148 Augusto
1910 3100 2024 3149 cap.
2044 3088 2126 3135 50.
2158 3083 2294 3132 Vide
2329 3088 2386 3131 ct
2423 3082 2498 3131 in-

1445 3161 1529 3211 fra
1548 3172 1666 3226 cap.
1692 3168 1777 3212 51.
1799 3165 1895 3211 ὅτε.

1511 3245 1531 3270 ²
1564 3239 1787 3288 Omnium
1841 3237 2086 3300 horarum]
2150 3235 2255 3287 Qui
2312 3230 2497 3297 nempe

1442 3324 1557 3360 scs-e
1604 3321 1707 3361 tam
1752 3313 1901 3361 seriis
1934 3322 2083 3376 quam
2099 3311 2238 3374 jocis
2273 3311 2382 3373 ejus
2410 3324 2496 3358 ac-

1435 3388 1837 3437 commodarent.

1499 3469 1518 3494 ⁸
1546 3458 1802 3523 Condixit]
1827 3461 1945 3511 Hoc
1963 3466 2072 3523 est,
2091 3465 2411 3509 coenatururn
2436 3470 2494 3507 se

1438 3536 1762 3585 denuntiavit
1783 3552 1798 3596 3
1816 3534 2198 3598 jurisconsultis
2214 3535 2351 3583 enim
2375 3538 2496 3583 con·

1444 3612 1605 3662 dictio
1658 3618 1741 3661 est
1800 3610 2124 3661 denuntiatio
2181 3611 2233 3659 iu
2291 3612 2495 3660 certum

1444 3688 1600 3738 diem.
1666 3684 1806 3738 Hinc
1837 3688 2095 3738 condictae
2130 3700 2288 3736 coenae
2325 3699 2400 3735 eae
2424 3683 2499 3733 di·

1446 3765 1716 3827 cebantur,
1754 3765 1818 3814 ad
1855 3777 1983 3829 quas
2025 3763 2258 3814 convivae
2297 3761 2495 3824 seipsos

1445 3840 1742 3889 invitarent.
1809 3841 1991 3891 Cicero
2012 3839 2102 3889 lib.
2124 3838 2304 3888 Famii.
2330 3834 2497 3901 Epist.

1443 3921 1491 3966 9.
1530 3924 1544 3946 ‘
1569 3918 1700 3966 Cum
1728 3916 1850 3965 mihi
1881 3915 2217 3971 confixisset,
2268 3912 2496 3962 coenavit

1444 3991 1581 4054 apud
1607 3993 1721 4042 me?
1790 3990 1859 4041 Et
1877 3987 2015 4039 infra
2037 3984 2219 4038 Claud.
2257 3994 2374 4050 cap.
2410 3991 2493 4037 21.

1441 4066 1654 4117 ‘Subita
1676 4066 2022 4130 condictaque
2041 4061 2279 4126 coenula‚'
2299 4066 2397 4111 &c-

1505 4146 1523 4175 ⁸
1556 4142 1734 4205 Nudir]
1750 4141 1854 4191 Alii
1872 4141 2053 4205 legunt
2071 4141 2229 4190 nullis.
2263 4139 2415 4191 Quod
2439 4145 2495 4189 et

1440 4223 1634 4282 potest,
1672 4218 1817 4282 quasi
1840 4226 2026 4281 nempe
2061 4216 2115 4265 id
2139 4224 2296 4265 unum
2320 4230 2351 4266 e
2372 4230 2510 4291 com·

1442 4292 1718 4344 suetudine
1739 4293 1984 4346 voluisset
2005 4294 2343 4345 immutatum.
2487 4302 2490 4305 ·
