3019 4922
2395 374 2523 439 231

318 537 425 615 Et,
458 540 478 569 ‘
500 537 634 599 Sat
655 532 959 600 celeriter
977 539 999 568 ⁸
1031 530 1196 608 fieri,
1219 529 1543 614 quicquid
1564 529 1682 593 fiat
1705 530 1872 595 satis
1896 530 2111 596 bene.'
2155 531 2519 598 Praelium⁵

318 640 595 725 quidem
629 644 747 702 aut
773 636 1027 701 bellum
1059 632 1563 717 suscipiendum
1588 634 1859 698 omnino
1882 635 2195 717 negabat,
2210 636 2341 700 nisi
2365 656 2521 701 cum

320 742 534 826 major
555 737 578 776 f
620 739 1041 805 emolumenti
1072 758 1255 822 speS,
1286 756 1484 820 quam
1518 736 1744 822 damni
1776 744 2017 816 metuS,
2056 738 2528 805 ostenderetur.

320 846 501 912 Nam
543 845 874 910 ‘minima
904 841 1258 908 commoda
1294 860 1431 905 non
1453 841 1725 905 minimo
1757 847 2092 906 sectantes
2121 842 2525 922 discrimine,

319 949 622 1015 similes’
669 949 895 1014 aiebat
937 952 1130 1011 ‘esse
1178 963 1380 1009 aureo
1426 943 1625 1007 hamo
1656 944 2119 1027 piscantibus:
2164 944 2359 1029 cujus
2408 947 2529 1010 ab·

321 1052 500 1137 rupti
531 1051 845 1117 damnum
875 1049 1059 1114 nulla
1088 1056 1368 1132 captura
1398 1049 1664 1131 pensari
1704 1048 1982 1132 posset.²
2068 1048 2225 1133 [26.]
2270 1049 2526 1132 Magis-

318 1163 539 1223 tratus
589 1163 796 1239 atque
840 1154 1127 1218 honores
1158 1150 1263 1216 et⁶
1291 1158 1466 1234 „ante
1516 1159 1807 1237 tempuS,
1857 1160 1930 1217 et
1976 1151 2307 1235 quosdam
2363 1153 2526 1218 novi

317 1262 585 1342 generis
615 1265 1114 1343 perpetuosque
1133 1265 1160 1302 ⁸
1207 1256 1411 1340 cepit.
1499 1255 1936 1330 Consulatum
1965 1255 2292 1321 vicesimo
2311 1252 2338 1290 ¹²
2364 1261 2529 1320 aeta-

317 1364 403 1425 tis
435 1381 619 1427 anno
649 1361 920 1437 invasit,
958 1359 1248 1424 admotis
1293 1359 1622 1423 hostiliter
1676 1360 1763 1423 ad
1819 1359 2070 1424 Urbem
2122 1359 2525 1441 legionibus,

314 1466 705 1549 missisque,
753 1465 870 1548 qui
919 1463 1050 1527 sibi
1107 1462 1373 1526 nomine
1429 1463 1766 1528 exercitus
1824 1464 2314 1547 deposcerent:
2359 1481 2517 1526 cum

314 1569 644 1652 quidem‚⁷
689 1571 1042 1632 cunctante
1072 1564 1353 1643 Senatu,
1404 1565 1755 1642 Cornelius
1810 1565 2157 1643 Centurio,
2204 1564 2521 1648 princeps

315 1671 701 1754 legationiS,
744 1671 1002 1755 rejecto
1032 1665 1308 1750 sagulo,i
1350 1669 1703 1733 ostendens
1754 1669 1960 1752 gladii
2012 1669 2350 1751 capulum,
2397 1686 2528 1730 non

1222 387 1620 436 OCTAVIUS.

314 1773 702 1840 dubitasset
731 1775 801 1838 in
834 1772 1039 1838 Curia
1070 1772 1314 1850 dicere,
1361 1773 1543 1837 ‘Hic
1573 1773 1798 1851 saciet,
1840 1774 1899 1837 si
1930 1791 2055 1837 vos
2106 1791 2244 1835 non
2286 1768 2528 1834 feceri·
2631 1844 2638 1852 ⁴

320 1876 497 1942 tis.’⁸
596 1877 985 1943 Secundum
1030 1876 1451 1942 consulatum
1482 1883 1648 1961 post
1675 1895 1915 1940 novem
1946 1868 2212 1951 annos,¹‘
2257 1873 2526 1935 tertium

1241 2056 1614 2080 “voulut“

312 2174 522 2236 astatis
537 2173 591 2223 in
606 2173 761 2223 vind.
776 2179 926 2224 2.-5
951 2173 1152 2223 Medic.
1171 2177 1222 2224 3.
1241 2180 1296 2223 et
1316 2175 1476 2225 Polit.
1494 2175 1623 2224 daut
1637 2189 1728 2237 pro
1743 2176 1880 2237 proel.
1914 2172 2051 2221 Tum
2070 2167 2296 2220 sectantis
2310 2168 2529 2217 Mamm.

312 2247 366 2289 et
389 2240 609 2289 tandem
633 2254 731 2289 esse
745 2240 903 2289 aiebat
926 2239 1083 2289 Viud.
1107 2244 1157 2289 2.
1178 2241 1317 2289 unde
1336 2240 1396 2289 τὸ
1417 2241 1575 2291 aiebat
1600 2242 1819 2303 glossam
1845 2252 1960 2287 esse
1983 2244 2136 2300 putat
2161 2235 2399 2285 Oude-ss
2432 2232 2533 2281 Sed

310 2311 422 2355 «nte
449 2304 666 2353 Merum.
686 2306 845 2355 Fouc.
865 2305 1063 2354 Medic.
1087 2309 1135 2354 2.
1166 2306 1284 2368 euj.
1315 2307 1470 2356 Voss.
1490 2307 1505 2314 “
1537 2304 1684 2356 Infra
1715 2304 1970 2355 admonitis
2008 2301 2107 2352 Ed.
2145 2298 2367 2350 Casaub.
2399 2297 2529 2347 vitio

310 2368 452 2421 forte
475 2374 867 2433 operarum—7
895 2370 1105 2427 Quidam
1122 2369 1291 2420 Periz.
1313 2372 1449 2422 Edd.
1465 2371 1603 2421 Ven.
1629 2378 1695 2420 tr.
1722 2370 1886 2434 Lugd.
1908 2367 2056 2418 Med.
2071 2365 2220 2417 eald.
2270 2366 2399 2414 Mox
2419 2377 2533 2411 con·

309 2440 528 2487 certante
552 2437 701 2488 Cort.
723 2443 777 2487 et
800 2436 937 2487 Edd.
956 2436 1201 2488 Rom.--8
1225 2436 1284 2487 Si
1303 2437 1506 2498 novrsec.
1529 2452 1611 2488 vos
1629 2436 1790 2487 vind.
1815 2440 1862 2487 1.
1885 2434 2057 2484 Periz.
2078 2432 2225 2484 Harl.
2241 2430 2377 2480 Edd.
2394 2429 2531 2478 Ven.

1311 2583 1527 2634 NOTAE

369 2689 394 2716 Φ
430 2680 526 2731 Sat
537 2679 777 2744 celeriter]
802 2681 1018 2733 Dictum
1035 2682 1252 2734 Catonis
1273 2683 1288 2712 ‘
1305 2689 1386 2732 sat

311 2759 440 2823 cito,
461 2759 508 2808 si
535 2765 620 2808 sat
644 2757 813 2811 bene?

372 2834 395 2866 f
422 2833 620 2897 Major]
657 2835 790 2884 Haec
813 2833 985 2883 omnia
1000 2833 1168 2883 ferme
1188 2832 1252 2881 ad
1272 2847 1385 2881 ver·

310 2911 429 2961 bum
450 2910 701 2960 Aurelius
719 2911 772 2958 in
790 2909 1046 2974 Augusto.
1083 2910 1260 2960 Graeci
1280 2924 1388 2958 ver-

310 3001 394 3037 sus
440 2986 718 3050 Euripidis
753 2995 876 3037 sunt
910 2987 963 3036 in
990 2987 1244 3038 Phoeniss.
1267 2991 1384 3037 609.

311 3061 431 3113 vide
475 3063 534 3110 in
577 3061 719 3113 Julio
761 3067 913 3112 c.30.
981 3063 1123 3112 Nota
1157 3063 1172 3090 ‘
1196 3062 1385 3112 cauto’

312 3141 515 3205 opponi
555 3140 571 3167 ⁴
599 3139 914 3190 audentem?
978 3141 1149 3204 Supra
1186 3140 1237 3188 in
1278 3140 1385 3192 Jnl.

312 3232 358 3266 c.
379 3223 463 3267 58.
509 3217 562 3265 in
587 3217 806 3267 nummis
838 3231 1041 3282 quoque
1077 3217 1180 3266 suis
1203 3217 1256 3266 id
1281 3217 1384 3281 sig-

309 3294 577 3357 uifieavit‚
595 3309 713 3342 cum
737 3293 1014 3344 terminum
1034 3294 1238 3344 fulmini
1262 3310 1385 3344 con·

300 3370 551 3432 junctum
596 3371 871 3433 expressit,
922 3373 1129 3436 qualem
1184 3370 1387 3434 profert

311 3445 653 3508 Torrentius,
688 3451 743 3494 et
769 3445 958 3511 literis,
991 3454 1053 3496 ut
1073 3446 1274 3497 Gellius
1296 3448 1387 3496 lib.

313 3535 373 3572 x.
397 3537 523 3586 cap.
548 3526 631 3572 11.
671 3522 808 3586 quod
840 3529 897 3572 et
922 3524 1067 3573 Titus
1103 3523 1388 3586 imperator

313 3602 550 3650 anchora
575 3615 689 3659 cum
714 3600 964 3663 delphino
986 3600 1315 3664 significavit.

375 3685 403 3721 s
442 3677 578 3726 Novi
610 3677 820 3739 gener-2⁰⁸,
861 3676 1221 3741 perpetuosque]
1277 3677 1390 3728 Illis

312 3753 724 3803 Triumviratnm
749 3753 1002 3818 intellige,
1020 3754 1100 3803 his
1124 3768 1245 3804 vero
1267 3768 1388 3804 cen-

311 3845 489 3881 suram
520 3837 577 3878 et
597 3828 948 3880 Tribuniciam
973 3837 1309 3894 potestatem,
1329 3838 1390 3881 ut

312 3922 430 3970 cap.
455 3907 693 3972 sequenti
712 3913 881 3970 patet,
914 3922 1065 3972 quam
1090 3909 1210 3958 ideo
1227 3910 1387 3959 maxi-

312 3998 397 4034 me
439 3991 754 4051 perpetuam
791 3985 1013 4048 recepit,
1046 3985 1184 4050 qnod
1217 4001 1385 4036 sacro-

314 4061 488 4110 sancti
512 4059 684 4108 forent
703 4060 895 4111 tribuni
919 4067 976 4110 et
998 4061 1337 4112 inviolabiles.

326 4176 333 4181 .
378 4134 404 4168 ¹²
446 4136 706 4198 Viae-simo]
743 4136 871 4198 Ejus
905 4137 1116 4189 honoris
1146 4137 1390 4201 capiendi

312 4212 576 4274 legitimus
600 4226 763 4262 annus
787 4212 889 4262 fuit
925 4218 1008 4263 43.
1043 4215 1231 4264 Cicero
1268 4215 1392 4264 Phi-

312 4288 449 4355 lipp.
472 4303 533 4339 v.
553 4293 636 4341 48.
670 4288 688 4317 ‘
709 4289 853 4343 Quid
888 4288 1192 4342 Alexander
1212 4292 1392 4343 Mace-

1467 2683 1555 2744 do,
1588 2697 1705 2732 cum
1740 2681 1808 2730 ab
1839 2679 2053 2727 ineunte
2084 2680 2244 2724 aetate
2268 2687 2348 2723 res
2368 2674 2532 2722 maxi-

1466 2775 1577 2809 mas
1600 2773 1785 2822 gerere
1807 2756 2069 2818 coepisset,
2100 2764 2272 2801 nonne
2296 2751 2452 2799 tertio
2476 2757 2533 2799 et

1468 2836 1729 2884 tricesimo
1749 2846 1882 2882 auno
1900 2834 2117 2878 mortem
2132 2826 2296 2876 obiit?
2318 2839 2433 2889 quae
2451 2831 2533 2874 est

1468 2918 1597 2961 aetas
1631 2909 1822 2959 nostris
1849 2905 2049 2969 legibus
2073 2903 2251 2952 decem
2276 2902 2422 2951 annis
2442 2901 2537 2950 mi·

1467 3003 1563 3037 nor
1586 3002 1738 3053 quam
1762 2979 2081 3035 consularis.’
2128 2978 2377 3028 Debebat
2394 2978 2532 3027 enim

1467 3065 1745 3129 prudentia
1764 3068 1820 3111 et
1833 3061 2032 3111 virtute
2051 3055 2301 3121 singulari
2327 3054 2533 3117 conspi-

1467 3157 1593 3192 cuus
1630 3135 1843 3196 is'esse,
1876 3136 1966 3201 qui
1999 3135 2136 3184 hunc
2157 3133 2407 3182 honorem
2431 3147 2534 3181 am·

1464 3218 1663 3281 biebat,
1700 3225 1756 3266 et
1795 3230 1889 3280 per
1921 3213 2273 3273 Quaesturam,
2295 3208 2537 3258 AEdilita-

1468 3306 1592 3359 tem,
1628 3310 1690 3346 ac
1715 3295 2010 3344 Praetursm
2041 3289 2239 3340 aditum
2262 3285 2361 3336 sibi
2384 3292 2535 3348 pate·

1467 3372 1674 3429 fecisse.
1743 3371 1931 3433 Neque
1955 3375 2128 3416 tamen
2148 3364 2335 3414 desunt
2355 3376 2537 3412 eorum

1468 3449 1723 3513 exempla,
1778 3448 1867 3511 qui
1912 3444 2151 3508 juniores
2207 3441 2536 3491 consulatum

1469 3525 1745 3590 gesserint,
1792 3528 1855 3572 ut
1902 3519 2112 3571 Corvini
2165 3523 2221 3567 et
2275 3513 2537 3578 Scipionis

1466 3601 1727 3661 Africani,
1750 3602 1849 3648 ὅτε.

1533 3676 1549 3710 ¹
1570 3675 1776 3739 sagulo]
1808 3671 2040 3724 Militare
2060 3666 2450 3727 vestimentum,
2470 3663 2538 3714 de

1467 3770 1568 3820 quo
1601 3755 1656 3804 in
1690 3752 1798 3804 Jul.
1830 3765 1879 3800 c.
1902 3751 1987 3797 48.
2025 3752 2081 3794 et
2103 3744 2200 3792 hoc
2225 3741 2359 3790 libro
2384 3755 2432 3792 c.
2454 3744 2539 3791 24.
2579 3735 2591 3749 ⁸

1469 3831 1635 3882 simile
1683 3828 1891 3879 omnino
1935 3824 2003 3872 de
2050 3821 2152 3870 alio
2200 3817 2540 3879 Centurione,

1469 3923 1624 3973 quem
1645 3911 1704 3956 ut
1725 3905 2093 3969 prorogaretur
2115 3894 2406 3959 imperium,
2429 3894 2542 3943 Cae.

1445 3978 1450 3982 ’
1468 4000 1553 4034 sar
1576 3984 1696 4032 olim
1716 3981 1947 4030 miserat.
1993 3975 2125 4031 Cum
2139 3973 2276 4022 enim
2292 3985 2393 4019 non
2419 3983 2543 4034 pro·

1469 4060 1643 4123 rogari
1680 4056 1915 4120 vidisset,
1949 4065 2205 4103 concusso
2239 4063 2394 4098 manu
2431 4047 2544 4112 gla-

1472 4136 1580 4199 dio,
1611 4138 1626 4165 ‘
1648 4137 1731 4185 hic
1756 4128 2087 4198 prorogabit,'
2109 4127 2318 4193 inquit.'

1537 4215 1561 4248 Ι*
1593 4216 1715 4266 Post
1738 4213 1845 4264 IX.
1866 4210 2036 4274 annos]
2072 4208 2218 4271 Lege
2241 4203 2545 4262 cavebatur,

1472 4307 1541 4344 ne
1561 4293 1675 4359 quis
1698 4293 1839 4342 intra
1852 4290 2034 4339 decem
2048 4299 2207 4336 annos
2224 4283 2304 4335 bis
2321 4279 2541 4331 eundem
