3019 4922
508 414 666 479 164.

1361 419 1425 466 C.
1474 413 1830 464 suss'roNn

511 573 651 639 labi
679 564 1056 651 fastigiumb
1100 563 1355 640 domus,
1401 562 1836 641 maritumque
1859 558 1927 620 in
1957 555 2204 639 gremio
2236 572 2358 617 suo
2388 550 2691 620 confodi:

433 759 438 760 ἶ
514 696 596 741 ac
626 674 854 738 subito
883 668 1175 735 cubiculi
1203 668 1375 731 fores
1406 670 1648 749 sponte
1679 666 2056 744 patuerunt.
2132 656 2239 721 Ob
2265 662 2297 704 4
2322 655 2470 720 baec
2500 654 2697 718 simul

518 784 584 844 et
614 778 702 842 ob
731 773 1050 858 infirmam
1069 771 1514 836 valetudinem
1546 767 1656 831 diu
1689 767 2062 840 cunctatuS,
2094 780 2179 824 an
2208 780 2281 824 se
2312 759 2698 833 contineret,

518 873 605 960 et,
635 901 788 964 quae
815 879 994 962 apud
1020 878 1337 942 Senatum
1363 876 1797 958 proposuerat
1825 886 2041 950 agere,
2072 864 2391 941 differret3
2436 860 2699 925 tandem

513 984 807 1048 Decimo
837 982 1048 1046 Bruto
1100 972 1533 1052 adhortante?
1583 993 1668 1037 ne
1714 971 2090 1053 frequentes
2138 986 2217 1029 ac
2252 963 2398 1049 jam
2446 962 2700 1026 dudum

524 1087 949 1171 opperientes
974 1090 997 1130 ⁵
1020 1079 1045 1116 ¹¹
1112 1081 1515 1154 destitueret,
1579 1077 1806 1159 quinta
1860 1072 1995 1135 fere
2053 1065 2250 1133 hora¹
2309 1083 2700 1150 progressus

524 1196 662 1253 est:
707 1187 1129 1268 libellumque
1169 1180 1551 1246 insidiarum
1583 1176 1897 1251 indicem,
1944 1173 2031 1237 ab
2062 1168 2308 1236 obvio⁶
2330 1178 2372 1204 ¹¹¹
2415 1168 2703 1253 quodam

523 1295 915 1374 porrectum,
969 1280 1214 1351 libellis
1233 1292 1261 1319 ¹²
1307 1283 1563 1360 ceteris»,
1627 1297 1798 1362 quos
1848 1277 2117 1352 sinistra
2165 1294 2366 1338 manu
2417 1272 2723 1349 tenebat,-

1433 1460 1808 1485 thneeee

526 1593 614 1636 tur
636 1586 687 1635 in
714 1584 861 1634 Harl.
886 1583 1021 1633 Edd.
1043 1584 1177 1632 Ven.
1213 1590 1278 1632 tr.
1313 1579 1458 1631 Med.
1491 1578 1640 1629 Cald.
1664 1578 1795 1626 Bon.
1817 1581 1872 1624 et
1900 1573 2066 1623 Paris.
2087 1571 2290 1634 aliasque

2310 1585 2353 1620 c.
2374 1569 2428 1616 J.
2449 1570 2500 1618 d.
2522 1568 2710 1629 conjun-

524 1663 640 1714 gere
661 1649 831 1699 Periz.
851 1650 1046 1697 dextras
1082 1645 1283 1713 Gryph.
1314 1647 1437 1695 Bas.
1476 1646 1646 1694 Plant.
1687 1644 1808 1691 Jove
1839 1639 1933 1689 sibi
1959 1640 2174 1687 dextram
2211 1634 2374 1698 Lugd.
2410 1631 2538 1696 Arg.
2566 1635 2713 1685 sunt.

526 1718 653 1764 alam
671 1730 779 1764 cum
798 1716 917 1763 Jove
938 1713 1104 1763 Rhed.
1128 1717 1175 1762 1.
1208 1714 1329 1761 alias
1362 1708 1706 1773 abjiciendum
1743 1714 1894 1769 putat
1919 1705 2098 1753 Burni.
2129 1700 2315 1750 deinde
2339 1699 2474 1762 conj.
2498 1700 2714 1761 anusque

527 1795 632 1829 cum
653 1781 709 1828 J.
732 1778 820 1827 sed
857 1778 1061 1828 demum
1097 1779 1149 1826 in
1183 1779 1308 1826 leet.
1343 1777 1479 1837 vulg.
1514 1772 1907 1837 acquiescit.-3
1948 1766 2239 1830 Calphurnia
2262 1764 2327 1813 de
2359 1778 2498 1812 more
2524 1762 2713 1825 Copes.

529 1844 704 1894 Periz.
728 1843 925 1893 Medic.
951 1842 1109 1893 Vind.
1130 1849 1185 1891 et
1209 1841 1342 1892 Edd.
1364 1841 1675 1902 aliquot.-4
1699 1838 1765 1885 Et
1786 1836 1886 1884 hoec
1908 1834 2065 1882 Fouc.
2141 1832 2309 1880 Deest
2326 1829 2382 1877 ob
2406 1826 2538 1877 Edd.
2567 1828 2716 1877 Rom.

531 1917 586 1957 et
609 1910 662 1958 iu
683 1908 872 1971 copes.
891 1908 981 1967 inf.
1004 1908 1173 1956 ob.—-5
1214 1906 1513 1969 Opperientis
1535 1904 1743 1952 Memm.
1767 1901 1852 1963 qui
1885 1899 2041 1947 etiam
2072 1911 2098 1945 e
2119 1896 2300 1959 quinta.
2365 1895 2496 1942 Tum
2518 1892 2622 1942 ind.
2645 1894 2719 1941 in·

468 2022 476 2030 ,
529 1975 621 2023 sid.
645 1974 786 2022 Cort.
809 1979 863 2021 et
883 1972 1079 2022 Medic.
1113 1971 1235 2034 duo,
1256 1971 1467 2030 judicem
1501 1968 1760 2017 Forum—6
1792 1965 2004 2013 Memm.
2042 1962 2103 2009 ab
2137 1961 2256 2020 ovio,
2278 1965 2338 2008 ut
2376 1971 2533 2020 supra
2556 1972 2604 2005 c.
2635 1960 2719 2006 63.

531 2037 670 2086 unde
695 2038 832 2101 conj.
850 2037 997 2086 Torr·
1020 2036 1207 2085 Ouinio.
1256 2036 1380 2084 Mox
1405 2035 1563 2083 Fouc.
1586 2030 1833 2093 commisit,
1851 2035 1905 2078 et
1925 2028 2092 2077 deinde
2112 2025 2285 2075 Periz.
2312 2022 2543 2073 Harlem.
2560 2022 2719 2071 vind.

1518 2203 1739 2261 Norffi*
1840 2271 1841 2274 Ἴ

537 2348 631 2396 pro
647 2333 941 2381 somniasse.
974 2332 1050 2382 Ut
1066 2337 1121 2380 et
1136 2330 1335 2380 Plinius
1350 2329 1402 2378 in
1423 2329 1590 2392 Epist.

525 2415 556 2477 Δ·
591 2410 896 2474 imaginatus
943 2408 1145 2458 venisse
1192 2405 1485 2469 Neronem,’
1527 2404 1593 2453 de

538 2488 736 2536 somnio
763 2485 961 2535 Fannii.

600 2561 624 2594 ¹¹
661 2561 844 2610 Collabi
856 2554 1483 2622 fastigiumFSimpliciter
1508 2556 1592 2605 hic

539 2636 899 2700 accipiendum
935 2649 1036 2685 non
1074 2643 1157 2684 est
1193 2647 1284 2698 pro
1305 2648 1498 2682 summa
1525 2647 1593 2681 ae-

538 2715 679 2764 dium
714 2720 885 2777 parte,
916 2712 1005 2760 sed
1045 2726 1138 2775 pro
1172 2717 1472 2760 ornamento
1505 2709 1595 2756 ali·

540 2805 661 2855 quo,
695 2784 832 2853 quod
871 2786 1043 2837 domui
1080 2786 1298 2837 Caesaris
1352 2786 1595 2835 Senatus-

540 2866 777 2915 consulto
821 2862 885 2912 ad
930 2863 1256 2927 majestatem
1301 2862 1596 2924 impositum

540 2939 660 3000 fuit,
689 2953 792 3003 quo
819 2938 973 2987 etiam
998 2939 1305 3000 templorum
1331 2943 1473 2987 tecta
1494 2936 1597 2984 dis-

541 3015 915 3078 tinguebantur
948 3028 978 3061 a
1013 3013 1241 3073 ceteris3
1272 3026 1369 3061 nec
1392 3014 1598 3073 mirum,

529 3095 617 3143 ,illi
638 3093 890 3156 siquidem
908 3105 1040 3147 aras,
1061 3091 1274 3153 templa,
1291 3090 1598 3154 pulvinaria,

542 3173 641 3219 &c.
663 3168 1047 3233 tanquam‘Deo
1070 3167 1422 3217 decreverant.
1475 3168 1598 3216 Plu-

545 3248 755 3298 tarcbus
788 3247 843 3295 iu
880 3247 1090 3296 Caesare
1123 3244 1406 3308 ἀκρωτήριον
1430 3252 1599 3307 vocat,

545 3323 765 3372 Latinus
814 3322 1066 3385 interpres
1109 3321 1443 3371 Pinnaculum.
1530 3322 1600 3371 Et

544 3400 729 3449 Florus
762 3399 851 3449 lib.
884 3412 958 3447 ιν.
992 3412 1106 3461 cap.
1128 3401 1177 3448 2.
1213 3395 1472 3461 fastigium
1508 3396 1600 3446 do·

546 3487 660 3524 mus
681 3475 818 3524 inter
838 3473 1059 3523 honores
1079 3473 1275 3523 Caesari
1296 3472 1495 3522 delatos
1519 3487 1597 3521 re-

546 3559 743 3601 censet.

610 3626 625 3660 ¹
656 3628 812 3676 Bruto
833 3625 1134 3689 adhortante]
1179 3626 1487 3675 Plutarchus
1511 3624 1599 3689 qui

546 3705 659 3753 haec
683 3703 912 3766 pluribus
936 3712 1130 3764 narrat,
1144 3708 1408 3766 arreptum
1426 3715 1599 3756 manu,

549 3788 602 3828 et
621 3778 901 3827 deductum
924 3778 1017 3839 ait,
1040 3779 1229 3842 injecto
1248 3783 1406 3839 metu,
1424 3790 1488 3825 ne
1504 3776 1601 3825 hoc

495 3866 499 3871 ’
549 3861 604 3903 et
621 3855 757 3902 inter
773 3862 951 3903 cetera
965 3853 1192 3903 convicia
1209 3851 1603 3902 calumniatores

551 3931 858 3995 objicerent,
873 3931 1149 3980 Senatores
1164 3930 1363 3980 scilicet
1381 3929 1505 3977 alias
1522 3942 1601 3977 re-

551 4005 768 4067 diturus,
790 4021 907 4055 cum
924 4007 1134 4056 meliora
1148 4005 1363 4055 fuissent
1385 4005 1603 4068 Calpur-

553 4083 653 4132 niae
677 4084 891 4143 somnia,
912 4085 1008 4130 &c-

617 4158 641 4191 k
668 4157 993 4224 Opperientes]
1027 4156 1111 4206 Ad
1133 4157 1424 4219 faciendum
1441 4157 1604 4209 solen-

553 4249 618 4305 ne
653 4232 797 4292 illud,
832 4240 890 4282 ut
925 4233 1190 4298 inquiebat
1216 4230 1427 4295 Brutus,
1447 4234 1607 4283 Sena-

557 4302 946 4366 tusconsultum‚
979 4326 1079 4375 quo
1116 4310 1351 4360 diadema
1382 4311 1608 4361 ubicum-

1672 2340 1773 2390 que
1817 2329 1967 2373 extra
2008 2321 2211 2371 Italiam
2258 2324 2482 2383 gestare,
2528 2317 2724 2367 Caesari

1671 2405 1870 2454 liceret.

1737 2479 1751 2513 ¹
1785 2478 2079 2536 Quintasere
2098 2475 2237 2538 hora]
2272 2473 2495 2525 circiter
2516 2471 2725 2521 undeci-

1673 2573 1804 2607 mam
1829 2557 1930 2627 ritu
1956 2563 2162 2615 nostr03
2197 2553 2330 2601 diem
2354 2550 2490 2598 enim
2522 2550 2576 2597 in
2601 2548 2726 2597 duo-

1675 2634 1841 2683 decim
1863 2633 2118 2682 duntaxat
2142 2629 2289 2678 horas
2313 2625 2640 2688 dividebant,
2671 2630 2728 2687 ut
2751 2630 2755 2635 ’

1676 2711 1802 2759 satis
1826 2715 2002 2758 notum
2027 2714 2127 2756 est.

1738 2795 1774 2820 ¹¹¹
1812 2783 1988 2847 Obvio]
2021 2782 2319 2832 Torrentius
2342 2780 2394 2828 in
2417 2778 2614 2842 optimo
2637 2777 2727 2827 lib.

1674 2864 1800 2927 legit
1847 2862 1985 2922 Ovio,
2027 2859 2162 2909 unde
2201 2858 2493 2921 suspicatur
2535 2856 2727 2915 ovinia,

1676 2938 1813 3003 quod
1844 2940 2125 2987 Romanum
2149 2949 2330 2983 nomen
2353 2942 2454 2984 est.
2521 2933 2728 2982 Plutar-

1677 3016 1799 3065 chus
1823 3015 1872 3063 in
1897 3014 2099 3064 Caesare
2121 3011 2362 3061 traditum
2392 3011 2466 3058 ait
2501 3011 2727 3059 libellum

1675 3092 1811 3141 hunc
1833 3091 1900 3140 ab
1921 3088 2268 3150 Artemidoro,
2287 3087 2494 3135 natione
2517 3084 2731 3146 Ouidio,

1677 3167 1784 3232 qui,
1800 3182 1914 3217 cum
1930 3167 2107 3216 Caesar
2127 3165 2250 3214 alios
2270 3163 2467 3211 libellos
2483 3161 2731 3210 ministris

1677 3245 1784 3293 suis
1809 3243 1980 3293 statim
2005 3241 2261 3296 tradebat,
2292 3239 2623 3287 vehementer
2645 3250 2730 3298 pe·

1676 3321 1861 3380 tiisset,
1874 3328 1932 3369 ut
1958 3319 2130 3368 statim
2151 3318 2366 3380 legeret,
2389 3328 2574 3378 magna
2587 3313 2731 3377 quip-

1677 3409 1744 3459 pe
1765 3395 2039 3456 contineri,
2055 3394 2143 3443 sed
2169 3408 2277 3458 prae
2298 3390 2453 3440 nimia
2466 3389 2621 3440 turba
2641 3389 2732 3438 im·

1677 3471 1931 3535 peditum,
1964 3486 2024 3521 ac
2057 3469 2246 3519 frustra
2270 3473 2558 3528 conantem,
2582 3479 2730 3514 manu

1679 3549 1900 3613 denique
1925 3559 2159 3598 servasse
2181 3560 2280 3594 non
2305 3545 2513 3593 lectum.
2579 3539 2730 3592 Quod

1680 3632 1852 3674 tamen
1891 3624 2059 3687 ipsum
2100 3622 2254 3671 aliter
2288 3619 2352 3669 ab
2391 3618 2503 3667 aliis
2535 3615 2730 3677 referri,

1679 3700 1944 3763 subjungit
1977 3698 2113 3747 idem
2141 3703 2343 3746 auctor.
2408 3693 2586 3742 Simile
2610 3690 2730 3755 quid

1684 3775 1748 3824 de
1771 3773 1964 3823 Archia
2003 3772 2361 3823 Thebanorum
2399 3777 2620 3833 tyranno
2653 3779 2730 3815 re·

1684 3851 1787 3901 fert
1811 3851 1863 3899 in
1887 3848 2156 3912 Pelopidae
2181 3848 2287 3897 vita
2308 3845 2645 3896 Plutarchus:
2680 3850 2732 3892 et

1685 3928 1749 3977 de
1773 3926 1822 3975 N
1827 3926 2066 3988 icephoro
2088 3924 2372 3975 cedrenus.

1748 4013 1773 4038 ¹¹
1805 4000 2019 4066 Libellis]
2056 4002 2279 4052 Libellos
2301 3999 2561 4064 supplices
2584 3998 2731 4046 intel·

1684 4083 1808 4144 lige‚
1860 4080 2041 4145 quibus
2091 4076 2352 4142 principes
2397 4073 2542 4124 adire
2584 4070 2745 4122 moris

1685 4164 1817 4218 erat,
1853 4155 1916 4205 a'd
1941 4169 2066 4220 quos
2091 4154 2369 4204 rescribere
2400 4157 2456 4200 et
2480 4150 2733 4215 principes

1686 4233 1937 4283 solebant.
1976 4232 2110 4280 Vide
2134 4237 2189 4280 et
2213 4244 2327 4292 cap.
2347 4232 2426 4277 53.
2444 4226 2646 4288 in-Aug.
2671 4227 2731 4273 de

1690 4310 2011 4361 Domitiano:
2038 4308 2115 4358 sic
2138 4307 2366 4357 Martini.
2387 4307 2420 4355 l.
2438 4315 2565 4353 vm.
2586 4302 2732 4367 Epig.
