3019 4922
2335 357 2466 425 237·

266 520 433 592 tans»,
457 518 530 579 et
561 531 638 578 se
667 509 997 598 privatum
1021 518 1047 549 ²
1089 532 1223 579 non
1252 514 1399 579 sine
1430 512 1735 598 periculo
1762 514 1932 594 fore,
1985 521 2054 580 et
2104 517 2286 585 illam
2313 521 2465 606 plu-

268 619 431 682 rium
467 618 746 681 arbitrio
784 623 1028 680 temere
1062 619 1441 695 committi,⁰
1484 618 1555 681 in
1597 618 1940 683 retinenda
1981 623 2464 705 perseveravit3

271 719 567 798 dubium,
597 726 847 783 eventu
877 717 1193 797 meliore‚³
1227 739 1311 784 an
1338 721 1703 784 voluntate.
1794 720 2019 800 Quam
2048 724 2460 790 voluntatem
2536 774 2540 779 .

273 841 416 887 cum
441 843 589 907 prae
623 828 743 885 se4
784 819 1149 886 identidem
1176 822 1402 900 ferret,
1449 822 1739 905 quodam
1788 825 1989 888 etiam
2041 824 2315 892 edictop
2357 828 2463 893 his

270 927 490 990 verbis
518 929 809 990 testatus
834 931 981 991 est:
1028 928 1049 959 ‘
1071 923 1184 989 Ita
1210 924 1374 989 mihi
1405 924 1707 989 salvamq
1752 945 1832 991 ac
1881 927 2207 1012 sospitem
2253 928 2463 995 Rern-

269 1027 612 1111 publicam
647 1028 888 1092 sistere
917 1030 984 1092 in
1016 1047 1140 1092 sua
1169 1028 1330 1094 sede
1361 1028 1587 1107 liceat,
1618 1034 1814 1111 atque
1845 1028 1991 1113 ejus
2034 1030 2130 1094 rei
2171 1030 2460 1096 fructum

268 1132 644 1215 percipere,
676 1152 868 1216 quem
913 1137 1097 1215 peto,
1144 1137 1221 1197 ut
1268 1132 1512 1215 optimi
1553 1137 1777 1196 status
1816 1138 2047 1196 auctor
2075 1131 2350 1214 dicar35
2373 1139 2463 1199 ‘et

267 1234 552 1298 moriens
581 1240 661 1299 ut
705 1235 909 1298 feram
952 1254 1217 1300 mecum
1269 1253 1480 1318 spem,
1524 1253 1839 1298 mansura
1891 1234 1959 1297 in
2005 1235 2287 1318 vestigio
2334 1255 2459 1301 suo

266 1334 696 1402 fundamenta
746 1335 1191 1422 Reipublicae,
1244 1357 1394 1422 quae
1439 1334 1712 1423 jecero-⁹
1802 1338 2126 1420 Fecitque
2177 1338 2327 1421 ipse
2383 1356 2457 1410 se

266 1445 642 1522 compotem
670 1438 832 1518 voti,
857 1440 1044 1504 nisus
1071 1440 1252 1505 omni
1279 1438 1503 1520 modo,
1533 1459 1616 1505 ne
1650 1460 1847 1525 quern
1878 1442 2035 1506 novi
2069 1447 2279 1505 status
2310 1460 2457 1524 poe-

266 1541 519 1609 niteret.
610 1540 777 1625 [29]
822 1541 1098 1621 Urbem,
1127 1562 1348 1627 neque
1369 1541 1397 1583 ⁶
1438 1563 1561 1628 pro
1592 1544 1942 1627 majestate
1973 1544 2233 1627 imperii
2260 1561 2457 1610 orna-

268 1652 451 1724 tam,⁷
484 1648 553 1709 et
579 1644 1125 1714 inundationibus
1149 1654 1171 1681 f
1212 1645 1675 1729 incendiisque
1706 1646 2121 1725 obnoxiam,⁵
2152 1644 2459 1712 excoluit

1170 367 1562 420 OCTAVIUS.

1168 1808 1536 1831 Oeemnm

262 1917 307 1962 et
326 1927 389 1962 m.
411 1911 572 1963 Vind.
600 1917 646 1963 1.
668 1919 769 1964 tum
788 1917 836 1964 et
856 1929 921 1965 m.
944 1912 1103 1965 vind.
1125 1917 1274 1964 2.—2
1301 1915 1420 1979 Rep.
1435 1929 1533 1965 esse
1550 1915 1677 1979 priv.
1694 1914 1812 1979 Cuj.
1843 1913 1972 1965 Mox
1989 1913 2238 1965 arbitrium
2256 1912 2456 1966 Medic.

263 1982 308 2026 1.
343 1992 374 2026 a
394 1993 463 2027 m.
499 1993 578 2042 pr.
612 1985 667 2028 et
696 1980 846 2029 deest
878 1987 1050 2030 temere
1082 1978 1281 2030 duobus
1302 1981 1623 2038 codd2'1'orr.
1688 1981 1826 2030 Dein
1850 1980 2217 2043 perseveraverit
2239 1979 2457 2028 Ηώς.-

261 2045 289 2090 3
312 2042 467 2094 Hanc
490 2044 660 2109 bigam
684 2045 956 2096 verborum
974 2046 1084 2095 mel.
1103 2060 1176 2096 ev.
1198 2045 1427 2095 eliminat
1443 2044 1678 2097 Freinsh.
1702 2046 1756 2095 in
1777 2045 1895 2096 Ind.
1915 2044 2177 2107 Floriano,
2197 2043 2457 2108 probante

259 2105 511 2159 Bernecc.
543 2109 728 2159 meliori
749 2110 1017 2159 Pessa—4
1051 2109 1139 2160 Ita
1160 2110 1390 2161 restituit
1416 2111 1635 2161 Casaub.
1659 2125 1687 2160 e
1709 2111 1814 2163 Ms.
1837 2110 2034 2162 Nonnii
2053 2109 2276 2176 suisque,
2298 2115 2456 2173 atque

260 2171 389 2222 Edd.
412 2175 561 2224 Rom.
582 2175 716 2225 Bon.
739 2169 855 2225 ΑΜ.
878 2183 934 2224 et
952 2176 1129 2239 Steph.
1153 2175 1208 2225 in
1229 2176 1372 2240 quib.
1397 2181 1573 2226 tamen
1594 2177 1743 2226 ident.
1760 2192 1865 2240 proe
1886 2191 1952 2226 se.
1997 2176 2231 2226 Fir-mant
2252 2188 2457 2240 quoque

259 2236 398 2288 Cort.
422 2246 478 2288 et
498 2240 652 2289 vind.
685 2244 735 2291 2.
761 2240 1025 2303 proesidens
1056 2241 1204 2292 ident.
1236 2241 1463 2291 Medicei
1505 2248 1560 2291 et
1592 2241 1755 2292 Polit.
1788 2243 1874 2293 cui
1907 2241 2167 2305 placebat,
2194 2239 2457 2305 proesidens

256 2301 433 2363 idems.
453 2305 612 2355 Fouc.
633 2306 879 2356 Dunelm.
905 2306 1169 2370 presidens
1184 2321 1289 2369 proe
1306 2321 1354 2356 se
1365 2305 1415 2367 f.
1450 2307 1581 2370 Cop.
1604 2308 1773 2358 Periz.
1802 2307 2036 2357 Harlem.
2068 2305 2190 2371 (nisi
2214 2305 2350 2369 quod
2368 2319 2458 2367 per·

256 2368 328 2431 se)
345 2368 485 2420 Edd.
504 2371 639 2419 Ven.
657 2376 721 2420 tr.
744 2371 911 2435 Lugd.
936 2372 1061 2420 Bas.
1082 2370 1203 2422 Seb.
1229 2371 1433 2435 Grypb.
1456 2373 1570 2422 Col.
1592 2374 1779 2424 Dolet.
1808 2388 1915 2423 eum
1934 2373 2057 2422 idem
2067 2372 2169 2433 fer.
2187 2370 2301 2433 Cuj.
2356 2370 2461 2418 Le·

257 2434 332 2497 git
351 2436 503 2487 Torr.
527 2450 646 2487 cum
668 2435 784 2487 cod.
808 2450 912 2487 uno
949 2436 1118 2488 Pulm.
1153 2440 1244 2487 ool.
1279 2440 1417 2502 quod.
1451 2438 1597 2488 etiam
1627 2438 1770 2489 edict.
1793 2439 1989 2489 omissis
2014 2436 2222 2491 ceteris,
2253 2433 2336 2486 vel
2359 2434 2455 2499 eji-

257 2500 493 2551 ciendum
525 2509 707 2552 censet
739 2504 938 2566 proesid.
973 2510 1029 2553 et
1063 2502 1478 2553 substituendum
1497 2510 1823 2568 pneuma—5
1860 2504 2074 2557 Dicatur
2105 2502 2260 2552 Huls.
2322 2500 2454 2548 Tum

256 2578 346 2627 pro
367 2566 502 2616 nisus
522 2567 680 2617 vind.
698 2571 745 2617 1.
760 2584 955 2626 mersus,
979 2568 1114 2617 unde
1137 2566 1367 2618 faciebat
1391 2568 1532 2618 Oud.
1554 2570 1727 2619 eni-stes.
1742 2569 1900 2619 Vind.
1917 2573 1966 2620 2.
1983 2574 2038 2617 et
2060 2568 2205 2617 Cort.
2224 2564 2456 2615 nixae.—

256 2634 286 2678 6
316 2631 333 2658 ⁸
356 2632 460 2682 His
485 2632 657 2681 verbis
680 2647 866 2683 novum
891 2641 1052 2697 caput
1072 2633 1422 2697 incipiendum
1441 2648 1575 2696 esse,
1594 2634 1748 2683 docet
1765 2634 2123 2698 argumentum
2147 2646 2178 2680 a
2198 2645 2257 2680 su
2298 2629 2456 2679 eriori

256 2708 462 2757 prorsus
485 2697 770 2760 diversum,
788 2707 840 2748 et
864 2713 982 2749 cum
1000 2713 1055 2747 se
1096 2699 1336 2749 uentibus
1360 2698 1662 2748 cobaerens.'
1690 2700 1898 2761 Baumg.
1955 2698 2151 2747 Omnes
2170 2694 2250 2744 Ed
2293 2729 2307 2745 .
2333 2693 2456 2743 reli·

255 2775 364 2824 quae
388 2763 730 2813 exordiuntur
753 2779 868 2828 cap.
892 2779 923 2814 a
942 2764 1067 2813 verb
1090 2779 1134 2829 s,
1157 2764 1360 2814 Publica
1381 2779 1541 2827 opera.
1605 2764 1712 2812 Pro
1731 2779 1879 2828 neque
1901 2763 2096 2813 habent
2115 2773 2313 2823 namque
2334 2757 2454 2808 Pal.

257 2829 298 2872 l.
322 2827 459 2890 Cop.
481 2828 729 2879 Dunelm.
767 2837 822 2878 et
863 2830 1099 2893 plerique
1133 2828 1275 2878 Oud.
1292 2837 1352 2888 vet
1373 2830 1520 2878 Torr.
1542 2828 1819 2879 cum'Edd.
1841 2830 1987 2878 Vett.
2011 2827 2081 2877 Ο.
2103 2824 2234 2881 fere,
2259 2830 2452 2887 praeter

256 2889 384 2943 Bon.
407 2892 593 2956 steph.
617 2894 839 2944 Casaub.
861 2902 916 2943 et
941 2894 1157 2958 Raphel.
1176 2909 1288 2944 nam
1316 2895 1367 2942 in
1392 2894 1551 2944 Fouc.
1591 2893 1743 2957 Conj.
1767 2893 1905 2944 Oud.
1933 2892 2039 2943 urb.
2067 2891 2208 2946 enim,
2223 2903 2453 2953 neque.—

254 2957 281 3003 7
300 2956 599 3011 Inoa-notam
621 2959 779 3011 Vind.
800 2963 849 3010 2.
916 2960 1053 3015 Dein
1076 2960 1191 3025 Cuj.
1211 2958 1423 3022 incoluit,
1445 2967 1501 3014 et
1523 2957 1658 3010 infra
1674 2958 1930 3023 praeviden'
1948 2956 2118 3013 Periz.
2142 2956 2287 3009 Cort.
2312 2952 2451 3006 Edd.

1240 3091 1458 3144 NOTAE

250 3184 365 3252 lem,
396 3201 503 3252 quo
535 3186 701 3239 omnis
736 3187 960 3253 publicae
985 3189 1309 3241 administra·
1389 3195 1470 3241 lo.
1505 3189 1676 3256 Epist.
1713 3196 1763 3243 9.
1797 3189 1814 3221 ‘
1833 3189 1988 3245 Quod
2024 3189 2088 3240 ad
2127 3204 2207 3240 me
2243 3180 2452 3245 attinet,

252 3260 398 3313 tionis
413 3263 552 3314 ratio
564 3279 655 3314 sua
672 3266 835 3329 ipsius
848 3280 1001 3316 mann
1016 3267 1311 3333 perscripta
1386 3267 1457 3317 mi
1482 3268 1686 3328 Cicero,
1718 3268 1792 3319 ita
1811 3266 1878 3318 ab
1901 3266 2285 3317 imminentibus
2302 3265 2453 3316 malis

253 3347 382 3404 erat,
412 3349 664 3407 quantum
692 3342 881 3393 civium
905 3349 962 3393 et
981 3343 1232 3394 sociorum
1257 3346 1308 3395 in
1387 3344 1547 3408 Resp.
1571 3360 1655 3395 me
1689 3344 1970 3408 adjuvaute
2007 3343 2295 3394 liberetur:
2336 3340 2454 3404 sic,’

253 3417 420 3481 armis,
457 3426 586 3483 quot
629 3433 805 3483 regua,
843 3426 971 3484 quot
1009 3421 1308 3483 provincias,

249 3503 439 3556 quanta
480 3496 779 3560 vectigalia,
827 3499 928 3548 διο.
982 3497 1158 3550 Tacit.
1198 3495 1307 3547 Au·

249 3570 348 3621 nal.
372 3584 411 3623 1.

309 3655 333 3680 ⁰
365 3651 560 3702 Temere
590 3653 849 3723 committi]
900 3652 1099 3705 Vocem
1133 3656 1309 3704 temere

250 3720 298 3771 in
344 3724 545 3776 duobus
585 3728 795 3792 optimis
841 3727 986 3777 libris
1031 3742 1133 3777 non
1175 3729 1307 3793 legit

249 3796 389 3853 Torr.
407 3816 511 3852 nec
530 3817 644 3853 eam
667 3803 953 3865 desiderat,
982 3819 1098 3869 quae
1130 3810 1305 3855 tamen

249 3872 428 3927 abesse
467 3879 611 3929 salvo
649 3894 802 3930 sensu
838 3894 988 3944 posse
1026 3895 1130 3931 non
1160 3881 1304 3932 vide-

248 3954 348 4001 tur.

306 4035 332 4069 Ρ
365 4029 562 4095 Edicto]
597 4032 660 4082 In
681 4033 823 4084 Julio
846 4049 893 4084 c.
916 4038 966 4083 9.
990 4038 1068 4084 11.
1093 4038 1147 4084 et
1167 4038 1252 4091 75.

307 4110 330 4145 ‘¹
365 4107 448 4156 Itu
467 4109 585 4158 mihi
603 4111 797 4171 salvam,
815 4110 923 4174 ξω]
944 4110 1303 4176 Reperiuntur

244 4178 438 4233 similes
462 4184 802 4251 jurisjurandi
825 4187 1072 4238 formulae.
1140 4188 1300 4237 Plan-

244 4270 333 4308 cus
347 4261 488 4325 apud
502 4262 802 4315 Ciceronem
819 4265 910 4315 lib.
933 4266 1114 4317 Famil.
1133 4267 1300 4330 Epist.

1386 3422 1485 3469 διο.
1551 3420 1789 3470 Julianus
1826 3419 1967 3484 apud
2002 3418 2332 3470 Ammianum
2357 3417 2452 3468 lib.

1388 3507 1550 3545 xxrv.
1570 3495 1587 3523 ‘
1600 3494 1877 3545 Animabat
1888 3495 2127 3557 Julianus
2143 3495 2451 3556 exercitum,

1385 3584 1502 3619 cum
1528 3584 1631 3619 non
1672 3585 1765 3634 per
1804 3571 2075 3634 caritates,
2109 3570 2200 3620 sed
2239 3583 2335 3632 per
2370 3567 2448 3618 in-

1385 3648 1626 3697 choatam
1677 3647 2006 3712 negotiorum
2058 3645 2449 3697 multitudinem

1386 3728 1646 3793 dejeraret
1667 3726 1888 3789 assidue,
1918 3727 1989 3776 sic
2024 3726 2109 3774 sub
2134 3724 2311 3788 jugum
2331 3722 2446 3773 mit-

1382 3809 1505 3854 teret
1549 3805 1745 3863 Persas,
1782 3803 1858 3853 ita
1903 3806 2175 3866 quassatum
2213 3805 2449 3849 recrearet

1383 3880 1543 3931 orbem
1567 3881 1864 3931 Romanum.-
1894 3884 1954 3928 ut
1987 3878 2236 3943 TraJanus
2275 3874 2446 3927 fertur

1383 3957 1657 4024 aliquoties
1680 3955 1908 4021 jurando
1940 3954 2084 4004 dicta
2116 3951 2445 4003 consuevisse

1382 4034 1625 4084 firmare:
1660 4034 1742 4083 Sic
1776 4034 1830 4082 in
1861 4030 2212 4097 provinciarum
2244 4030 2445 4095 speciem

1381 4115 1621 4163 redactam
1648 4110 1832 4161 videam
1864 4110 2090 4173 Daciam,
2126 4109 2199 4159 sic
2223 4107 2443 4172 pontibus

1385 4190 1584 4254 tetrum,
1607 4189 1903 4253 Euphratem
1922 4201 2152 4252 superem,
2173 4188 2255 4249 tte.
2492 4187 2496 4191 '
