<?xml version="1.0" encoding="UTF-8"?>
<!DOCTYPE html PUBLIC "-//W3C//DTD XHTML 1.0 Transitional//EN"
    "http://www.w3.org/TR/xhtml1/DTD/xhtml1-transitional.dtd">
<html xmlns="http://www.w3.org/1999/xhtml" xml:lang="en" lang="en">
 <head>
  <title>
</title>
<meta http-equiv="Content-Type" content="text/html;charset=utf-8" />
  <meta name='ocr-system' content='tesseract 3.04.00' />
  <meta name='ocr-capabilities' content='ocr_page ocr_carea ocr_par ocr_line ocrx_word'/>
</head>
<body>
  <div class='ocr_page' id='page_1' title='image "./operaomniaexedi04suetgoog_0050.png"; bbox 0 0 3019 4922; ppageno 0'>
   <div class='ocr_carea' id='block_1_1' title="bbox 520 357 609 431">
    <p class='ocr_par' dir='ltr' id='par_1_1' title="bbox 520 357 609 431">
     <span class='ocr_line' id='line_1_1' title="bbox 520 357 609 431; baseline 0.011 -1"><span class='ocrx_word' id='word_1_1' title='bbox 520 357 609 431; x_wconf 77' lang='lat'><strong>40</strong></span> 
     </span>
    </p>
   </div>
   <div class='ocr_carea' id='block_1_2' title="bbox 1382 376 1848 430">
    <p class='ocr_par' dir='ltr' id='par_1_2' title="bbox 1382 376 1848 430">
     <span class='ocr_line' id='line_1_2' title="bbox 1382 376 1848 430; baseline -0.009 0"><span class='ocrx_word' id='word_1_2' title='bbox 1382 382 1445 430; x_wconf 77' lang='lat' dir='ltr'><strong>G.</strong></span> <span class='ocrx_word' id='word_1_3' title='bbox 1489 376 1848 430; x_wconf 71' lang='lat' dir='ltr'><strong>Sun&#39;roml</strong></span> 
     </span>
    </p>
   </div>
   <div class='ocr_carea' id='block_1_3' title="bbox 514 511 2708 923">
    <p class='ocr_par' dir='ltr' id='par_1_3' title="bbox 514 511 2708 923">
     <span class='ocr_line' id='line_1_3' title="bbox 518 511 2708 611; baseline -0.002 -19"><span class='ocrx_word' id='word_1_4' title='bbox 518 533 733 592; x_wconf 84' lang='lat' dir='ltr'><strong>morte</strong></span> <span class='ocrx_word' id='word_1_5' title='bbox 763 511 1060 591; x_wconf 80' lang='lat' dir='ltr'><strong>Pisonis.</strong></span> <span class='ocrx_word' id='word_1_6' title='bbox 1140 525 1306 611; x_wconf 69' lang='lat' dir='ltr'><strong>[to]</strong></span> <span class='ocrx_word' id='word_1_7' title='bbox 1345 523 1659 604; x_wconf 69' lang='lat' dir='ltr'><strong>AEdilis,W</strong></span> <span class='ocrx_word' id='word_1_8' title='bbox 1686 513 1934 609; x_wconf 72' lang='lat' dir='ltr'><strong>praeter</strong></span> <span class='ocrx_word' id='word_1_9' title='bbox 1956 514 2299 589; x_wconf 77' lang='lat' dir='ltr'><strong>comitium</strong></span> <span class='ocrx_word' id='word_1_10' title='bbox 2326 518 2708 602; x_wconf 55' lang='lat' dir='ltr'><strong>actorum?</strong></span> 
     </span>
     <span class='ocr_line' id='line_1_4' title="bbox 517 616 2705 715; baseline -0.003 -19"><span class='ocrx_word' id='word_1_11' title='bbox 517 628 1029 715; x_wconf 64' lang='lat' dir='ltr'><strong>basilicasque,³</strong></span> <span class='ocrx_word' id='word_1_12' title='bbox 1058 633 1263 695; x_wconf 84' lang='lat' dir='ltr'><strong>etiam</strong></span> <span class='ocrx_word' id='word_1_13' title='bbox 1293 629 1702 714; x_wconf 80' lang='lat' dir='ltr'>Capitolium</span> <span class='ocrx_word' id='word_1_14' title='bbox 1727 616 1990 694; x_wconf 83' lang='lat' dir='ltr'><strong>ornavit</strong></span> <span class='ocrx_word' id='word_1_15' title='bbox 2028 628 2392 712; x_wconf 67' lang='lat' dir='ltr'><strong>porticibus</strong></span> <span class='ocrx_word' id='word_1_16' title='bbox 2425 627 2510 692; x_wconf 89' lang='lat' dir='ltr'><strong>ad</strong></span> <span class='ocrx_word' id='word_1_17' title='bbox 2539 632 2705 692; x_wconf 85' lang='lat' dir='ltr'><strong>tem-</strong></span> 
     </span>
     <span class='ocr_line' id='line_1_5' title="bbox 514 730 2708 820; baseline -0.003 -19"><span class='ocrx_word' id='word_1_18' title='bbox 514 755 649 820; x_wconf 86' lang='lat' dir='ltr'><strong>pus</strong></span> <span class='ocrx_word' id='word_1_19' title='bbox 679 736 1066 812; x_wconf 66' lang='lat' dir='ltr'><strong>exstructis»,</strong></span> <span class='ocrx_word' id='word_1_20' title='bbox 1092 735 1162 799; x_wconf 89' lang='lat' dir='ltr'><strong>in</strong></span> <span class='ocrx_word' id='word_1_21' title='bbox 1192 733 1458 818; x_wconf 80' lang='lat' dir='ltr'><strong>quibnS,</strong></span> <span class='ocrx_word' id='word_1_22' title='bbox 1499 730 1935 797; x_wconf 68' lang='lat' dir='ltr'><strong>abundante*</strong></span> <span class='ocrx_word' id='word_1_23' title='bbox 1974 746 2189 796; x_wconf 78' lang='lat' dir='ltr'><strong>rerum</strong></span> <span class='ocrx_word' id='word_1_24' title='bbox 2235 732 2456 814; x_wconf 74' lang='lat' dir='ltr'><strong>copia,</strong></span> <span class='ocrx_word' id='word_1_25' title='bbox 2500 736 2708 813; x_wconf 61' lang='lat' dir='ltr'><strong>pars&gt;5</strong></span> 
     </span>
     <span class='ocr_line' id='line_1_6' title="bbox 517 832 2708 923; baseline -0.002 -21"><span class='ocrx_word' id='word_1_26' title='bbox 517 841 882 923; x_wconf 86' lang='lat' dir='ltr'><strong>apparatus</strong></span> <span class='ocrx_word' id='word_1_27' title='bbox 898 845 923 872; x_wconf 74' lang='lat'>²</span> <span class='ocrx_word' id='word_1_28' title='bbox 951 843 1410 921; x_wconf 82' lang='lat' dir='ltr'><strong>exponeretur.</strong></span> <span class='ocrx_word' id='word_1_29' title='bbox 1481 834 1900 901; x_wconf 85' lang='lat' dir='ltr'><strong>Venationes</strong></span> <span class='ocrx_word' id='word_1_30' title='bbox 1916 842 1943 871; x_wconf 83' lang='lat'>⁸</span> <span class='ocrx_word' id='word_1_31' title='bbox 1969 841 2199 900; x_wconf 72' lang='lat' dir='ltr'><strong>autern</strong></span> <span class='ocrx_word' id='word_1_32' title='bbox 2226 834 2560 918; x_wconf 82' lang='lat' dir='ltr'><strong>ludosque</strong></span> <span class='ocrx_word' id='word_1_33' title='bbox 2578 832 2603 870; x_wconf 70' lang='lat' dir='ltr'>b</span> <span class='ocrx_word' id='word_1_34' title='bbox 2642 840 2708 899; x_wconf 86' lang='lat' dir='ltr'><strong>et</strong></span> 
     </span>
    </p>
   </div>
   <div class='ocr_carea' id='block_1_4' title="bbox 1434 1018 1797 1039">
    <p class='ocr_par' dir='ltr' id='par_1_4' title="bbox 1434 1018 1797 1039">
     <span class='ocr_line' id='line_1_7' title="bbox 1434 1018 1797 1039; baseline 0 -1"><span class='ocrx_word' id='word_1_35' title='bbox 1434 1018 1797 1039; x_wconf 49' lang='lat' dir='ltr'><strong>OOOOOOOOO</strong></span> 
     </span>
    </p>
   </div>
   <div class='ocr_carea' id='block_1_5' title="bbox 508 1135 2707 1469">
    <p class='ocr_par' dir='ltr' id='par_1_5' title="bbox 508 1135 2707 1469">
     <span class='ocr_line' id='line_1_8' title="bbox 512 1135 2707 1201; baseline -0.001 -15"><span class='ocrx_word' id='word_1_36' title='bbox 512 1136 842 1187; x_wconf 76' lang='lat' dir='ltr'><strong>commendat</strong></span> <span class='ocrx_word' id='word_1_37' title='bbox 880 1136 1037 1188; x_wconf 86' lang='lat' dir='ltr'><strong>Wolf.</strong></span> <span class='ocrx_word' id='word_1_38' title='bbox 1077 1138 1391 1201; x_wconf 83' lang='lat' dir='ltr'><strong>astipulante</strong></span> <span class='ocrx_word' id='word_1_39' title='bbox 1428 1138 1600 1188; x_wconf 80' lang='lat' dir='ltr'><strong>Ruhn.</strong></span> <span class='ocrx_word' id='word_1_40' title='bbox 1647 1138 1908 1188; x_wconf 75' lang='lat' dir='ltr'><strong>Ambrones</strong></span> <span class='ocrx_word' id='word_1_41' title='bbox 1946 1137 2074 1186; x_wconf 89' lang='lat' dir='ltr'><strong>Mss.</strong></span> <span class='ocrx_word' id='word_1_42' title='bbox 2112 1135 2309 1198; x_wconf 80' lang='lat' dir='ltr'><strong>aliquot</strong></span> <span class='ocrx_word' id='word_1_43' title='bbox 2342 1135 2497 1186; x_wconf 76' lang='lat' dir='ltr'><strong>Torr.</strong></span> <span class='ocrx_word' id='word_1_44' title='bbox 2529 1144 2585 1185; x_wconf 86' lang='lat' dir='ltr'><strong>et</strong></span> <span class='ocrx_word' id='word_1_45' title='bbox 2609 1135 2707 1184; x_wconf 85' lang='lat' dir='ltr'><strong>Ed.</strong></span> 
     </span>
     <span class='ocr_line' id='line_1_9' title="bbox 512 1200 2705 1267; baseline -0.001 -17"><span class='ocrx_word' id='word_1_46' title='bbox 512 1200 644 1252; x_wconf 90' lang='lat' dir='ltr'><strong>Bon.</strong></span> <span class='ocrx_word' id='word_1_47' title='bbox 666 1204 802 1267; x_wconf 88' lang='lat' dir='ltr'><strong>quod</strong></span> <span class='ocrx_word' id='word_1_48' title='bbox 828 1204 1014 1265; x_wconf 88' lang='lat' dir='ltr'><strong>probat</strong></span> <span class='ocrx_word' id='word_1_49' title='bbox 1035 1203 1294 1253; x_wconf 79' lang='lat' dir='ltr'><strong>Bai-thius.</strong></span> <span class='ocrx_word' id='word_1_50' title='bbox 1340 1204 1529 1253; x_wconf 89' lang='lat' dir='ltr'><strong>Literis</strong></span> <span class='ocrx_word' id='word_1_51' title='bbox 1553 1205 1706 1266; x_wconf 89' lang='lat' dir='ltr'><strong>paulo</strong></span> <span class='ocrx_word' id='word_1_52' title='bbox 1730 1204 2030 1262; x_wconf 85' lang='lat' dir='ltr'><strong>immutatis,</strong></span> <span class='ocrx_word' id='word_1_53' title='bbox 2045 1201 2308 1250; x_wconf 63' lang='lat' dir='ltr'><strong>Arnon-onas</strong></span> <span class='ocrx_word' id='word_1_54' title='bbox 2325 1201 2543 1264; x_wconf 80' lang='lat' dir='ltr'>corrigit</span> <span class='ocrx_word' id='word_1_55' title='bbox 2567 1201 2705 1250; x_wconf 85' lang='lat' dir='ltr'><strong>Oud.</strong></span> 
     </span>
     <span class='ocr_line' id='line_1_10' title="bbox 510 1266 2706 1333; baseline -0.001 -18"><span class='ocrx_word' id='word_1_56' title='bbox 510 1267 758 1317; x_wconf 78' lang='lat' dir='ltr'><strong>laudante</strong></span> <span class='ocrx_word' id='word_1_57' title='bbox 792 1270 1006 1333; x_wconf 83' lang='lat' dir='ltr'><strong>Baurng.</strong></span> <span class='ocrx_word' id='word_1_58' title='bbox 1026 1269 1116 1318; x_wconf 83' lang='lat' dir='ltr'><strong>sed</strong></span> <span class='ocrx_word' id='word_1_59' title='bbox 1139 1283 1223 1331; x_wconf 79' lang='lat' dir='ltr'><strong>per</strong></span> <span class='ocrx_word' id='word_1_60' title='bbox 1250 1269 1451 1318; x_wconf 84' lang='lat' dir='ltr'><strong>Umbros</strong></span> <span class='ocrx_word' id='word_1_61' title='bbox 1470 1271 1619 1318; x_wconf 83' lang='lat' dir='ltr'><strong>malit</strong></span> <span class='ocrx_word' id='word_1_62' title='bbox 1641 1270 1822 1318; x_wconf 72' lang='lat' dir='ltr'><strong>Burni.</strong></span> <span class='ocrx_word' id='word_1_63' title='bbox 1877 1268 2134 1317; x_wconf 73' lang='lat' dir='ltr'><strong>Ambianos</strong></span> <span class='ocrx_word' id='word_1_64' title='bbox 2153 1266 2358 1316; x_wconf 75' lang='lat' dir='ltr'><strong>viterb.</strong></span> <span class='ocrx_word' id='word_1_65' title='bbox 2379 1283 2409 1315; x_wconf 86' lang='lat' dir='ltr'><strong>a</strong></span> <span class='ocrx_word' id='word_1_66' title='bbox 2432 1283 2497 1316; x_wconf 87' lang='lat' dir='ltr'><strong>m.</strong></span> <span class='ocrx_word' id='word_1_67' title='bbox 2520 1280 2627 1316; x_wconf 84' lang='lat' dir='ltr'><strong>sec.</strong></span> <span class='ocrx_word' id='word_1_68' title='bbox 2653 1272 2706 1313; x_wconf 84' lang='lat' dir='ltr'><strong>et</strong></span> 
     </span>
     <span class='ocr_line' id='line_1_11' title="bbox 508 1333 2706 1396; baseline -0.001 -16"><span class='ocrx_word' id='word_1_69' title='bbox 508 1333 632 1381; x_wconf 87' lang='lat' dir='ltr'><strong>libri</strong></span> <span class='ocrx_word' id='word_1_70' title='bbox 663 1334 791 1396; x_wconf 78' lang='lat' dir='ltr'><strong>regii</strong></span> <span class='ocrx_word' id='word_1_71' title='bbox 816 1335 986 1384; x_wconf 86' lang='lat' dir='ltr'><strong>Paris.</strong></span> <span class='ocrx_word' id='word_1_72' title='bbox 1040 1335 1303 1385; x_wconf 69' lang='lat' dir='ltr'><strong>Umbrenus</strong></span> <span class='ocrx_word' id='word_1_73' title='bbox 1323 1335 1453 1385; x_wconf 87' lang='lat' dir='ltr'><strong>Ven.</strong></span> <span class='ocrx_word' id='word_1_74' title='bbox 1479 1335 1693 1385; x_wconf 67' lang='lat' dir='ltr'><strong>Leald.</strong></span> <span class='ocrx_word' id='word_1_75' title='bbox 1756 1334 2004 1383; x_wconf 70' lang='lat' dir='ltr'><strong>Lubravws</strong></span> <span class='ocrx_word' id='word_1_76' title='bbox 2041 1333 2226 1396; x_wconf 77' lang='lat' dir='ltr'><strong>Cujac.</strong></span> <span class='ocrx_word' id='word_1_77' title='bbox 2264 1333 2388 1381; x_wconf 86' lang='lat' dir='ltr'><strong>Lisl.</strong></span> <span class='ocrx_word' id='word_1_78' title='bbox 2445 1333 2706 1382; x_wconf 79' lang='lat' dir='ltr'><strong>Umbranes</strong></span> 
     </span>
     <span class='ocr_line' id='line_1_12' title="bbox 514 1396 2706 1469; baseline -0.001 -23"><span class='ocrx_word' id='word_1_79' title='bbox 514 1397 678 1449; x_wconf 87' lang='lat' dir='ltr'><strong>Rhed.</strong></span> <span class='ocrx_word' id='word_1_80' title='bbox 714 1403 856 1448; x_wconf 81' lang='grc'><strong>1.-3</strong></span> <span class='ocrx_word' id='word_1_81' title='bbox 891 1400 1128 1451; x_wconf 81' lang='lat' dir='ltr'><strong>Destitut.</strong></span> <span class='ocrx_word' id='word_1_82' title='bbox 1170 1404 1241 1450; x_wconf 81' lang='lat' dir='ltr'><strong>est</strong></span> <span class='ocrx_word' id='word_1_83' title='bbox 1280 1399 1535 1469; x_wconf 53' lang='lat' dir='ltr'><strong>Halm—4</strong></span> <span class='ocrx_word' id='word_1_84' title='bbox 1567 1400 1879 1451; x_wconf 61' lang='lat' dir='ltr'><strong>abundanter</strong></span> <span class='ocrx_word' id='word_1_85' title='bbox 1911 1399 2064 1451; x_wconf 83' lang='lat' dir='ltr'><strong>Junt.</strong></span> <span class='ocrx_word' id='word_1_86' title='bbox 2102 1397 2332 1461; x_wconf 87' lang='lat' dir='ltr'><strong>repetita</strong></span> <span class='ocrx_word' id='word_1_87' title='bbox 2370 1396 2449 1447; x_wconf 89' lang='lat' dir='ltr'><strong>bis</strong></span> <span class='ocrx_word' id='word_1_88' title='bbox 2486 1397 2640 1449; x_wconf 87' lang='lat' dir='ltr'><strong>litera</strong></span> <span class='ocrx_word' id='word_1_89' title='bbox 2661 1411 2706 1444; x_wconf 86' lang='lat' dir='ltr'><strong>r.</strong></span> 
     </span>
    </p>
   </div>
   <div class='ocr_carea' id='block_1_6' title="bbox 1508 1546 1722 1615">
    <p class='ocr_par' dir='ltr' id='par_1_6' title="bbox 1508 1546 1722 1615">
     <span class='ocr_line' id='line_1_13' title="bbox 1508 1546 1722 1615; baseline 0 -1"><span class='ocrx_word' id='word_1_90' title='bbox 1508 1546 1722 1615; x_wconf 64' lang='lat' dir='ltr'><strong>riom</strong></span> 
     </span>
    </p>
   </div>
   <div class='ocr_carea' id='block_1_7' title="bbox 498 1676 1569 2732">
    <p class='ocr_par' dir='ltr' id='par_1_7' title="bbox 498 1676 1569 2732">
     <span class='ocr_line' id='line_1_14' title="bbox 509 1676 1569 1742; baseline 0.003 -17"><span class='ocrx_word' id='word_1_91' title='bbox 509 1676 804 1740; x_wconf 84' lang='lat' dir='ltr'><strong>suspicatur</strong></span> <span class='ocrx_word' id='word_1_92' title='bbox 839 1677 1058 1742; x_wconf 80' lang='lat' dir='ltr'><strong>intelligi</strong></span> <span class='ocrx_word' id='word_1_93' title='bbox 1092 1677 1347 1729; x_wconf 74' lang='lat' dir='ltr'><strong>citerioris</strong></span> <span class='ocrx_word' id='word_1_94' title='bbox 1377 1677 1569 1742; x_wconf 89' lang='lat' dir='ltr'><strong>Hispa-</strong></span> 
     </span>
     <span class='ocr_line' id='line_1_15' title="bbox 508 1749 1569 1819; baseline 0.003 -18"><span class='ocrx_word' id='word_1_95' title='bbox 508 1754 609 1802; x_wconf 84' lang='lat' dir='ltr'><strong>niae</strong></span> <span class='ocrx_word' id='word_1_96' title='bbox 634 1749 910 1803; x_wconf 82' lang='lat' dir='ltr'><strong>barbarum</strong></span> <span class='ocrx_word' id='word_1_97' title='bbox 935 1755 1155 1818; x_wconf 81' lang='lat' dir='ltr'><strong>aliquem</strong></span> <span class='ocrx_word' id='word_1_98' title='bbox 1179 1756 1449 1819; x_wconf 85' lang='lat' dir='ltr'><strong>populum,</strong></span> <span class='ocrx_word' id='word_1_99' title='bbox 1482 1770 1569 1804; x_wconf 90' lang='lat' dir='ltr'><strong>cu·</strong></span> 
     </span>
     <span class='ocr_line' id='line_1_16' title="bbox 499 1832 1569 1897; baseline 0.002 -16"><span class='ocrx_word' id='word_1_100' title='bbox 499 1832 590 1895; x_wconf 84' lang='lat' dir='ltr'><strong>jus</strong></span> <span class='ocrx_word' id='word_1_101' title='bbox 613 1834 796 1897; x_wconf 88' lang='lat' dir='ltr'><strong>opibus</strong></span> <span class='ocrx_word' id='word_1_102' title='bbox 837 1834 900 1882; x_wconf 88' lang='lat' dir='ltr'><strong>ad</strong></span> <span class='ocrx_word' id='word_1_103' title='bbox 943 1848 1021 1884; x_wconf 87' lang='lat' dir='ltr'><strong>res</strong></span> <span class='ocrx_word' id='word_1_104' title='bbox 1044 1835 1303 1884; x_wconf 86' lang='lat' dir='ltr'><strong>novandas</strong></span> <span class='ocrx_word' id='word_1_105' title='bbox 1326 1835 1569 1884; x_wconf 88' lang='lat' dir='ltr'><strong>abutere·</strong></span> 
     </span>
     <span class='ocr_line' id='line_1_17' title="bbox 508 1910 1568 1974; baseline 0.002 -17"><span class='ocrx_word' id='word_1_106' title='bbox 508 1914 595 1957; x_wconf 86' lang='lat' dir='ltr'><strong>tur</strong></span> <span class='ocrx_word' id='word_1_107' title='bbox 621 1910 762 1972; x_wconf 88' lang='lat' dir='ltr'><strong>Piso,</strong></span> <span class='ocrx_word' id='word_1_108' title='bbox 781 1911 916 1958; x_wconf 83' lang='lat' dir='ltr'><strong>sicut</strong></span> <span class='ocrx_word' id='word_1_109' title='bbox 952 1916 1007 1959; x_wconf 88' lang='lat' dir='ltr'><strong>et</strong></span> <span class='ocrx_word' id='word_1_110' title='bbox 1044 1910 1568 1974; x_wconf 74' lang='lat' dir='ltr'><strong>Caesar&#39;l&#39;ranspada-</strong></span> 
     </span>
     <span class='ocr_line' id='line_1_18' title="bbox 506 1986 1567 2051; baseline 0.001 -16"><span class='ocrx_word' id='word_1_111' title='bbox 506 2000 719 2037; x_wconf 84' lang='lat' dir='ltr'><strong>norum:</strong></span> <span class='ocrx_word' id='word_1_112' title='bbox 756 2002 856 2050; x_wconf 85' lang='lat' dir='ltr'><strong>quo</strong></span> <span class='ocrx_word' id='word_1_113' title='bbox 878 1987 1049 2051; x_wconf 77' lang='lat' dir='ltr'><strong>posito</strong></span> <span class='ocrx_word' id='word_1_114' title='bbox 1081 1987 1156 2037; x_wconf 88' lang='lat' dir='ltr'><strong>sie</strong></span> <span class='ocrx_word' id='word_1_115' title='bbox 1188 1986 1328 2037; x_wconf 80' lang='lat' dir='ltr'><strong>foret</strong></span> <span class='ocrx_word' id='word_1_116' title='bbox 1351 1994 1567 2037; x_wconf 88' lang='lat' dir='ltr'><strong>contex-</strong></span> 
     </span>
     <span class='ocr_line' id='line_1_19' title="bbox 504 2063 1568 2129; baseline 0.003 -17"><span class='ocrx_word' id='word_1_117' title='bbox 504 2063 642 2112; x_wconf 87' lang='lat' dir='ltr'><strong>enda</strong></span> <span class='ocrx_word' id='word_1_118' title='bbox 676 2064 904 2128; x_wconf 72' lang='lat' dir='ltr'><strong>phrasis:</strong></span> <span class='ocrx_word' id='word_1_119' title='bbox 956 2067 972 2094; x_wconf 81' lang='lat'>⁸</span> <span class='ocrx_word' id='word_1_120' title='bbox 999 2065 1325 2129; x_wconf 75' lang='lat' dir='ltr'><strong>Factumque</strong></span> <span class='ocrx_word' id='word_1_121' title='bbox 1360 2079 1474 2114; x_wconf 86' lang='lat' dir='ltr'><strong>esse</strong></span> <span class='ocrx_word' id='word_1_122' title='bbox 1511 2072 1568 2116; x_wconf 83' lang='lat' dir='ltr'><strong>ut</strong></span> 
     </span>
     <span class='ocr_line' id='line_1_20' title="bbox 506 2140 1567 2207; baseline 0.003 -19"><span class='ocrx_word' id='word_1_123' title='bbox 506 2140 632 2189; x_wconf 85' lang='lat' dir='ltr'><strong>Piso</strong></span> <span class='ocrx_word' id='word_1_124' title='bbox 676 2147 829 2190; x_wconf 69' lang='lat' dir='ltr'><strong>extra</strong></span> <span class='ocrx_word' id='word_1_125' title='bbox 858 2142 1046 2192; x_wconf 60' lang='lat' dir='ltr'><strong>‘urbem</strong></span> <span class='ocrx_word' id='word_1_126' title='bbox 1088 2156 1185 2206; x_wconf 85' lang='lat' dir='ltr'><strong>per</strong></span> <span class='ocrx_word' id='word_1_127' title='bbox 1231 2142 1567 2207; x_wconf 73' lang='lat' dir='ltr'><strong>Lumbi-anos,</strong></span> 
     </span>
     <span class='ocr_line' id='line_1_21' title="bbox 504 2216 1567 2282; baseline 0.003 -17"><span class='ocrx_word' id='word_1_128' title='bbox 504 2216 680 2266; x_wconf 73' lang='lat' dir='ltr'><strong>Caesar</strong></span> <span class='ocrx_word' id='word_1_129' title='bbox 700 2218 752 2266; x_wconf 86' lang='lat' dir='ltr'><strong>in</strong></span> <span class='ocrx_word' id='word_1_130' title='bbox 777 2218 904 2267; x_wconf 84' lang='lat' dir='ltr'><strong>urbe</strong></span> <span class='ocrx_word' id='word_1_131' title='bbox 930 2232 1023 2282; x_wconf 88' lang='lat' dir='ltr'><strong>per</strong></span> <span class='ocrx_word' id='word_1_132' title='bbox 1042 2218 1463 2282; x_wconf 71' lang='lat' dir='ltr'><strong>Transpadanos,</strong></span> <span class='ocrx_word' id='word_1_133' title='bbox 1482 2234 1567 2268; x_wconf 86' lang='lat' dir='ltr'><strong>res</strong></span> 
     </span>
     <span class='ocr_line' id='line_1_22' title="bbox 502 2294 1564 2346; baseline 0.005 -5"><span class='ocrx_word' id='word_1_134' title='bbox 502 2304 662 2343; x_wconf 84' lang='lat' dir='ltr'><strong>novas</strong></span> <span class='ocrx_word' id='word_1_135' title='bbox 686 2294 1191 2345; x_wconf 76' lang='lat' dir='ltr'><strong>simulinolirentur.’</strong></span> <span class='ocrx_word' id='word_1_136' title='bbox 1235 2296 1427 2345; x_wconf 85' lang='lat' dir='ltr'><strong>Verum</strong></span> <span class='ocrx_word' id='word_1_137' title='bbox 1448 2311 1564 2346; x_wconf 84' lang='lat' dir='ltr'><strong>cum</strong></span> 
     </span>
     <span class='ocr_line' id='line_1_23' title="bbox 499 2369 1566 2436; baseline 0.003 -17"><span class='ocrx_word' id='word_1_138' title='bbox 499 2369 808 2434; x_wconf 84' lang='lat' dir='ltr'><strong>ignorentur</strong></span> <span class='ocrx_word' id='word_1_139' title='bbox 864 2372 1084 2436; x_wconf 75' lang='lat' dir='ltr'><strong>Hispani</strong></span> <span class='ocrx_word' id='word_1_140' title='bbox 1138 2371 1226 2422; x_wconf 86' lang='lat' dir='ltr'><strong>isti</strong></span> <span class='ocrx_word' id='word_1_141' title='bbox 1273 2371 1566 2436; x_wconf 86' lang='lat' dir='ltr'><strong>Lambrani,</strong></span> 
     </span>
     <span class='ocr_line' id='line_1_24' title="bbox 498 2449 1565 2515; baseline 0.003 -18"><span class='ocrx_word' id='word_1_142' title='bbox 498 2450 702 2500; x_wconf 83' lang='lat' dir='ltr'><strong>malunt</strong></span> <span class='ocrx_word' id='word_1_143' title='bbox 735 2449 842 2506; x_wconf 87' lang='lat' dir='ltr'><strong>alii,</strong></span> <span class='ocrx_word' id='word_1_144' title='bbox 883 2449 1197 2499; x_wconf 84' lang='lat' dir='ltr'><strong>Lambranos</strong></span> <span class='ocrx_word' id='word_1_145' title='bbox 1218 2449 1300 2499; x_wconf 89' lang='lat' dir='ltr'><strong>hic</strong></span> <span class='ocrx_word' id='word_1_146' title='bbox 1342 2449 1565 2515; x_wconf 81' lang='lat' dir='ltr'><strong>intelligi</strong></span> 
     </span>
     <span class='ocr_line' id='line_1_25' title="bbox 500 2526 1563 2595; baseline 0.006 -20"><span class='ocrx_word' id='word_1_147' title='bbox 500 2530 703 2576; x_wconf 79' lang='lat' dir='ltr'><strong>accolas</strong></span> <span class='ocrx_word' id='word_1_148' title='bbox 744 2529 959 2577; x_wconf 75' lang='lat' dir='ltr'><strong>Lambri</strong></span> <span class='ocrx_word' id='word_1_149' title='bbox 1003 2526 1243 2591; x_wconf 84' lang='lat' dir='ltr'><strong>fluminis,</strong></span> <span class='ocrx_word' id='word_1_150' title='bbox 1284 2532 1420 2595; x_wconf 87' lang='lat' dir='ltr'><strong>quod</strong></span> <span class='ocrx_word' id='word_1_151' title='bbox 1458 2546 1563 2581; x_wconf 87' lang='lat' dir='ltr'><strong>non</strong></span> 
     </span>
     <span class='ocr_line' id='line_1_26' title="bbox 499 2603 1562 2668; baseline 0.005 -17"><span class='ocrx_word' id='word_1_152' title='bbox 499 2603 656 2668; x_wconf 72' lang='lat' dir='ltr'><strong>longe</strong></span> <span class='ocrx_word' id='word_1_153' title='bbox 706 2615 738 2654; x_wconf 86' lang='lat' dir='ltr'><strong>a</strong></span> <span class='ocrx_word' id='word_1_154' title='bbox 786 2605 1088 2655; x_wconf 71' lang='lat' dir='ltr'><strong>Mediolano</strong></span> <span class='ocrx_word' id='word_1_155' title='bbox 1133 2605 1186 2654; x_wconf 90' lang='lat' dir='ltr'><strong>in</strong></span> <span class='ocrx_word' id='word_1_156' title='bbox 1232 2604 1433 2655; x_wconf 79' lang='lat' dir='ltr'><strong>Padum</strong></span> <span class='ocrx_word' id='word_1_157' title='bbox 1483 2608 1562 2656; x_wconf 76' lang='lat' dir='ltr'><strong>in-</strong></span> 
     </span>
     <span class='ocr_line' id='line_1_27' title="bbox 500 2678 636 2732; baseline 0.022 -3"><span class='ocrx_word' id='word_1_158' title='bbox 500 2678 636 2732; x_wconf 86' lang='lat' dir='ltr'><strong>fluit.</strong></span> 
     </span>
    </p>
   </div>
   <div class='ocr_carea' id='block_1_8' title="bbox 565 2755 1588 2834">
    <p class='ocr_par' dir='ltr' id='par_1_8' title="bbox 565 2755 1588 2834">
     <span class='ocr_line' id='line_1_28' title="bbox 565 2755 1588 2834; baseline 0.001 -25"><span class='ocrx_word' id='word_1_159' title='bbox 565 2763 598 2790; x_wconf 76' lang='lat' dir='ltr'>w</span> <span class='ocrx_word' id='word_1_160' title='bbox 630 2755 835 2825; x_wconf 76' lang='lat' dir='ltr'><strong>AEdilis]</strong></span> <span class='ocrx_word' id='word_1_161' title='bbox 888 2757 1083 2809; x_wconf 81' lang='lat' dir='ltr'><strong>AEdiles</strong></span> <span class='ocrx_word' id='word_1_162' title='bbox 1129 2757 1195 2810; x_wconf 87' lang='lat' dir='ltr'><strong>ab</strong></span> <span class='ocrx_word' id='word_1_163' title='bbox 1240 2760 1436 2812; x_wconf 67' lang='lat' dir='ltr'><strong>aedibus</strong></span> <span class='ocrx_word' id='word_1_164' title='bbox 1469 2776 1588 2834; x_wconf 49' lang='lat' dir='ltr'><strong>no·-</strong></span> 
     </span>
    </p>
   </div>
   <div class='ocr_carea' id='block_1_9' title="bbox 477 2838 1563 4352">
    <p class='ocr_par' dir='ltr' id='par_1_9' title="bbox 477 2838 1563 4122">
     <span class='ocr_line' id='line_1_29' title="bbox 497 2838 1563 2902; baseline 0.004 -17"><span class='ocrx_word' id='word_1_165' title='bbox 497 2849 617 2885; x_wconf 86' lang='lat' dir='ltr'><strong>men</strong></span> <span class='ocrx_word' id='word_1_166' title='bbox 640 2838 844 2897; x_wconf 79' lang='lat' dir='ltr'><strong>sortiti3</strong></span> <span class='ocrx_word' id='word_1_167' title='bbox 878 2839 994 2890; x_wconf 88' lang='lat' dir='ltr'><strong>illas</strong></span> <span class='ocrx_word' id='word_1_168' title='bbox 1027 2841 1187 2902; x_wconf 88' lang='lat' dir='ltr'><strong>enim,</strong></span> <span class='ocrx_word' id='word_1_169' title='bbox 1218 2838 1353 2889; x_wconf 81' lang='lat' dir='ltr'><strong>sicut</strong></span> <span class='ocrx_word' id='word_1_170' title='bbox 1376 2846 1429 2888; x_wconf 88' lang='lat' dir='ltr'><strong>et</strong></span> <span class='ocrx_word' id='word_1_171' title='bbox 1453 2840 1563 2889; x_wconf 84' lang='lat' dir='ltr'><strong>vias</strong></span> 
     </span>
     <span class='ocr_line' id='line_1_30' title="bbox 496 2911 1561 2978; baseline 0.003 -18"><span class='ocrx_word' id='word_1_172' title='bbox 496 2911 754 2974; x_wconf 80' lang='lat' dir='ltr'><strong>publicas,</strong></span> <span class='ocrx_word' id='word_1_173' title='bbox 774 2915 1132 2978; x_wconf 73' lang='lat' dir='ltr'><strong>aquaerductns,</strong></span> <span class='ocrx_word' id='word_1_174' title='bbox 1154 2914 1323 2975; x_wconf 86' lang='lat' dir='ltr'><strong>ludos,</strong></span> <span class='ocrx_word' id='word_1_175' title='bbox 1346 2921 1402 2964; x_wconf 82' lang='lat' dir='ltr'><strong>et</strong></span> <span class='ocrx_word' id='word_1_176' title='bbox 1420 2915 1561 2964; x_wconf 83' lang='lat' dir='ltr'><strong>sirni-</strong></span> 
     </span>
     <span class='ocr_line' id='line_1_31' title="bbox 496 2988 1560 3045; baseline 0.005 -9"><span class='ocrx_word' id='word_1_177' title='bbox 496 2988 582 3045; x_wconf 81' lang='lat' dir='ltr'><strong>lia‚</strong></span> <span class='ocrx_word' id='word_1_178' title='bbox 604 2988 875 3040; x_wconf 79' lang='lat' dir='ltr'><strong>curabant.</strong></span> <span class='ocrx_word' id='word_1_179' title='bbox 916 2991 1023 3040; x_wconf 81' lang='lat' dir='ltr'><strong>Sex</strong></span> <span class='ocrx_word' id='word_1_180' title='bbox 1042 2990 1191 3041; x_wconf 68' lang='lat' dir='ltr'><strong>fuere</strong></span> <span class='ocrx_word' id='word_1_181' title='bbox 1213 2990 1369 3040; x_wconf 80' lang='lat' dir='ltr'><strong>variis</strong></span> <span class='ocrx_word' id='word_1_182' title='bbox 1388 2992 1560 3041; x_wconf 78' lang='lat' dir='ltr'><strong>creati</strong></span> 
     </span>
     <span class='ocr_line' id='line_1_32' title="bbox 497 3061 1559 3132; baseline 0.004 -21"><span class='ocrx_word' id='word_1_183' title='bbox 497 3061 838 3127; x_wconf 81' lang='lat' dir='ltr'><strong>temporibus.</strong></span> <span class='ocrx_word' id='word_1_184' title='bbox 898 3066 1121 3116; x_wconf 74' lang='lat' dir='ltr'><strong>curules</strong></span> <span class='ocrx_word' id='word_1_185' title='bbox 1152 3075 1376 3132; x_wconf 84' lang='lat' dir='ltr'><strong>quatuor</strong></span> <span class='ocrx_word' id='word_1_186' title='bbox 1398 3079 1559 3130; x_wconf 82' lang='lat' dir='ltr'><strong>usqne</strong></span> 
     </span>
     <span class='ocr_line' id='line_1_33' title="bbox 497 3139 1558 3207; baseline 0.004 -20"><span class='ocrx_word' id='word_1_187' title='bbox 497 3139 565 3188; x_wconf 87' lang='lat' dir='ltr'><strong>ad</strong></span> <span class='ocrx_word' id='word_1_188' title='bbox 601 3141 656 3192; x_wconf 83' lang='lat' dir='ltr'><strong>J.</strong></span> <span class='ocrx_word' id='word_1_189' title='bbox 693 3141 977 3204; x_wconf 77' lang='lat' dir='ltr'><strong>Coesa‘rem,</strong></span> <span class='ocrx_word' id='word_1_190' title='bbox 1013 3144 1102 3207; x_wconf 87' lang='lat' dir='ltr'><strong>qui</strong></span> <span class='ocrx_word' id='word_1_191' title='bbox 1138 3145 1388 3193; x_wconf 74' lang='lat' dir='ltr'><strong>&#39;Cereales</strong></span> <span class='ocrx_word' id='word_1_192' title='bbox 1430 3139 1558 3193; x_wconf 85' lang='lat' dir='ltr'><strong>duos</strong></span> 
     </span>
     <span class='ocr_line' id='line_1_34' title="bbox 495 3217 1557 3283; baseline 0.006 -18"><span class='ocrx_word' id='word_1_193' title='bbox 495 3217 736 3268; x_wconf 83' lang='lat' dir='ltr'><strong>addidit:</strong></span> <span class='ocrx_word' id='word_1_194' title='bbox 778 3219 977 3283; x_wconf 82' lang='lat' dir='ltr'><strong>priores</strong></span> <span class='ocrx_word' id='word_1_195' title='bbox 1002 3222 1077 3270; x_wconf 82' lang='lat' dir='ltr'><strong>sic</strong></span> <span class='ocrx_word' id='word_1_196' title='bbox 1102 3220 1231 3271; x_wconf 88' lang='lat' dir='ltr'><strong>dicti</strong></span> <span class='ocrx_word' id='word_1_197' title='bbox 1263 3222 1400 3269; x_wconf 85' lang='lat' dir='ltr'><strong>vela</strong></span> <span class='ocrx_word' id='word_1_198' title='bbox 1429 3222 1557 3271; x_wconf 89' lang='lat' dir='ltr'><strong>sella</strong></span> 
     </span>
     <span class='ocr_line' id='line_1_35' title="bbox 495 3296 1555 3361; baseline 0.005 -19"><span class='ocrx_word' id='word_1_199' title='bbox 495 3307 681 3343; x_wconf 85' lang='lat' dir='ltr'><strong>curvos</strong></span> <span class='ocrx_word' id='word_1_200' title='bbox 727 3296 884 3358; x_wconf 83' lang='lat' dir='ltr'><strong>pedes</strong></span> <span class='ocrx_word' id='word_1_201' title='bbox 930 3297 1173 3361; x_wconf 75' lang='lat' dir='ltr'><strong>habente,</strong></span> <span class='ocrx_word' id='word_1_202' title='bbox 1228 3298 1307 3345; x_wconf 83' lang='lat' dir='ltr'><strong>vel</strong></span> <span class='ocrx_word' id='word_1_203' title='bbox 1351 3312 1384 3346; x_wconf 88' lang='lat' dir='ltr'><strong>a</strong></span> <span class='ocrx_word' id='word_1_204' title='bbox 1427 3298 1555 3347; x_wconf 83' lang='lat' dir='ltr'><strong>solio</strong></span> 
     </span>
     <span class='ocr_line' id='line_1_36' title="bbox 493 3369 1554 3437; baseline 0.004 -18"><span class='ocrx_word' id='word_1_205' title='bbox 493 3369 726 3421; x_wconf 82' lang='lat' dir='ltr'><strong>eburneo</strong></span> <span class='ocrx_word' id='word_1_206' title='bbox 769 3373 922 3422; x_wconf 76' lang='lat' dir='ltr'><strong>altius</strong></span> <span class='ocrx_word' id='word_1_207' title='bbox 965 3375 1119 3436; x_wconf 68' lang='lat' dir='ltr'><strong>elato,</strong></span> <span class='ocrx_word' id='word_1_208' title='bbox 1167 3386 1269 3436; x_wconf 79' lang='lat' dir='ltr'><strong>quo</strong></span> <span class='ocrx_word' id='word_1_209' title='bbox 1310 3381 1554 3437; x_wconf 74' lang='lat' dir='ltr'><strong>tanquam</strong></span> 
     </span>
     <span class='ocr_line' id='line_1_37' title="bbox 491 3449 1551 3514; baseline 0.002 -16"><span class='ocrx_word' id='word_1_210' title='bbox 491 3459 648 3498; x_wconf 69' lang='lat' dir='ltr'><strong>curra</strong></span> <span class='ocrx_word' id='word_1_211' title='bbox 662 3449 754 3514; x_wconf 81' lang='lat' dir='ltr'><strong>jus</strong></span> <span class='ocrx_word' id='word_1_212' title='bbox 774 3450 968 3500; x_wconf 51' lang='lat' dir='ltr'><strong>‘dicturi</strong></span> <span class='ocrx_word' id='word_1_213' title='bbox 984 3450 1231 3499; x_wconf 78' lang='lat' dir='ltr'><strong>sedentes</strong></span> <span class='ocrx_word' id='word_1_214' title='bbox 1246 3458 1551 3500; x_wconf 72' lang='lat' dir='ltr'><strong>uterentur-z</strong></span> 
     </span>
     <span class='ocr_line' id='line_1_38' title="bbox 490 3526 1555 3592; baseline 0.004 -19"><span class='ocrx_word' id='word_1_215' title='bbox 490 3526 810 3588; x_wconf 82' lang='lat' dir='ltr'><strong>posteriores</strong></span> <span class='ocrx_word' id='word_1_216' title='bbox 843 3540 966 3575; x_wconf 77' lang='lat' dir='ltr'><strong>vero</strong></span> <span class='ocrx_word' id='word_1_217' title='bbox 991 3541 1022 3575; x_wconf 91' lang='lat' dir='ltr'><strong>a</strong></span> <span class='ocrx_word' id='word_1_218' title='bbox 1054 3526 1267 3589; x_wconf 84' lang='lat' dir='ltr'><strong>Cerere,</strong></span> <span class='ocrx_word' id='word_1_219' title='bbox 1287 3528 1426 3592; x_wconf 91' lang='lat' dir='ltr'><strong>quod</strong></span> <span class='ocrx_word' id='word_1_220' title='bbox 1449 3527 1555 3577; x_wconf 88' lang='lat' dir='ltr'><strong>fru-</strong></span> 
     </span>
     <span class='ocr_line' id='line_1_39' title="bbox 489 3601 1555 3665; baseline 0.005 -16"><span class='ocrx_word' id='word_1_221' title='bbox 489 3601 656 3651; x_wconf 88' lang='lat' dir='ltr'><strong>menti</strong></span> <span class='ocrx_word' id='word_1_222' title='bbox 676 3611 850 3651; x_wconf 88' lang='lat' dir='ltr'><strong>curam</strong></span> <span class='ocrx_word' id='word_1_223' title='bbox 876 3610 1116 3662; x_wconf 84' lang='lat' dir='ltr'><strong>gererent</strong></span> <span class='ocrx_word' id='word_1_224' title='bbox 1133 3609 1188 3651; x_wconf 90' lang='lat' dir='ltr'><strong>et</strong></span> <span class='ocrx_word' id='word_1_225' title='bbox 1206 3618 1443 3665; x_wconf 65' lang='lat' dir='ltr'><strong>annona»,</strong></span> <span class='ocrx_word' id='word_1_226' title='bbox 1466 3619 1555 3654; x_wconf 87' lang='lat' dir='ltr'><strong>cu·</strong></span> 
     </span>
     <span class='ocr_line' id='line_1_40' title="bbox 477 3677 1555 3742; baseline 0.004 -16"><span class='ocrx_word' id='word_1_227' title='bbox 477 3677 570 3741; x_wconf 78' lang='lat' dir='ltr'><strong>jus</strong></span> <span class='ocrx_word' id='word_1_228' title='bbox 610 3679 796 3742; x_wconf 77' lang='lat' dir='ltr'><strong>copiae,</strong></span> <span class='ocrx_word' id='word_1_229' title='bbox 827 3678 1057 3739; x_wconf 88' lang='lat' dir='ltr'><strong>cibariis,</strong></span> <span class='ocrx_word' id='word_1_230' title='bbox 1088 3680 1361 3739; x_wconf 85' lang='lat' dir='ltr'><strong>mensuris,</strong></span> <span class='ocrx_word' id='word_1_231' title='bbox 1386 3685 1440 3729; x_wconf 90' lang='lat' dir='ltr'><strong>et</strong></span> <span class='ocrx_word' id='word_1_232' title='bbox 1464 3694 1555 3730; x_wconf 88' lang='lat' dir='ltr'><strong>ne·</strong></span> 
     </span>
     <span class='ocr_line' id='line_1_41' title="bbox 491 3753 1552 3819; baseline 0.004 -18"><span class='ocrx_word' id='word_1_233' title='bbox 491 3768 595 3818; x_wconf 86' lang='lat' dir='ltr'><strong>qua</strong></span> <span class='ocrx_word' id='word_1_234' title='bbox 616 3753 760 3803; x_wconf 83' lang='lat' dir='ltr'><strong>fraus</strong></span> <span class='ocrx_word' id='word_1_235' title='bbox 793 3753 963 3819; x_wconf 84' lang='lat' dir='ltr'><strong>fieret,</strong></span> <span class='ocrx_word' id='word_1_236' title='bbox 999 3755 1267 3817; x_wconf 84' lang='lat' dir='ltr'><strong>invigilare</strong></span> <span class='ocrx_word' id='word_1_237' title='bbox 1304 3755 1552 3805; x_wconf 87' lang='lat' dir='ltr'><strong>teneban-</strong></span> 
     </span>
     <span class='ocr_line' id='line_1_42' title="bbox 489 3830 1553 3895; baseline 0.004 -19"><span class='ocrx_word' id='word_1_238' title='bbox 489 3835 612 3887; x_wconf 86' lang='lat' dir='ltr'><strong>tur;</strong></span> <span class='ocrx_word' id='word_1_239' title='bbox 644 3836 704 3878; x_wconf 87' lang='lat' dir='ltr'><strong>ut</strong></span> <span class='ocrx_word' id='word_1_240' title='bbox 726 3844 902 3878; x_wconf 86' lang='lat' dir='ltr'><strong>eorum</strong></span> <span class='ocrx_word' id='word_1_241' title='bbox 927 3830 1226 3893; x_wconf 87' lang='lat' dir='ltr'><strong>jurisdictio</strong></span> <span class='ocrx_word' id='word_1_242' title='bbox 1268 3830 1371 3879; x_wconf 90' lang='lat' dir='ltr'><strong>dici</strong></span> <span class='ocrx_word' id='word_1_243' title='bbox 1394 3838 1553 3895; x_wconf 87' lang='lat' dir='ltr'><strong>queat</strong></span> 
     </span>
     <span class='ocr_line' id='line_1_43' title="bbox 489 3899 1551 3971; baseline 0.002 -19"><span class='ocrx_word' id='word_1_244' title='bbox 489 3917 593 3952; x_wconf 87' lang='lat' dir='ltr'><strong>non</strong></span> <span class='ocrx_word' id='word_1_245' title='bbox 629 3905 782 3968; x_wconf 85' lang='lat' dir='ltr'><strong>longe</strong></span> <span class='ocrx_word' id='word_1_246' title='bbox 813 3899 1040 3954; x_wconf 84' lang='lat' dir='ltr'><strong>abfuisse</strong></span> <span class='ocrx_word' id='word_1_247' title='bbox 1081 3901 1146 3956; x_wconf 87' lang='lat' dir='ltr'><strong>ab</strong></span> <span class='ocrx_word' id='word_1_248' title='bbox 1188 3921 1251 3955; x_wconf 87' lang='lat' dir='ltr'><strong>ea</strong></span> <span class='ocrx_word' id='word_1_249' title='bbox 1286 3922 1438 3971; x_wconf 89' lang='lat' dir='ltr'><strong>quam</strong></span> <span class='ocrx_word' id='word_1_250' title='bbox 1473 3903 1551 3954; x_wconf 88' lang='lat' dir='ltr'><strong>di-</strong></span> 
     </span>
     <span class='ocr_line' id='line_1_44' title="bbox 489 3981 1551 4044; baseline 0.003 -15"><span class='ocrx_word' id='word_1_251' title='bbox 489 3986 617 4030; x_wconf 89' lang='lat' dir='ltr'><strong>cunt</strong></span> <span class='ocrx_word' id='word_1_252' title='bbox 654 3981 808 4044; x_wconf 85' lang='lat' dir='ltr'><strong>vulgo</strong></span> <span class='ocrx_word' id='word_1_253' title='bbox 852 3983 900 4031; x_wconf 82' lang='lat' dir='ltr'><strong>la</strong></span> <span class='ocrx_word' id='word_1_254' title='bbox 943 3982 1120 4032; x_wconf 82' lang='lat' dir='ltr'><strong>Police.</strong></span> <span class='ocrx_word' id='word_1_255' title='bbox 1187 3985 1274 4032; x_wconf 88' lang='lat' dir='ltr'><strong>De</strong></span> <span class='ocrx_word' id='word_1_256' title='bbox 1310 3981 1551 4032; x_wconf 66' lang='lat' dir='ltr'><strong>sedilibus</strong></span> 
     </span>
     <span class='ocr_line' id='line_1_45' title="bbox 490 4050 1076 4122; baseline 0.007 -18"><span class='ocrx_word' id='word_1_257' title='bbox 490 4050 628 4105; x_wconf 80' lang='lat' dir='ltr'><strong>infra</strong></span> <span class='ocrx_word' id='word_1_258' title='bbox 647 4055 866 4120; x_wconf 80' lang='lat' dir='ltr'><strong>vespas.</strong></span> <span class='ocrx_word' id='word_1_259' title='bbox 891 4074 1003 4122; x_wconf 85' lang='lat' dir='ltr'><strong>cap.</strong></span> <span class='ocrx_word' id='word_1_260' title='bbox 1027 4064 1076 4108; x_wconf 85' lang='lat'><strong>2.</strong></span> 
     </span>
    </p>

    <p class='ocr_par' dir='ltr' id='par_1_10' title="bbox 489 4133 1551 4352">
     <span class='ocr_line' id='line_1_46' title="bbox 554 4133 1551 4198; baseline 0.002 -16"><span class='ocrx_word' id='word_1_261' title='bbox 554 4139 581 4165; x_wconf 85' lang='lat'>¹</span> <span class='ocrx_word' id='word_1_262' title='bbox 617 4134 873 4183; x_wconf 75' lang='lat' dir='ltr'><strong>Comitium</strong></span> <span class='ocrx_word' id='word_1_263' title='bbox 893 4133 1139 4198; x_wconf 70' lang='lat' dir='ltr'><strong>ursorum]</strong></span> <span class='ocrx_word' id='word_1_264' title='bbox 1175 4133 1450 4184; x_wconf 88' lang='lat' dir='ltr'><strong>Comitium</strong></span> <span class='ocrx_word' id='word_1_265' title='bbox 1475 4136 1551 4184; x_wconf 90' lang='lat' dir='ltr'><strong>in-</strong></span> 
     </span>
     <span class='ocr_line' id='line_1_47' title="bbox 489 4209 1550 4276; baseline 0.003 -17"><span class='ocrx_word' id='word_1_266' title='bbox 489 4215 575 4259; x_wconf 91' lang='lat' dir='ltr'><strong>ter</strong></span> <span class='ocrx_word' id='word_1_267' title='bbox 608 4218 664 4259; x_wconf 88' lang='lat' dir='ltr'><strong>et</strong></span> <span class='ocrx_word' id='word_1_268' title='bbox 700 4209 867 4260; x_wconf 81' lang='lat' dir='ltr'><strong>forum</strong></span> <span class='ocrx_word' id='word_1_269' title='bbox 910 4210 1217 4260; x_wconf 83' lang='lat' dir='ltr'><strong>discriminis</strong></span> <span class='ocrx_word' id='word_1_270' title='bbox 1252 4211 1376 4259; x_wconf 87' lang='lat' dir='ltr'><strong>illud</strong></span> <span class='ocrx_word' id='word_1_271' title='bbox 1417 4221 1550 4276; x_wconf 86' lang='lat' dir='ltr'><strong>erat,</strong></span> 
     </span>
     <span class='ocr_line' id='line_1_48' title="bbox 490 4287 1549 4352; baseline 0.006 -17"><span class='ocrx_word' id='word_1_272' title='bbox 490 4287 628 4352; x_wconf 86' lang='lat' dir='ltr'><strong>quod</strong></span> <span class='ocrx_word' id='word_1_273' title='bbox 653 4294 856 4351; x_wconf 85' lang='lat' dir='ltr'><strong>partem</strong></span> <span class='ocrx_word' id='word_1_274' title='bbox 889 4290 1026 4338; x_wconf 90' lang='lat' dir='ltr'><strong>inter</strong></span> <span class='ocrx_word' id='word_1_275' title='bbox 1064 4296 1119 4338; x_wconf 92' lang='lat' dir='ltr'><strong>et</strong></span> <span class='ocrx_word' id='word_1_276' title='bbox 1140 4293 1341 4338; x_wconf 75' lang='lat' dir='ltr'><strong>totum:</strong></span> <span class='ocrx_word' id='word_1_277' title='bbox 1379 4289 1549 4341; x_wconf 82' lang='lat' dir='ltr'><strong>forum</strong></span> 
     </span>
    </p>
   </div>
   <div class='ocr_carea' id='block_1_10' title="bbox 1631 1677 2746 2974">
    <p class='ocr_par' dir='ltr' id='par_1_11' title="bbox 1631 1677 2746 2974">
     <span class='ocr_line' id='line_1_49' title="bbox 1649 1677 2707 1742; baseline -0.002 -14"><span class='ocrx_word' id='word_1_278' title='bbox 1649 1677 1782 1728; x_wconf 88' lang='lat' dir='ltr'><strong>euim</strong></span> <span class='ocrx_word' id='word_1_279' title='bbox 1806 1678 2088 1727; x_wconf 86' lang='lat' dir='ltr'><strong>Romanurn</strong></span> <span class='ocrx_word' id='word_1_280' title='bbox 2126 1677 2268 1740; x_wconf 85' lang='lat' dir='ltr'><strong>locus</strong></span> <span class='ocrx_word' id='word_1_281' title='bbox 2305 1684 2417 1727; x_wconf 88' lang='lat' dir='ltr'><strong>erat</strong></span> <span class='ocrx_word' id='word_1_282' title='bbox 2455 1678 2707 1742; x_wconf 85' lang='lat' dir='ltr'><strong>amplissi-</strong></span> 
     </span>
     <span class='ocr_line' id='line_1_50' title="bbox 1647 1752 2706 1819; baseline 0.001 -16"><span class='ocrx_word' id='word_1_283' title='bbox 1647 1755 1846 1816; x_wconf 82' lang='lat' dir='ltr'><strong>mus,&#39;rn</strong></span> <span class='ocrx_word' id='word_1_284' title='bbox 1870 1764 1972 1819; x_wconf 79' lang='lat' dir='ltr'><strong>quo</strong></span> <span class='ocrx_word' id='word_1_285' title='bbox 1982 1752 2182 1817; x_wconf 78' lang='lat' dir='ltr'><strong>judicia</strong></span> <span class='ocrx_word' id='word_1_286' title='bbox 2216 1753 2344 1811; x_wconf 82' lang='lat' dir='ltr'><strong>fleri,</strong></span> <span class='ocrx_word' id='word_1_287' title='bbox 2368 1766 2484 1804; x_wconf 86' lang='lat' dir='ltr'><strong>cnm</strong></span> <span class='ocrx_word' id='word_1_288' title='bbox 2507 1757 2706 1819; x_wconf 86' lang='lat' dir='ltr'><strong>&#39;populo</strong></span> 
     </span>
     <span class='ocr_line' id='line_1_51' title="bbox 1647 1830 2706 1894; baseline 0.002 -15"><span class='ocrx_word' id='word_1_289' title='bbox 1647 1831 1750 1894; x_wconf 84' lang='lat' dir='ltr'><strong>agi,</strong></span> <span class='ocrx_word' id='word_1_290' title='bbox 1796 1831 2173 1894; x_wconf 86' lang='lat' dir='ltr'><strong>concionesque</strong></span> <span class='ocrx_word' id='word_1_291' title='bbox 2218 1830 2395 1880; x_wconf 86' lang='lat' dir='ltr'><strong>haberi</strong></span> <span class='ocrx_word' id='word_1_292' title='bbox 2445 1832 2706 1882; x_wconf 83' lang='lat' dir='ltr'><strong>solebant.</strong></span> 
     </span>
     <span class='ocr_line' id='line_1_52' title="bbox 1648 1904 2709 1973; baseline 0 -16"><span class='ocrx_word' id='word_1_293' title='bbox 1648 1904 1922 1957; x_wconf 88' lang='lat' dir='ltr'><strong>Comitium</strong></span> <span class='ocrx_word' id='word_1_294' title='bbox 1949 1922 2069 1957; x_wconf 84' lang='lat' dir='ltr'><strong>vero</strong></span> <span class='ocrx_word' id='word_1_295' title='bbox 2091 1923 2210 1972; x_wconf 89' lang='lat' dir='ltr'><strong>pars</strong></span> <span class='ocrx_word' id='word_1_296' title='bbox 2232 1908 2331 1957; x_wconf 79' lang='lat' dir='ltr'><strong>fori</strong></span> <span class='ocrx_word' id='word_1_297' title='bbox 2365 1910 2598 1973; x_wconf 82' lang='lat' dir='ltr'><strong>superior</strong></span> <span class='ocrx_word' id='word_1_298' title='bbox 2621 1910 2709 1959; x_wconf 90' lang='lat' dir='ltr'><strong>ubi</strong></span> 
     </span>
     <span class='ocr_line' id='line_1_53' title="bbox 1648 1985 2707 2052; baseline 0.006 -20"><span class='ocrx_word' id='word_1_299' title='bbox 1648 1991 1798 2034; x_wconf 88' lang='lat' dir='ltr'><strong>erant</strong></span> <span class='ocrx_word' id='word_1_300' title='bbox 1818 1992 2002 2035; x_wconf 79' lang='lat' dir='ltr'><strong>rostra.</strong></span> <span class='ocrx_word' id='word_1_301' title='bbox 2047 1986 2134 2036; x_wconf 91' lang='lat' dir='ltr'><strong>De</strong></span> <span class='ocrx_word' id='word_1_302' title='bbox 2151 1985 2343 2047; x_wconf 67' lang='lat' dir='ltr'><strong>onibus</strong></span> <span class='ocrx_word' id='word_1_303' title='bbox 2364 2002 2480 2051; x_wconf 88' lang='lat' dir='ltr'><strong>sup.</strong></span> <span class='ocrx_word' id='word_1_304' title='bbox 2498 1987 2562 2037; x_wconf 90' lang='lat' dir='ltr'><strong>ad</strong></span> <span class='ocrx_word' id='word_1_305' title='bbox 2588 2003 2707 2052; x_wconf 86' lang='lat' dir='ltr'><strong>cap.</strong></span> 
     </span>
     <span class='ocr_line' id='line_1_54' title="bbox 1646 2052 2707 2116; baseline 0.005 -6"><span class='ocrx_word' id='word_1_306' title='bbox 1646 2065 1697 2110; x_wconf 83' lang='lat'><strong>6.</strong></span> <span class='ocrx_word' id='word_1_307' title='bbox 1760 2052 1842 2111; x_wconf 85' lang='lat' dir='ltr'><strong>De</strong></span> <span class='ocrx_word' id='word_1_308' title='bbox 1866 2076 2009 2112; x_wconf 86' lang='lat' dir='ltr'><strong>more</strong></span> <span class='ocrx_word' id='word_1_309' title='bbox 2031 2063 2224 2113; x_wconf 80' lang='lat' dir='ltr'><strong>comitii</strong></span> <span class='ocrx_word' id='word_1_310' title='bbox 2257 2079 2319 2115; x_wconf 81' lang='lat' dir='ltr'><strong>ac</strong></span> <span class='ocrx_word' id='word_1_311' title='bbox 2354 2063 2456 2116; x_wconf 77' lang='lat' dir='ltr'><strong>fori</strong></span> <span class='ocrx_word' id='word_1_312' title='bbox 2487 2065 2707 2116; x_wconf 80' lang='lat' dir='ltr'><strong>ornandi</strong></span> 
     </span>
     <span class='ocr_line' id='line_1_55' title="bbox 1648 2138 2702 2190; baseline 0.001 -2"><span class='ocrx_word' id='word_1_313' title='bbox 1648 2138 1766 2188; x_wconf 79' lang='lat' dir='ltr'><strong>vide</strong></span> <span class='ocrx_word' id='word_1_314' title='bbox 1789 2139 2008 2190; x_wconf 68' lang='lat' dir='ltr'><strong>Bivium.</strong></span> <span class='ocrx_word' id='word_1_315' title='bbox 2493 2151 2514 2171; x_wconf 86' lang='grc'><em>·</em></span> <span class='ocrx_word' id='word_1_316' title='bbox 2697 2142 2702 2154; x_wconf 85' lang='grc'>’</span> 
     </span>
     <span class='ocr_line' id='line_1_56' title="bbox 1709 2214 2705 2282; baseline 0.002 -14"><span class='ocrx_word' id='word_1_317' title='bbox 1709 2224 1732 2261; x_wconf 71' lang='lat'><em>5</em></span> <span class='ocrx_word' id='word_1_318' title='bbox 1765 2215 2119 2282; x_wconf 63' lang='lat' dir='ltr'><strong>Basuicasque]</strong></span> <span class='ocrx_word' id='word_1_319' title='bbox 2171 2214 2501 2281; x_wconf 61' lang='lat' dir='ltr'><strong>amplissima</strong></span> <span class='ocrx_word' id='word_1_320' title='bbox 2540 2219 2705 2270; x_wconf 68' lang='lat' dir='ltr'><strong>aediffl</strong></span> 
     </span>
     <span class='ocr_line' id='line_1_57' title="bbox 1648 2294 2746 2361; baseline 0.003 -17"><span class='ocrx_word' id='word_1_321' title='bbox 1648 2294 1746 2359; x_wconf 87' lang='lat' dir='ltr'><strong>cia,</strong></span> <span class='ocrx_word' id='word_1_322' title='bbox 1780 2296 1916 2344; x_wconf 88' lang='lat' dir='ltr'><strong>circa</strong></span> <span class='ocrx_word' id='word_1_323' title='bbox 1951 2294 2120 2344; x_wconf 81' lang='lat' dir='ltr'><strong>forum</strong></span> <span class='ocrx_word' id='word_1_324' title='bbox 2155 2295 2229 2344; x_wconf 81' lang='lat' dir='ltr'><strong>ita</strong></span> <span class='ocrx_word' id='word_1_325' title='bbox 2268 2298 2497 2347; x_wconf 80' lang='lat' dir='ltr'><strong>construi</strong></span> <span class='ocrx_word' id='word_1_326' title='bbox 2536 2297 2709 2361; x_wconf 87' lang='lat' dir='ltr'><strong>solita,</strong></span> <span class='ocrx_word' id='word_1_327' title='bbox 2743 2326 2746 2329; x_wconf 64' lang='lat'><em>=</em></span> 
     </span>
     <span class='ocr_line' id='line_1_58' title="bbox 1646 2370 2708 2436; baseline 0.002 -17"><span class='ocrx_word' id='word_1_328' title='bbox 1646 2371 1781 2420; x_wconf 88' lang='lat' dir='ltr'><strong>utin</strong></span> <span class='ocrx_word' id='word_1_329' title='bbox 1806 2372 1971 2420; x_wconf 86' lang='lat' dir='ltr'><strong>altera</strong></span> <span class='ocrx_word' id='word_1_330' title='bbox 2010 2378 2160 2436; x_wconf 86' lang='lat' dir='ltr'><strong>parte</strong></span> <span class='ocrx_word' id='word_1_331' title='bbox 2189 2370 2410 2436; x_wconf 82' lang='lat' dir='ltr'><strong>judicia,</strong></span> <span class='ocrx_word' id='word_1_332' title='bbox 2445 2371 2497 2422; x_wconf 90' lang='lat' dir='ltr'><strong>in</strong></span> <span class='ocrx_word' id='word_1_333' title='bbox 2534 2373 2708 2423; x_wconf 88' lang='lat' dir='ltr'><strong>altera</strong></span> 
     </span>
     <span class='ocr_line' id='line_1_59' title="bbox 1646 2446 2708 2511; baseline 0.004 -15"><span class='ocrx_word' id='word_1_334' title='bbox 1646 2446 1854 2509; x_wconf 77' lang='lat' dir='ltr'><strong>negotia</strong></span> <span class='ocrx_word' id='word_1_335' title='bbox 1888 2454 2105 2511; x_wconf 87' lang='lat' dir='ltr'><strong>possent</strong></span> <span class='ocrx_word' id='word_1_336' title='bbox 2139 2449 2389 2499; x_wconf 77' lang='lat' dir='ltr'><strong>exerceri.</strong></span> <span class='ocrx_word' id='word_1_337' title='bbox 2452 2450 2515 2500; x_wconf 89' lang='lat' dir='ltr'><strong>In</strong></span> <span class='ocrx_word' id='word_1_338' title='bbox 2549 2449 2631 2499; x_wconf 83' lang='lat' dir='ltr'><strong>his</strong></span> <span class='ocrx_word' id='word_1_339' title='bbox 2654 2457 2708 2500; x_wconf 88' lang='lat' dir='ltr'><strong>et</strong></span> 
     </span>
     <span class='ocr_line' id='line_1_60' title="bbox 1641 2524 2708 2586; baseline 0.002 -13"><span class='ocrx_word' id='word_1_340' title='bbox 1641 2524 1923 2574; x_wconf 84' lang='lat' dir='ltr'><strong>Senatores</strong></span> <span class='ocrx_word' id='word_1_341' title='bbox 1943 2524 2253 2586; x_wconf 82' lang='lat' dir='ltr'><strong>deliberare,</strong></span> <span class='ocrx_word' id='word_1_342' title='bbox 2274 2532 2327 2575; x_wconf 91' lang='lat' dir='ltr'><strong>et</strong></span> <span class='ocrx_word' id='word_1_343' title='bbox 2346 2526 2381 2578; x_wconf 84' lang='lat' dir='ltr'>J</span> <span class='ocrx_word' id='word_1_344' title='bbox 2389 2527 2562 2576; x_wconf 81' lang='lat' dir='ltr'><strong>udices</strong></span> <span class='ocrx_word' id='word_1_345' title='bbox 2586 2540 2708 2577; x_wconf 86' lang='lat' dir='ltr'><strong>cau-</strong></span> 
     </span>
     <span class='ocr_line' id='line_1_61' title="bbox 1642 2603 2708 2668; baseline 0.002 -17"><span class='ocrx_word' id='word_1_346' title='bbox 1642 2616 1725 2651; x_wconf 84' lang='lat' dir='ltr'><strong>sas</strong></span> <span class='ocrx_word' id='word_1_347' title='bbox 1741 2615 2079 2667; x_wconf 75' lang='lat' dir='ltr'><strong>cognoscere,</strong></span> <span class='ocrx_word' id='word_1_348' title='bbox 2105 2611 2165 2654; x_wconf 75' lang='lat' dir='ltr'><strong>et</strong></span> <span class='ocrx_word' id='word_1_349' title='bbox 2201 2604 2355 2668; x_wconf 72' lang='lat' dir='ltr'><strong>periti</strong></span> <span class='ocrx_word' id='word_1_350' title='bbox 2385 2603 2620 2658; x_wconf 58' lang='lat' dir='ltr'><strong>nonanes</strong></span> <span class='ocrx_word' id='word_1_351' title='bbox 2642 2605 2708 2654; x_wconf 84' lang='lat' dir='ltr'><strong>de</strong></span> 
     </span>
     <span class='ocr_line' id='line_1_62' title="bbox 1631 2677 2675 2743; baseline 0.002 -14"><span class='ocrx_word' id='word_1_352' title='bbox 1631 2679 1754 2743; x_wconf 75' lang='lat' dir='ltr'><strong>jure</strong></span> <span class='ocrx_word' id='word_1_353' title='bbox 1776 2677 2053 2730; x_wconf 79' lang='lat' dir='ltr'><strong>clientibus</strong></span> <span class='ocrx_word' id='word_1_354' title='bbox 2077 2680 2391 2743; x_wconf 81' lang='lat' dir='ltr'><strong>respondere</strong></span> <span class='ocrx_word' id='word_1_355' title='bbox 2416 2680 2675 2731; x_wconf 73' lang='lat' dir='ltr'><strong>sciebant.</strong></span> 
     </span>
     <span class='ocr_line' id='line_1_63' title="bbox 1704 2757 2708 2820; baseline 0.004 -15"><span class='ocrx_word' id='word_1_356' title='bbox 1704 2764 1724 2789; x_wconf 79' lang='lat'>⁸</span> <span class='ocrx_word' id='word_1_357' title='bbox 1745 2757 1877 2806; x_wconf 82' lang='lat' dir='ltr'><strong>Pars</strong></span> <span class='ocrx_word' id='word_1_358' title='bbox 1897 2757 2179 2820; x_wconf 75' lang='lat' dir='ltr'><strong>apparatus]</strong></span> <span class='ocrx_word' id='word_1_359' title='bbox 2200 2757 2389 2806; x_wconf 86' lang='lat' dir='ltr'><strong>Sensus</strong></span> <span class='ocrx_word' id='word_1_360' title='bbox 2412 2764 2512 2818; x_wconf 89' lang='lat' dir='ltr'><strong>est,</strong></span> <span class='ocrx_word' id='word_1_361' title='bbox 2530 2759 2708 2808; x_wconf 79' lang='lat' dir='ltr'><strong>Caesa·</strong></span> 
     </span>
     <span class='ocr_line' id='line_1_64' title="bbox 1642 2832 2709 2899; baseline 0.004 -18"><span class='ocrx_word' id='word_1_362' title='bbox 1642 2840 1954 2897; x_wconf 87' lang='lat' dir='ltr'><strong>rem,utpote</strong></span> <span class='ocrx_word' id='word_1_363' title='bbox 1972 2847 2141 2881; x_wconf 88' lang='lat' dir='ltr'><strong>rernm</strong></span> <span class='ocrx_word' id='word_1_364' title='bbox 2153 2832 2545 2897; x_wconf 63' lang='lat' dir='ltr'><strong>magnificentiae</strong></span> <span class='ocrx_word' id='word_1_365' title='bbox 2560 2850 2709 2899; x_wconf 88' lang='lat' dir='ltr'><strong>pom·</strong></span> 
     </span>
     <span class='ocr_line' id='line_1_65' title="bbox 1644 2909 2709 2974; baseline 0.004 -17"><span class='ocrx_word' id='word_1_366' title='bbox 1644 2922 1829 2974; x_wconf 82' lang='lat' dir='ltr'><strong>paeque</strong></span> <span class='ocrx_word' id='word_1_367' title='bbox 1852 2909 2095 2958; x_wconf 83' lang='lat' dir='ltr'><strong>AEdilitiae</strong></span> <span class='ocrx_word' id='word_1_368' title='bbox 2132 2911 2525 2973; x_wconf 69' lang='lat' dir='ltr'><strong>congruentium</strong></span> <span class='ocrx_word' id='word_1_369' title='bbox 2547 2911 2709 2974; x_wconf 75' lang='lat' dir='ltr'><strong>copia</strong></span> 
     </span>
    </p>
   </div>
   <div class='ocr_carea' id='block_1_11' title="bbox 1617 2987 2707 3051">
    <p class='ocr_par' dir='ltr' id='par_1_12' title="bbox 1617 2987 2707 3051">
     <span class='ocr_line' id='line_1_66' title="bbox 1617 2987 2707 3051; baseline 0.001 -17"><span class='ocrx_word' id='word_1_370' title='bbox 1617 2987 2010 3045; x_wconf 78' lang='lat' dir='ltr'><strong>abundantem,</strong></span> <span class='ocrx_word' id='word_1_371' title='bbox 2045 2988 2097 3040; x_wconf 87' lang='lat' dir='ltr'><strong>in</strong></span> <span class='ocrx_word' id='word_1_372' title='bbox 2136 2987 2236 3036; x_wconf 83' lang='lat' dir='ltr'><strong>illis</strong></span> <span class='ocrx_word' id='word_1_373' title='bbox 2277 2987 2560 3050; x_wconf 84' lang='lat' dir='ltr'><strong>porticibus</strong></span> <span class='ocrx_word' id='word_1_374' title='bbox 2614 3000 2707 3051; x_wconf 64' lang='lat' dir='ltr'><strong>po»</strong></span> 
     </span>
    </p>
   </div>
   <div class='ocr_carea' id='block_1_12' title="bbox 1628 3063 2787 4357">
    <p class='ocr_par' dir='ltr' id='par_1_13' title="bbox 1631 3063 2705 3575">
     <span class='ocr_line' id='line_1_67' title="bbox 1641 3063 2704 3128; baseline 0 -16"><span class='ocrx_word' id='word_1_375' title='bbox 1641 3064 1765 3127; x_wconf 86' lang='lat' dir='ltr'><strong>pulo</strong></span> <span class='ocrx_word' id='word_1_376' title='bbox 1790 3064 2287 3128; x_wconf 76' lang='lat' dir='ltr'><strong>proposuisse‚quod</strong></span> <span class='ocrx_word' id='word_1_377' title='bbox 2313 3063 2481 3113; x_wconf 75' lang='lat' dir='ltr'><strong>forum</strong></span> <span class='ocrx_word' id='word_1_378' title='bbox 2505 3075 2704 3128; x_wconf 85' lang='lat' dir='ltr'><strong>capere</strong></span> 
     </span>
     <span class='ocr_line' id='line_1_68' title="bbox 1638 3138 2704 3204; baseline 0.002 -16"><span class='ocrx_word' id='word_1_379' title='bbox 1638 3151 1741 3188; x_wconf 83' lang='lat' dir='ltr'><strong>non</strong></span> <span class='ocrx_word' id='word_1_380' title='bbox 1783 3147 2027 3204; x_wconf 87' lang='lat' dir='ltr'><strong>potuerat</strong></span> <span class='ocrx_word' id='word_1_381' title='bbox 2061 3147 2117 3189; x_wconf 86' lang='lat' dir='ltr'><strong>et</strong></span> <span class='ocrx_word' id='word_1_382' title='bbox 2153 3138 2436 3191; x_wconf 80' lang='lat' dir='ltr'><strong>comitium.</strong></span> <span class='ocrx_word' id='word_1_383' title='bbox 2502 3141 2605 3192; x_wconf 88' lang='lat' dir='ltr'><strong>Est</strong></span> <span class='ocrx_word' id='word_1_384' title='bbox 2647 3148 2704 3190; x_wconf 86' lang='lat' dir='ltr'><strong>et</strong></span> 
     </span>
     <span class='ocr_line' id='line_1_69' title="bbox 1639 3215 2705 3282; baseline 0.002 -17"><span class='ocrx_word' id='word_1_385' title='bbox 1639 3215 1741 3266; x_wconf 82' lang='lat' dir='ltr'><strong>alia</strong></span> <span class='ocrx_word' id='word_1_386' title='bbox 1763 3217 1915 3282; x_wconf 82' lang='lat' dir='ltr'><strong>hujus</strong></span> <span class='ocrx_word' id='word_1_387' title='bbox 1941 3217 2041 3266; x_wconf 93' lang='lat' dir='ltr'><strong>loci</strong></span> <span class='ocrx_word' id='word_1_388' title='bbox 2074 3215 2249 3281; x_wconf 83' lang='lat' dir='ltr'><strong>lectio,</strong></span> <span class='ocrx_word' id='word_1_389' title='bbox 2282 3217 2480 3274; x_wconf 56' lang='lat' dir='ltr'><strong>scilicet,</strong></span> <span class='ocrx_word' id='word_1_390' title='bbox 2500 3233 2594 3281; x_wconf 80' lang='lat' dir='ltr'><strong>par</strong></span> <span class='ocrx_word' id='word_1_391' title='bbox 2620 3232 2705 3282; x_wconf 79' lang='lat' dir='ltr'><strong>ap-</strong></span> 
     </span>
     <span class='ocr_line' id='line_1_70' title="bbox 1631 3295 2704 3357; baseline 0.003 -17"><span class='ocrx_word' id='word_1_392' title='bbox 1631 3297 1850 3355; x_wconf 76' lang='lat' dir='ltr'><strong>paratas,</strong></span> <span class='ocrx_word' id='word_1_393' title='bbox 1888 3295 1970 3355; x_wconf 58' lang='grc' dir='ltr'><strong>ὅτ.</strong></span> <span class='ocrx_word' id='word_1_394' title='bbox 2009 3307 2109 3355; x_wconf 79' lang='lat' dir='ltr'><strong>qua</strong></span> <span class='ocrx_word' id='word_1_395' title='bbox 2145 3299 2374 3357; x_wconf 82' lang='lat' dir='ltr'><strong>recepta,</strong></span> <span class='ocrx_word' id='word_1_396' title='bbox 2407 3308 2591 3343; x_wconf 85' lang='lat' dir='ltr'><strong>sensus</strong></span> <span class='ocrx_word' id='word_1_397' title='bbox 2626 3309 2704 3343; x_wconf 88' lang='lat' dir='ltr'><strong>es-</strong></span> 
     </span>
     <span class='ocr_line' id='line_1_71' title="bbox 1637 3363 2704 3434; baseline 0.003 -17"><span class='ocrx_word' id='word_1_398' title='bbox 1637 3377 1738 3431; x_wconf 81' lang='lat' dir='ltr'><strong>set,</strong></span> <span class='ocrx_word' id='word_1_399' title='bbox 1760 3370 1811 3418; x_wconf 76' lang='lat' dir='ltr'><strong>iu</strong></span> <span class='ocrx_word' id='word_1_400' title='bbox 1835 3363 1935 3418; x_wconf 78' lang='lat' dir='ltr'><strong>illis</strong></span> <span class='ocrx_word' id='word_1_401' title='bbox 1969 3369 2256 3432; x_wconf 80' lang='lat' dir='ltr'><strong>porticibus</strong></span> <span class='ocrx_word' id='word_1_402' title='bbox 2285 3370 2585 3434; x_wconf 68' lang='lat' dir='ltr'><strong>expositum</strong></span> <span class='ocrx_word' id='word_1_403' title='bbox 2612 3386 2704 3434; x_wconf 79' lang='lat' dir='ltr'><strong>pa—</strong></span> 
     </span>
     <span class='ocr_line' id='line_1_72' title="bbox 1632 3445 2704 3513; baseline 0.001 -19"><span class='ocrx_word' id='word_1_404' title='bbox 1632 3459 1747 3495; x_wconf 73' lang='lat' dir='ltr'><strong>rem</strong></span> <span class='ocrx_word' id='word_1_405' title='bbox 1767 3452 2073 3509; x_wconf 72' lang='lat' dir='ltr'><strong>apparatum</strong></span> <span class='ocrx_word' id='word_1_406' title='bbox 2104 3446 2246 3495; x_wconf 85' lang='lat' dir='ltr'><strong>acin</strong></span> <span class='ocrx_word' id='word_1_407' title='bbox 2266 3445 2379 3496; x_wconf 84' lang='lat' dir='ltr'><strong>foro</strong></span> <span class='ocrx_word' id='word_1_408' title='bbox 2394 3463 2410 3496; x_wconf 75' lang='lat' dir='ltr'><em>z</em></span> <span class='ocrx_word' id='word_1_409' title='bbox 2445 3448 2587 3513; x_wconf 85' lang='lat' dir='ltr'><strong>quod</strong></span> <span class='ocrx_word' id='word_1_410' title='bbox 2612 3461 2704 3512; x_wconf 80' lang='lat' dir='ltr'><strong>po·</strong></span> 
     </span>
     <span class='ocr_line' id='line_1_73' title="bbox 1637 3522 1987 3575; baseline -0.006 -1"><span class='ocrx_word' id='word_1_411' title='bbox 1637 3525 1742 3575; x_wconf 89' lang='lat' dir='ltr'><strong>tius</strong></span> <span class='ocrx_word' id='word_1_412' title='bbox 1764 3522 1987 3572; x_wconf 84' lang='lat' dir='ltr'><strong>videtur.</strong></span> 
     </span>
    </p>

    <p class='ocr_par' dir='ltr' id='par_1_14' title="bbox 1636 3595 2703 3726">
     <span class='ocr_line' id='line_1_74' title="bbox 1683 3595 2703 3660; baseline 0.001 -11"><span class='ocrx_word' id='word_1_413' title='bbox 1683 3607 1727 3633; x_wconf 71' lang='lat'><strong>&#39;⁸</strong></span> <span class='ocrx_word' id='word_1_414' title='bbox 1765 3596 2067 3660; x_wconf 78' lang='lat' dir='ltr'><strong>Venationes]</strong></span> <span class='ocrx_word' id='word_1_415' title='bbox 2091 3597 2290 3649; x_wconf 81' lang='lat' dir='ltr'><strong>Quibus</strong></span> <span class='ocrx_word' id='word_1_416' title='bbox 2311 3595 2440 3647; x_wconf 66' lang='lat' dir='ltr'><strong>ferm</strong></span> <span class='ocrx_word' id='word_1_417' title='bbox 2457 3598 2703 3650; x_wconf 88' lang='lat' dir='ltr'><strong>conficie-</strong></span> 
     </span>
     <span class='ocr_line' id='line_1_75' title="bbox 1636 3674 2147 3726; baseline -0.012 0"><span class='ocrx_word' id='word_1_418' title='bbox 1636 3677 1828 3726; x_wconf 81' lang='lat' dir='ltr'><strong>bantur</strong></span> <span class='ocrx_word' id='word_1_419' title='bbox 1851 3675 1901 3724; x_wconf 89' lang='lat' dir='ltr'><strong>in</strong></span> <span class='ocrx_word' id='word_1_420' title='bbox 1928 3674 2147 3723; x_wconf 84' lang='lat' dir='ltr'><strong>theatro.</strong></span> 
     </span>
    </p>

    <p class='ocr_par' dir='ltr' id='par_1_15' title="bbox 1628 3743 2787 4357">
     <span class='ocr_line' id='line_1_76' title="bbox 1695 3743 2708 3815; baseline 0.001 -14"><span class='ocrx_word' id='word_1_421' title='bbox 1695 3752 1721 3786; x_wconf 70' lang='lat' dir='ltr'>b</span> <span class='ocrx_word' id='word_1_422' title='bbox 1754 3745 2021 3815; x_wconf 70' lang='lat' dir='ltr'><strong>Latiosque]</strong></span> <span class='ocrx_word' id='word_1_423' title='bbox 2055 3749 2173 3799; x_wconf 86' lang='lat' dir='ltr'><strong>Hoc</strong></span> <span class='ocrx_word' id='word_1_424' title='bbox 2204 3751 2319 3799; x_wconf 87' lang='lat' dir='ltr'><strong>loco</strong></span> <span class='ocrx_word' id='word_1_425' title='bbox 2347 3750 2421 3799; x_wconf 86' lang='lat' dir='ltr'><strong>ita</strong></span> <span class='ocrx_word' id='word_1_426' title='bbox 2445 3749 2552 3801; x_wconf 83' lang='lat' dir='ltr'><strong>ludi</strong></span> <span class='ocrx_word' id='word_1_427' title='bbox 2575 3743 2708 3802; x_wconf 59' lang='lat' dir='ltr'><strong>sunt*</strong></span> 
     </span>
     <span class='ocr_line' id='line_1_77' title="bbox 1633 3821 2701 3892; baseline 0.001 -15"><span class='ocrx_word' id='word_1_428' title='bbox 1633 3826 1945 3892; x_wconf 86' lang='lat' dir='ltr'><strong>accipiendi,</strong></span> <span class='ocrx_word' id='word_1_429' title='bbox 1981 3833 2040 3875; x_wconf 85' lang='lat' dir='ltr'><strong>ut</strong></span> <span class='ocrx_word' id='word_1_430' title='bbox 2077 3826 2181 3874; x_wconf 89' lang='lat' dir='ltr'><strong>sint</strong></span> <span class='ocrx_word' id='word_1_431' title='bbox 2221 3821 2439 3890; x_wconf 81' lang='lat' dir='ltr'><strong>publicae</strong></span> <span class='ocrx_word' id='word_1_432' title='bbox 2476 3827 2701 3879; x_wconf 83' lang='lat' dir='ltr'><strong>celebri-</strong></span> 
     </span>
     <span class='ocr_line' id='line_1_78' title="bbox 1635 3903 2698 3970; baseline -0.001 -16"><span class='ocrx_word' id='word_1_433' title='bbox 1635 3906 1789 3967; x_wconf 83' lang='lat' dir='ltr'><strong>tates,</strong></span> <span class='ocrx_word' id='word_1_434' title='bbox 1813 3904 1897 3953; x_wconf 81' lang='lat' dir='ltr'><strong>vel</strong></span> <span class='ocrx_word' id='word_1_435' title='bbox 1931 3903 2201 3967; x_wconf 74' lang='lat' dir='ltr'><strong>placandae</strong></span> <span class='ocrx_word' id='word_1_436' title='bbox 2236 3904 2449 3953; x_wconf 91' lang='lat' dir='ltr'><strong>deorum</strong></span> <span class='ocrx_word' id='word_1_437' title='bbox 2474 3905 2585 3970; x_wconf 78' lang='lat' dir='ltr'><strong>irae,</strong></span> <span class='ocrx_word' id='word_1_438' title='bbox 2614 3903 2698 3956; x_wconf 84' lang='lat' dir='ltr'><strong>vel</strong></span> 
     </span>
     <span class='ocr_line' id='line_1_79' title="bbox 1633 3974 2787 4046; baseline 0.001 -17"><span class='ocrx_word' id='word_1_439' title='bbox 1633 3996 1728 4045; x_wconf 90' lang='lat' dir='ltr'><strong>pro</strong></span> <span class='ocrx_word' id='word_1_440' title='bbox 1766 3981 1932 4029; x_wconf 89' lang='lat' dir='ltr'><strong>salute</strong></span> <span class='ocrx_word' id='word_1_441' title='bbox 1977 3980 2179 4044; x_wconf 89' lang='lat' dir='ltr'><strong>populi,</strong></span> <span class='ocrx_word' id='word_1_442' title='bbox 2224 3974 2305 4028; x_wconf 83' lang='lat' dir='ltr'><strong>vel</strong></span> <span class='ocrx_word' id='word_1_443' title='bbox 2347 3982 2464 4046; x_wconf 90' lang='lat' dir='ltr'><strong>ejus</strong></span> <span class='ocrx_word' id='word_1_444' title='bbox 2509 3982 2697 4046; x_wconf 79' lang='lat' dir='ltr'><strong>&#39;gratioe</strong></span> <span class='ocrx_word' id='word_1_445' title='bbox 2781 4001 2787 4008; x_wconf 92' lang='lat'><strong>·</strong></span> 
     </span>
     <span class='ocr_line' id='line_1_80' title="bbox 1632 4053 2696 4122; baseline -0.001 -16"><span class='ocrx_word' id='word_1_446' title='bbox 1632 4056 1989 4122; x_wconf 66' lang='lat' dir='ltr'><strong>promerendae</strong></span> <span class='ocrx_word' id='word_1_447' title='bbox 2054 4066 2209 4105; x_wconf 85' lang='lat' dir='ltr'><strong>causa</strong></span> <span class='ocrx_word' id='word_1_448' title='bbox 2268 4056 2460 4107; x_wconf 78' lang='lat' dir='ltr'><strong>editae:</strong></span> <span class='ocrx_word' id='word_1_449' title='bbox 2514 4053 2696 4121; x_wconf 78' lang='lat' dir='ltr'><strong>quales</strong></span> 
     </span>
     <span class='ocr_line' id='line_1_81' title="bbox 1628 4131 2702 4203; baseline -0.002 -17"><span class='ocrx_word' id='word_1_450' title='bbox 1628 4145 1780 4187; x_wconf 89' lang='lat' dir='ltr'><strong>erant</strong></span> <span class='ocrx_word' id='word_1_451' title='bbox 1812 4138 2068 4187; x_wconf 85' lang='lat' dir='ltr'><strong>hominum</strong></span> <span class='ocrx_word' id='word_1_452' title='bbox 2105 4136 2438 4203; x_wconf 80' lang='lat' dir='ltr'><strong>certationes,</strong></span> <span class='ocrx_word' id='word_1_453' title='bbox 2457 4131 2702 4187; x_wconf 83' lang='lat' dir='ltr'><strong>luctatio-</strong></span> 
     </span>
     <span class='ocr_line' id='line_1_82' title="bbox 1629 4211 2720 4281; baseline 0.002 -18"><span class='ocrx_word' id='word_1_454' title='bbox 1629 4229 1737 4273; x_wconf 82' lang='lat' dir='ltr'><strong>nes‚</strong></span> <span class='ocrx_word' id='word_1_455' title='bbox 1754 4230 1952 4279; x_wconf 81' lang='lat' dir='ltr'><strong>cursus,</strong></span> <span class='ocrx_word' id='word_1_456' title='bbox 1976 4219 2081 4263; x_wconf 71' lang='lat' dir='ltr'><strong>‘tatn</strong></span> <span class='ocrx_word' id='word_1_457' title='bbox 2101 4211 2356 4278; x_wconf 86' lang='lat' dir='ltr'><strong>peditum,</strong></span> <span class='ocrx_word' id='word_1_458' title='bbox 2377 4231 2527 4281; x_wconf 85' lang='lat' dir='ltr'><strong>quam</strong></span> <span class='ocrx_word' id='word_1_459' title='bbox 2546 4216 2720 4280; x_wconf 87' lang='lat' dir='ltr'><strong>eqni--</strong></span> 
     </span>
     <span class='ocr_line' id='line_1_83' title="bbox 1631 4290 2367 4357; baseline 0.001 -16"><span class='ocrx_word' id='word_1_460' title='bbox 1631 4302 1760 4357; x_wconf 90' lang='lat' dir='ltr'><strong>tum,</strong></span> <span class='ocrx_word' id='word_1_461' title='bbox 1777 4299 1832 4341; x_wconf 90' lang='lat' dir='ltr'><strong>et</strong></span> <span class='ocrx_word' id='word_1_462' title='bbox 1853 4290 2247 4351; x_wconf 80' lang='lat' dir='ltr'><strong>curriculorum,</strong></span> <span class='ocrx_word' id='word_1_463' title='bbox 2267 4293 2367 4342; x_wconf 74' lang='lat' dir='ltr'><strong>&amp;c-</strong></span> 
     </span>
    </p>
   </div>
  </div>
 </body>
</html>
