3019 4922
640 1044 1627 1214 BAUMGARTEN
1649 1169 1675 1186 -
1701 1123 2160 1216 CRUSII

1022 1396 1809 1475 PRAEFATIO.

311 1868 387 1955 F
388 1916 897 1978 LsslscHERUS,
971 1903 1167 1988 cujus
1231 1906 1593 1988 singularia
1662 1908 1748 1971 de
1815 1907 2023 1973 literis
2080 1916 2152 1973 et
2208 1909 2508 1973 solidiori

308 2004 605 2081 maxime
647 2004 1019 2070 eruditione
1070 2007 1310 2071 merita
1353 2027 1579 2072 omnes
1629 2014 1887 2086 norunt,
1932 2028 2085 2073 cum
2118 2016 2276 2075 ante
2307 2012 2508 2075 trien-

307 2103 475 2168 nium
515 2107 890 2190 plerosque
937 2114 1285 2172 auctorum
1317 2109 1796 2188 Romanorum,
1843 2113 1956 2195 qui
2002 2115 2067 2177 in
2099 2113 2349 2178 scholis
2377 2112 2508 2194 legi

313 2206 543 2285 solent,
595 2210 909 2285 continua
940 2211 1112 2274 serie
1145 2212 1383 2276 edendi
1415 2214 1776 2278 consilium
1808 2215 2123 2297 cepisset,
2169 2221 2370 2298 atque
2410 2215 2510 2279 ita

310 2308 600 2388 quidem,
622 2356 627 2359 ψ
648 2321 746 2389 ut,
794 2317 985 2376 textu
1029 2313 1114 2377 ad
1158 2315 1451 2398 optimas
1475 2316 1805 2381 editiones
1834 2317 1944 2381 vel
1974 2317 2232 2381 reddito
2258 2317 2368 2380 vel
2397 2335 2509 2380 ac·-

310 2413 606 2477 curatius
638 2415 1023 2494 constituto,
1050 2416 1276 2480 brevis
1309 2418 1656 2483 annotatio
1689 2416 2151 2502 subjiceretur,
2182 2436 2361 2502 quae,
2381 2435 2508 2482 -ac-

312 2514 740 2580 commodata
767 2517 856 2580 ad
886 2517 1542 2583 adolescentulorum
1575 2520 1860 2601 ingenia,
1884 2520 2322 2597 removendis,
2353 2539 2506 2603 quae

309 2616 725 2694 gravissimae
765 2638 884 2682 eos
928 2619 1320 2702 impediunt,
1364 2621 1872 2694 difficultatibus
1915 2622 2270 2699 sufficeret,
2315 2624 2507 2704 eique

311 2733 531 2798 operae
561 2719 745 2783 viros
774 2721 1069 2785 maxime
1098 2722 1517 2788 adhibendos
1569 2725 1901 2800 duxisset,
1946 2724 2064 2807 qui
2110 2724 2181 2787 in
2229 2724 2507 2806 publica

234 2899 235 2904 ἵ
300 2815 671 2899 juventutis
717 2823 1132 2888 institutione
1176 2827 1457 2900 versati,
1488 2826 1664 2909 ¹quid
1706 2826 2110 2890 conduceret
2154 2826 2256 2889 illi
2281 2826 2506 2900 aetati,

310 2923 700 3003 quotidiana
747 2927 1164 3008 experientia
1212 2928 1466 2993 discere
1516 2928 1719 2993 facile
1765 2928 2176 3011 potuissent3
2221 2946 2376 3010 quae
2405 2923 2508 3007 illi

310 3031 408 3085 est
452 3023 591 3089 fere
618 3029 961 3093 translata
1006 3029 1092 3092 ab
1148 3029 1485 3095 Erfurdtio
1536 3030 1873 3112 quondam
1917 3036 2152 3093 nostro
2199 3047 2357 3109 erga
2401 3046 2507 3091 me

312 3127 632 3205 amicitia,
659 3136 736 3193 ut
756 3131 843 3195 ad
868 3150 1026 3206 rem,
1054 3132 1250 3216 cujus
1268 3154 1417 3198 ¹non
1447 3135 2094 3217 exiguamsperaret
2121 3131 2504 3208 utilitatem,

313 3228 431 3291 mei
459 3230 717 3313 aliquid
736 3233 995 3298 'laboris
1029 3236 1426 3313 conferrem,
1469 3236 1753 3318 benigno
1783 3235 1866 3304 de
1899 3233 2146 3297 studiis
2192 3232 2359 3296 meis
2396 3230 2505 3313 ju-

314 3325 483 3393 dicio
522 3331 974 3398 desiderabat.
1065 3335 1155 3400 Et
1202 3356 1356 3401 cum
1402 3337 1713 3419 eligendi,
1758 3336 1828 3406 in
1875 3354 2009 3418 quo
2060 3336 2502 3404 elaborarem,

315 3432 599 3498 auctoris
631 3435 832 3516 copia
860 3436 1522 3521 adhuc‘superesset,
1570 3438 1806 3503 incidit
1850 3436 2076 3502 statim
2125 3436 2383 3500 animus
2433 3436 2503 3497 in

317 3530 726 3613 Suetonium,
747 3544 819 3602 ut
846 3560 1046 3622 quem
1076 3541 1164 3604 ob
1190 3549 1604 3606 contractam
1631 3560 1673 3603 a
1694 3541 1928 3623 pueris
1949 3539 2502 3613 familiaritatem,

315 3637 758 3702 continuatam
789 3660 911 3722 per
937 3643 1169 3725 plures
1210 3662 1424 3707 annos
1471 3642 1815 3726 publicam
1860 3639 2501 3723 interpretationem,

313 3735 742 3820 multiplicem
773 3744 1079 3829 denique,
1114 3764 1316 3830 quam
1349 3739 1841 3809 eruditissimus
1873 3744 2152 3824 scriptor
2181 3740 2503 3822 suppedi-

314 3842 432 3912 tat,
476 3844 823 3909 materiam
864 3846 1289 3928 jamdudum
1315 3847 1641 3911 intentiori
1690 3844 1915 3909 studio
1947 3841 2503 3916 commendatum,

315 3941 546 4009 futurae
570 3947 741 4011 *vitae
769 3948 1113 4024 laboribus
1143 3950 1396 4033 saepius
1430 3950 1894 4012 destinassem.
1968 3944 2214 4027 Neque
2241 3944 2502 4024 ignora-

314 4044 486 4122 bam,
533 4067 686 4129 quae
716 4051 822 4114 ab
874 4069 959 4113 eo
1008 4053 1279 4133 incepto
1327 4052 1692 4115 absterrere
1722 4068 1826 4111 me
1866 4054 2146 4129 possent
2172 4044 2500 4122 rationes3

316 4145 512 4220 immo
533 4152 943 4231 reputabam,
967 4158 1132 4235 quot
1149 4159 1218 4215 et
1242 4152 1473 4234 quales
1490 4149 2083 4215 virieruditionem
2098 4166 2292 4212 suam
2312 4146 2380 4208 in
2400 4164 2500 4208 re-

318 4250 701 4315 censendum
731 4251 1341 4337 explicandumque
1369 4253 1548 4320 hunc
1589 4259 1923 4318 auctorem
1965 4249 2112 4338 jam
2142 4245 2500 4312 convertis·
