3019 4922
1207 433 1604 484 ocrAvms.
2366 418 2495 524 281

310 588 413 646 tos
459 581 813 646 liberarum
861 580 1322 664 sociarumque
1375 579 1666 661 gentium
1716 577 1935 642 vetnit
1983 578 2051 643 in
2102 576 2497 642 orchestram

314 684 708 761 considere,³
773 703 952 762 cum,
1006 683 1332 767 quosdam
1386 683 1593 747 etiam
1644 681 1934 745 libertini
1992 680 2251 762 generis
2304 681 2497 757 mitti,

313 787 877 871 deprehendisset.
968 787 1304 851 Militem⁴
1349 787 1636 850 secrevit
1682 803 1724 848 a
1771 784 2077 868 populo.¹²
2167 783 2431 847 Maritis
2460 803 2498 846 e

313 890 551 971 plebe⁰
595 893 904 974 proprios
956 890 1220 954 ordines
1268 887 1685 971 assignavit:
1734 887 2165 971 praetextatis
2215 906 2499 950 cuneum

315 1001 560 1071 suum,1²
603 999 669 1058 et
704 993 1086 1077 proximum
1119 989 1503 1076 paedagogis
1527 999 1564 1057 ε’
1589 991 1967 1074 sanxitque,
1995 1008 2076 1051 ne
2105 989 2253 1071 quis
2287 988 2499 1071 pulla·

1223 1187 1249 1207 O
1255 1186 1580 1206 ΝΜΝΟΟΟ

316 1320 541 1384 aliaeque.
577 1322 691 1385 quid
721 1322 964 1385 spectandi
995 1320 1166 1371 Per-iz.
1197 1322 1427 1371 Har-lem.
1461 1320 1595 1371 Edd.
1639 1320 1770 1370 Ven.
1806 1326 1873 1370 tr.
1910 1321 2041 1368 Bon.
2074 1318 2194 1366 Bas.
2198 1321 2293 1365 —3
2328 1316 2501 1368 Sedere

316 1386 441 1447 Cop.
463 1387 615 1435 Hnls.
644 1388 834 1444 Medic.
861 1392 906 1436 l.
932 1392 984 1438 3.·
1006 1387 1160 1436 Vind.
1183 1392 1231 1436 2.
1252 1387 1502 1437 consistere
1526 1386 1643 1449 Cuj.
1693 1388 1858 1448 Supra
1892 1386 2056 1433 Roma*
2084 1383 2232 1431 deest
2268 1382 2410 1432 Cort.
2445 1393 2503 1433 et

314 1449 578 1500 distinctio
603 1461 717 1514 post
745 1453 907 1501 Roma:
932 1452 1139 1517 ponitur
1162 1453 1212 1500 in
1239 1453 1377 1500 Dun.
1380 1456 1473 1501 -4
1507 1452 1695 1500 Milites
1718 1452 1876 1500 Foue-
1905 1450 1990 1514 qui
2025 1448 2180 1498 etiam
2205 1462 2320 1496 cum
2343 1448 2499 1498 vind.

313 1519 359 1565 2.
384 1531 542 1582 marg.
566 1518 725 1567 multis
747 1533 771 1567 e
789 1518 936 1581 plebe.
1001 1517 1108 1567 Pro
1125 1517 1337 1581 proprios
1359 1519 1534 1581 legere
1554 1517 1797 1583 propiores
1816 1518 1937 1566 Ern.
1958 1515 2009 1564 in
2029 1522 2251 1563 mentem
2278 1514 2433 1562 venit.
2437 1540 2501 1551 —-

1182 1702 1196 1708 ⁹
1291 1694 1516 1746 NOTAE

314 1798 440 1853 erat,
459 1797 567 1840 tum
592 1791 711 1856 quia
742 1796 1005 1853 suggestus
1030 1791 1121 1856 ibi,
1143 1801 1200 1842 et
1222 1793 1364 1842 sellae
1446 1808 1477 1842 a
1500 1793 1829 1858 popularibus
1863 1793 2264 1855 distinguerent:
2301 1792 2367 1842 de
2391 1794 2502 1857 qui-

314 1868 510 1917 curules
564 1867 908 1931 ponebantur,
948 1870 1028 1918 vel
1073 1869 1366 1918 absentibus
1445 1870 1541 1920 bus
1575 1871 1627 1920 in
1649 1871 1759 1922 Jul.
1784 1885 1831 1921 c.
1856 1874 1935 1921 39.
1969 1869 2216 1934 gradibus
2250 1869 2374 1931 ipsis
2408 1869 2501 1918 du-

315 1943 679 2008 ipsis,·honoris
704 1960 880 2006 causa,
902 1946 1023 2009 quin
1047 1951 1101 1995 et
1123 1945 1360 1997 mortuisx
1446 1947 1532 2010 plo
1569 1947 1777 1997 circiter
1821 1946 2088 1997 altioribus
2124 1953 2179 1995 et
2218 1944 2504 1997 latioribus.
2546 1963 2551 1968 ·

315 2036 426 2085 quse
462 2022 731 2073 commode
763 2023 814 2071 in
850 2023 1090 2085 gradibus
1126 2022 1245 2088 poni
1276 2038 1365 2087 po·
1442 2022 2002 2075 Atlienienses‘dixere
2035 2020 2327 2083 διαζώματα,
2362 2021 2502 2071 Galli
2539 2015 2543 2029 ⁵

315 2098 486 2156 tuisse,
523 2099 610 2148 vix
644 2100 891 2150 credibile
925 2098 1098 2150 fuerit.
1144 2100 1279 2150 Vide
1315 2115 1363 2151 e.
1444 2102 1705 2164 retr-uiues,
1737 2102 1949 2165 pulliers,
1971 2116 2032 2151 ou
2057 2089 2282 2150 coridors.
2347 2098 2503 2150 Quod

314 2179 392 2226 ⁷6.
414 2177 466 2226 in
485 2177 596 2229 Jul.

375 2261 410 2287 ¹¹¹
447 2252 726 2317 Orchestra]
758 2252 821 2302 In
843 2253 988 2305 Julio
1009 2269 1059 2304 c.
1080 2258 1165 2305 39.
1184 2262 1243 2305 et
1264 2258 1345 2304 ⁷6.

374 2335 399 2361 ¹¹
435 2330 648 2379 Militem
666 2330 866 2379 secrevit
895 2345 928 2380 u
943 2332 1151 2396 populo]
1171 2332 1246 2381 Ut
1268 2331 1364 2381 sci-

314 2403 434 2456 licet
461 2406 514 2456 in
550 2407 765 2456 diversis
801 2417 976 2457 essent
1009 2415 1066 2458 et
1098 2408 1364 2458 altioribus

313 2482 519 2532 cuneis:
553 2498 669 2532 cum
691 2482 828 2532 enim
850 2484 1071 2540 theatra,
1094 2491 1148 2533 et
1171 2485 1366 2548 amphi-

314 2559 516 2610 theatra
571 2560 806 2615 maximo
860 2560 1150 2611 altitudinis
1180 2560 1368 2611 -fuisse

314 2643 535 2693 constet,
555 2638 670 2701 ejus
691 2638 841 2701 longe
873 2638 1131 2687 minimam
1166 2644 1367 2702 partem

310 2716 589 2780 capiebant
602 2718 911 2780 Senatus,et
930 2717 1221 2782 equestria;
1249 2716 1367 2766 ideo

312 2793 586 2857 popularia
606 2794 793 2843 iterum
829 2794 1062 2843 distinxit
1087 2792 1368 2857 Augustus,

312 2870 728 2935 peculiaremque
750 2871 803 2920 in
827 2870 888 2920 iis
916 2870 1158 2921 militibus
1180 2878 1235 2921 et
1260 2870 1368 2934 ple·

313 2945 363 2995 bi
387 2948 552 2997 locum
577 2948 876 3012 assignavit.

373 3029 397 3055 ⁰
429 3024 635 3074 Man'tis
654 3039 679 3073 e
698 3024 850 3088 plebe]
887 3022 1044 3087 Apud
1073 3023 1370 3089 antiquissi-

311 3112 420 3147 mos
461 3100 722 3150 Romanos
766 3101 931 3163 rirajor
964 3099 1145 3163 honos,
1191 3108 1251 3151 ut
1297 3101 1373 3151 ait

312 3175 512 3226 Gellius
537 3177 627 3226 lib.
649 3191 711 3227 n.
736 3192 784 3226 c.
809 3181 887 3226 15.
912 3177 1089 3241 majori
1113 3178 1257 3228 aetati
1279 3178 1370 3227 ha-

312 3251 551 3316 bebatur,
569 3256 586 3283 ‘
607 3254 699 3304 sed
723 3261 994 3319 postquam
1017 3253 1220 3304 soboles
1243 3253 1370 3304 civi-

312 3330 410 3380 tati
430 3332 724 3380 necessaria
746 3331 855 3379 visa
877 3337 979 3392 est,
1001 3338 1058 3380 et
1080 3330 1144 3380 ad
1171 3332 1369 3394 prolem

312 3407 492 3470 populi
515 3405 943 3472 frequentandam
966 3406 1187 3470 pra-ruiis
1212 3414 1371 3470 atque

313 3483 821 3534 invitamentis‘usus
854 3481 973 3545 fuit,
1009 3490 1114 3532 tum
1152 3482 1370 3532 antelati

313 3562 615 3626 quibusdam
637 3563 691 3613 in
711 3563 883 3622 rebus,
905 3562 989 3624 qui
1015 3575 1243 3620 uxorem,
1259 3561 1368 3624 qui-

316 3655 415 3704 que
442 3640 638 3690 liberos
670 3626 1079 3695 baberent‚''&c.
1101 3637 1237 3687 idem
1274 3638 1368 3688 ibi-

306 3715 432 3766 ·dem
475 3727 530 3766 et
558 3717 671 3780 jam
709 3730 865 3778 snpra
900 3715 951 3764 in
986 3715 1097 3766 Jul.
1133 3731 1180 3765 c.
1203 3720 1285 3767 2⁰.
1316 3722 1371 3765 et

317 3793 450 3856 Aug.
475 3807 524 3842 c.
546 3796 627 3842 34.
648 3798 704 3841 et
725 3789 859 3840 infra
882 3790 1034 3841 Galb.
1060 3795 1139 3841 19.

377 3876 405 3909 Ρ
442 3869 965 3918 Proetextutiscrmeum
975 3869 1133 3932 suum]
1167 3869 1372 3933 Lipsius

315 3943 403 3994 lib.
436 3945 506 3995 de
542 3944 805 4008 Amphith.
840 3959 888 3996 c.
912 3949 990 3995 13.
1018 3946 1175 4009 juxta
1208 3947 1375 4011 tripli-

320 4034 429 4070 cem
463 4029 818 4085 spectatorum
842 4022 1097 4083 ordinem,
1112 4022 1373 4087 triplicem

320 4098 502 4148 statuit
533 4098 587 4147 iu
627 4107 739 4148 toto
777 4112 953 4148 caveae
991 4099 1210 4149 circuitu
1243 4113 1376 4162 prae·

320 4175 650 4237 cinctionem,
685 4189 836 4239 qnam
870 4182 1014 4225 recte
1054 4175 1375 4225 intellexeris

320 4251 570 4314 graduum
589 4251 889 4314 divisiones,
906 4258 962 4300 et
974 4251 1247 4302 intervalla
1258 4267 1374 4316 quoe

1446 2177 1490 2227 si
1513 2178 1598 2227 cui
1618 2178 1687 2227 ab
1714 2178 1816 2227 ima
1839 2192 1896 2228 v.
1920 2193 1970 2242 g.
1989 2179 2258 2227 orchestra
2288 2176 2392 2225 iter
2424 2190 2505 2225 es-

1445 2262 1529 2305 set
1549 2256 1614 2305 ad
1638 2270 1904 2318 summam,
1923 2254 2042 2319 quia
2064 2254 2297 2303 sedilium
2327 2252 2504 2301 altitu-

1447 2330 1514 2381 do
1545 2332 1707 2383 minus
1730 2330 1998 2383 commoda
2024 2331 2201 2380 futura
2233 2336 2363 2385 erat,
2385 2327 2505 2379 ideo

1446 2410 1635 2474 gradus
1656 2409 1903 2476 quosdam
1929 2409 2087 2471 magis
2120 2408 2391 2472 depressos
2414 2405 2505 2455 ad-

1445 2489 1719 2539 diderantz
1759 2487 1810 2537 bi
1842 2485 2069 2537 Scalaria
2103 2484 2301 2534 Latinis
2326 2483 2506 2531 dicun-

1444 2573 1549 2628 tur,
1570 2565 1719 2615 nobis
1750 2566 1832 2614 des
1855 2556 2077 2624 granius.
2141 2559 2366 2623 Singulae
2390 2557 2503 2607 istae

1445 2642 1672 2691 scalares
1708 2640 1825 2701 viae,
1848 2638 1913 2688 ab
1945 2639 2243 2687 imacavea
2272 2635 2337 2684 ad
2371 2649 2506 2683 sum·

1444 2732 1720 2780 mam,non
1745 2714 2163 2765 extendebantur
2185 2727 2286 2762 uno
2310 2718 2509 2775 tenore,

1449 2794 1543 2844 sed
1582 2793 1793 2858 singulis
1816 2807 1905 2842 eas
1941 2787 2391 2854 praecinctionibus
2412 2786 2505 2836 de·

1446 2870 1621 2921 finitas
1654 2868 1832 2926 fuisse,
1869 2866 2057 2932 probat
2090 2863 2294 2929 Lipsius
2327 2877 2393 2913 ex
2419 2863 2509 2911 Vi-

1449 2947 1619 2997 truvio
1660 2953 1715 2995 et
1752 2944 1898 3005 aliis,
1948 2950 2007 2992 ut
2041 2943 2219 3006 primus
2253 2939 2507 3004 praecine-
2605 2969 2614 2980 .

1447 3024 1621 3088 tionis,
1652 3024 1765 3088 ejus
1805 3037 1990 3086 nempe
2028 3035 2144 3086 qnae
2186 3019 2508 3070 orchestram

1444 3105 1515 3156 ab
1545 3104 1873 3171 equestribus
1906 3103 2194 3164 dividebat,
2218 3099 2357 3150 scala
2378 3097 2507 3147 inci-

1442 3189 1599 3247 peret
1634 3196 1664 3232 a
1699 3183 1871 3232 medio
1906 3181 2103 3231 directe
2143 3178 2332 3243 spatio,
2369 3175 2509 3241 quod

1444 3258 1586 3308 inter
1608 3257 1734 3307 duas
1758 3257 1947 3322 prioris
1982 3253 2365 3320 praecinctionis
2396 3265 2509 3301 sca·

1447 3335 1525 3384 las
1564 3334 1921 3397 interjaceret,
1960 3333 2137 3396 sicque
2184 3329 2397 3379 alternis
2442 3327 2509 3376 ad

1444 3424 1702 3459 summum
1738 3423 1916 3473 usque.
1982 3409 2097 3460 Jam
2121 3420 2245 3456 vero
2284 3405 2526 3469 spatium·

1444 3485 1572 3535 illud
1608 3485 1856 3548 graduum
1892 3485 2000 3534 sive
2036 3483 2407 3542 subselliorum,
2433 3481 2509 3528 in-

1449 3570 1530 3612 ter
1552 3562 1680 3611 duas
1701 3561 1867 3611 scalas
1890 3559 2333 3624 comprehensum,
2353 3560 2510 3620 propf-

1452 3648 1535 3689 ter
1570 3639 1793 3704 aliquam
1816 3650 2097 3688 cuneorum
2122 3635 2421 3684 bellicorum
2444 3631 2510 3681 si-

1449 3716 1814 3778 militudinem,
1853 3714 2063 3778 proprie
2106 3711 2380 3761 dicebatur
2422 3724 2511 3759 cu-

1451 3809 1609 3845 neus:
1652 3793 1774 3843 inde
1807 3792 1956 3843 cunei
1990 3791 2119 3839 certi
2156 3788 2312 3838 certis
2350 3786 2509 3850 assig-

1451 3873 1582 3933 nati,
1623 3872 1742 3921 hinc
1777 3867 2101 3920 excuneaudi
2136 3865 2373 3927 verbum,
2412 3864 2508 3914 boc

1448 3956 1529 3999 est
1579 3946 1847 4010 ejiciendi,
1888 3942 2224 4004 excludendi,
2268 3950 2322 3991 et
2366 3941 2510 4004 apud

1448 4025 1636 4089 poetas
1678 4028 1956 4073 cuneorum
2010 4020 2253 4084 frequens
2299 4019 2510 4067 mentio.

1448 4100 1697 4164 Virgilius
1720 4113 1783 4148 ιι.
1808 4097 2049 4160 Georgic.
2067 4111 2138 4146 vs.
2158 4100 2274 4146 508.
2305 4097 2323 4124 ‘
2350 4094 2509 4144 Hunc

1451 4178 1663 4240 plausus
1703 4175 1928 4224 hiantem
1965 4174 2074 4223 Per
2112 4186 2302 4222 cuneos
2353 4170 2511 4232 gemi-

1452 4260 1602 4302 natus
1620 4251 1755 4302 enim
1778 4250 2044 4315 plebisque
2065 4257 2369 4314 patrumque
2383 4246 2511 4295 Cor-

322 4331 636 4383 orchestram
656 4331 722 4381 ab
742 4331 1090 4397 equestribus,
1111 4332 1378 4396 equestria
1452 4328 1645 4394 ripuit.’
1710 4329 1781 4381 Et
1803 4327 2003 4379 AEue'ul.
2021 4341 2070 4377 v.
2102 4331 2117 4356 ‘
2143 4323 2369 4376 Nuntius
2402 4321 2511 4370 An-
