3019 4922
512 414 644 481 282
1373 429 1435 477 c.
1481 427 1837 480 sussrouu

517 583 823 641 torum5‘1
865 575 1091 641 media
1117 583 1364 641 cavear
1405 576 1679 641 sederet.
1772 574 2140 642 Foeminis⁸
2171 594 2254 639 ne
2284 574 2695 674 gladiatores

452 727 457 728 ff
517 678 807 762 quidem,
848 699 1021 763 quos
1070 681 1447 763 promiscue
1495 681 1786 764 spectari
1829 679 2100 743 solenne
2151 679 2309 743 olim
2355 686 2524 756 erat,
2570 679 2700 742 nisi

516 799 609 843 ex
654 769 992 864 superiore
1035 784 1185 847 loco
1235 787 1545 865 spectare
1592 782 1963 847 concessit‘
2007 780 2194 843 solis
2198 777 2226 817 ⁶
2311 779 2700 862 Virginibus

516 879 918 948 Vestalibus
949 885 1224 950 locum
1206 905 1273 948 ιη
1299 884 1559 949 theatro
1584 883 1963 968 separatim,
1990 887 2057 947 et
2077 888 2308 946 contra
2331 882 2701 947 Praetorisu

514 986 802 1050 tribunal
828 985 1027 1052 dedit.
1115 986 1579 1050 Athletarum
1632 1006 1787 1051 vero
1818 985 2208 1070 spectaculo
2238 985 2563 1052 muliebre
2593 1004 2698 1048 se-

517 1105 636 1150 cus
681 1096 949 1153 omnes⁷
996 1089 1166 1154 adeo
1212 1087 1600 1165 summovit,
1645 1094 1722 1153 ut
1764 1085 2276 1152 Pontificalibus
2304 1085 2482 1149 ludis
2509 1084 2704 1169 pugi-

1432 1285 1788 1305 OWOOOOm

517 1425 545 1468 5
584 1418 882 1468 Bullatorum
915 1418 1044 1468 Mss.
1082 1419 1323 1469 Ber-eald.
1358 1420 1503 1471 Torr.
1537 1419 1697 1469 Vind.
1728 1423 1777 1470 2.
1812 1419 1973 1470 Polit.
2007 1418 2176 1468 Periz.
2206 1417 2351 1466 Cort.
2384 1415 2522 1465 Edd.
2550 1416 2700 1466 Rom.

516 1484 680 1532 Paulo
721 1493 838 1532 ante
880 1484 1036 1534 Vind.
1077 1490 1123 1534 1.
1159 1486 1341 1546 sanxit,
1377 1485 1563 1535 omisso
1593 1491 1797 1549 qua—6
1828 1485 1980 1534 Hanc
2003 1482 2464 1544 interpunctionem
2499 1481 2704 1544 recepit

516 1549 733 1601 Baumoe.
770 1549 1120 1612 praeeuntibus
1153 1551 1372 1600 Casaub·
1395 1552 1550 1602 Grut.
1577 1552 1751 1600 Burm.
1775 1551 1900 1600 Ern.
1924 1548 2062 1599 Oud.
2088 1547 2240 1598 Wolf.
2288 1548 2439 1609 Vulg.
2458 1547 2703 1598 concessit.

518 1613 646 1661 Solis
663 1613 789 1673 virg.
793 1618 888 1663 -7
924 1614 1057 1665 Haec
1080 1621 1156 1665 est
1180 1614 1470 1665 emendatio
1493 1616 1656 1666 Gron.
1680 1615 1746 1664 ad
1767 1616 1883 1665 Liv.
1907 1616 1944 1664 Ι.
1971 1628 2135 1664 xxvi.
2159 1617 2242 1663 47.
2277 1612 2493 1676 probata
2527 1612 2707 1662 Graev.

520 1677 658 1726 Oud.
688 1677 840 1728 Wolf.
905 1680 1064 1730 Dedit
1090 1681 1215 1732 Ern.
1251 1687 1306 1730 et
1329 1688 1448 1746 post
1479 1695 1594 1730 eum
1617 1681 1738 1747 Bip.
1772 1681 1887 1731 mul.
1923 1695 2054 1730 secas
2082 1694 2233 1740 omne,
2266 1678 2401 1729 sicut
2433 1675 2663 1741 legitur
2650 1691 2704 1725 m

1498 1841 1552 1892 N
1557 1837 1716 1893 OTAE

1648 1968 1740 2003 ora
1761 1954 1936 2005 Prima
1960 1961 2166 2019 patrum
2194 1952 2391 2016 magnis
2409 1951 2581 2001 Salius
2603 1949 2708 2010 cla-

1649 2030 1874 2080 moribus
1897 2030 2110 2095 implet-⁹
2178 2032 2248 2080 Et
2278 2044 2459 2079 revera
2492 2028 2707 2078 Servius

517 1954 669 2003 ehisae
681 1953 746 2003 ad
771 1955 1337 2019 tumulum,cuneosque
1356 1954 1568 2017 theatri,

514 2030 764 2080 Incensas
789 2031 985 2095 perfert
1001 2047 1156 2082 naves
1177 2030 1450 2081 Eumelus-⁹
1499 2032 1570 2080 Et

517 2106 639 2168 alibi
654 2106 892 2158 Juvenal.
911 2108 1021 2158 Sat.
1039 2122 1118 2158 vt.
1134 2124 1204 2158 vs.
1224 2113 1306 2158 61.
1337 2111 1355 2138 ⁴
1379 2108 1570 2159 Cuneis

516 2195 582 2230 au
608 2180 798 2231 babent
829 2185 1126 2246 spectacula
1150 2186 1278 2234 totis
1314 2184 1466 2237 Quod
1489 2199 1570 2233 se-

514 2272 668 2307 curus
693 2258 868 2321 ames,’
885 2264 985 2310 &c.
1041 2261 1123 2311 De
1147 2263 1472 2325 praetextatis
1494 2262 1570 2311 vi·

515 2333 654 2383 desis
671 2348 717 2383 c.
741 2340 787 2385 1.
814 2338 865 2385 in
886 2336 1069 2387 Julio.'

578 2420 603 2454 (ι
640 2411 959 2479 pullatorum]
1015 2413 1185 2478 Hujus
1237 2415 1371 2466 enim
1413 2429 1567 2479 geneq

515 2489 587 2553 ris
620 2489 927 2540 vestimenta
973 2493 1182 2555 popello
1217 2492 1469 2542 duntaxat
1513 2499 1569 2542 et

513 2564 769 2627 imperitas
823 2567 1144 2617 multitudini
1189 2568 1569 2618 conveniebant

515 2641 732 2693 Quintil.
757 2642 846 2691 lib.
870 2657 946 2692 vr.
969 2658 1087 2708 cap.
1110 2649 1159 2693 6.
1190 2645 1206 2672 ‘
1231 2644 1486 2709 imperitis
1513 2651 1570 2695 et

514 2732 656 2782 saepe
674 2719 882 2782 pullatas
908 2721 1074 2771 turbae
1097 2721 1430 2787 relinquunt.'
1465 2723 1570 2772 Pli-

495 2795 628 2855 nius
644 2795 734 2845 lib.
747 2810 848 2847 vn.
866 2797 1213 2862 Epistularum
1231 2814 1247 2848 x
1267 2805 1282 2827 ⁸
1301 2799 1427 2849 Illos
1444 2814 1571 2866 quo-

515 2886 616 2935 que
640 2873 872 2924 sordidos
891 2875 1217 2940 pullatosque
1235 2875 1572 2938 reveremur,'

511 2950 613 2997 ἀρ.
647 2949 981 3013 Calpurnius:
1004 2953 1021 2980 ‘
1044 2951 1292 3001 Venimus
1314 2952 1378 3001 ad
1403 2951 1572 3017 sedes,

515 3024 604 3072 ubi
638 3026 778 3086 pulla
807 3026 1017 3075 sordida
1040 3033 1183 3077 veste
1218 3027 1368 3077 Inter
1403 3026 1570 3077 foemi-

508 3112 637 3148 ⁴neas
659 3101 934 3164 spectabat
955 3102 1109 3151 turba
1126 3103 1436 3153 cathedras.’
1452 3105 1573 3157 Jam

515 3188 671 3237 supra
714 3190 832 3240 cap.
878 3181 960 3227 40.
1006 3191 1099 3241 pro
1134 3178 1421 3241 pauciorum
1465 3180 1570 3230 dno

512 3251 777 3302 Torrentii
807 3252 926 3302 libri
948 3254 1247 3305 bellatorum.
1314 3257 1399 3305 De
1426 3256 1571 3307 bulla

513 3328 564 3376 iu
587 3328 622 3379 J
629 3329 696 3377 ul.
716 3344 763 3380 c.
783 3334 866 3379 84.

524 3444 527 3447 Α
576 3413 597 3440 ¹
628 3406 795 3457 Media
822 3409 985 3473 caua]
1018 3408 1123 3460 Sed
1155 3411 1409 3474 superiori
1443 3412 1572 3463 dun·

513 3490 678 3534 taxat.
740 3485 1017 3535 Theatrum
1063 3486 1247 3551 primo,
1290 3488 1477 3538 deinde
1515 3495 1572 3539 et

500 3561 962 3626 amphitheatrum,
985 3578 1101 3614 cum
1127 3565 1449 3625 invaluisset,
1472 3568 1569 3617 La-

512 3637 632 3688 tinis
654 3638 799 3689 dicta
829 3645 949 3689 sunt
981 3655 1187 3705 quoque
1210 3656 1386 3705 cavea,
1405 3641 1471 3692 ab
1492 3644 1569 3693 in·

515 3716 706 3765 tei-iore
740 3714 818 3764 sni
859 3722 1010 3779 parte
1046 3724 1103 3766 et
1142 3716 1320 3781 capaci
1346 3718 1570 3784 quodam

514 3790 791 3857 profundo,
816 3800 874 3842 ut
894 3792 967 3841 ait
988 3792 1193 3857 Lipsius
1227 3793 1278 3842 in
1304 3792 1571 3857 Amphith.

513 3869 634 3918 Hoc
655 3883 831 3931 sensu,
848 3876 905 3918 ut
920 3884 985 3919 ex
1001 3870 1313 3935 supradictis
1330 3871 1573 3934 colligere

505 3953 610 4002 est.
629 3960 802 3995 caveae
839 3952 945 3996 tres
981 3955 1175 4010 partes,
1195 3962 1224 3996 a
1247 3962 1348 4011 quo
1372 3954 1572 4010 tempo·

514 4034 569 4081 re
592 4020 801 4070 discreti
823 4021 873 4069 iu
896 4023 1177 4086 spectando
1205 4023 1328 4087 loci,
1346 4024 1569 4074 Senatus

510 4095 623 4144 sive
647 4095 931 4159 orchestra,
967 4100 1252 4161 equestria,
1280 4100 1570 4163 popularia.

512 4171 707 4219 Verum
737 4185 949 4227 caveam
988 4174 1128 4236 plebi
1168 4176 1436 4239 speciatim
1482 4177 1573 4226 tri-

516 4247 689 4295 buisse
712 4246 916 4296 videtur
937 4248 1101 4298 Poe'ta
1125 4265 1175 4300 v.
1201 4251 1399 4303 AEneid.
1431 4255 1446 4280 ‘
1467 4254 1591 4304 Hic·

516 4329 683 4373 totum
714 4336 890 4374 caveae
921 4337 1213 4377 consessum
1253 4328 1479 4392 ingentis
1515 4339 1571 4380 et

1650 2107 1717 2155 ad
1740 2107 1873 2158 hunc
1896 2109 2062 2159 locum
2096 2108 2189 2170 ait,
2210 2110 2226 2138 ‘
2247 2122 2341 2171 per
2372 2120 2582 2157 caveam
2616 2120 2708 2153 au-

1651 2190 1756 2232 tem
1800 2183 2005 2248 plebem
2048 2183 2335 2247 significan
2381 2198 2499 2232 narn
2542 2194 2709 2232 cavea

1651 2274 1917 2311 consessus
1941 2268 2024 2311 est
2058 2259 2277 2324 populi.’
2341 2261 2475 2312 Quae
2499 2259 2709 2308 videtur

1648 2336 1805 2387 etiam
1851 2351 1956 2387 esse
1999 2337 2230 2387 Suetonii
2275 2337 2563 2398 sententian
2601 2336 2709 2387 Au·

1651 2420 1831 2481 gustus
1861 2413 1995 2464 enim
2019 2413 2082 2463 ad
2108 2414 2220 2464 loca
2252 2413 2474 2464 omnium
2496 2412 2708 2463 minime

1648 2491 1917 2541 commoda
1958 2492 2185 2556 pullatos
2225 2491 2371 2556 quasi
2413 2490 2710 2556 ablegabat.

1628 2560 1710 2617 'nt
1762 2566 2025 2619 efficacius
2077 2569 2307 2618 habitum
2362 2568 2708 2632 vestitumque

1649 2643 1919 2708 pristinum
1943 2644 2260 2694 restitueret.
2295 2643 2427 2694 Vide
2449 2658 2567 2706 cap.
2590 2648 2692 2694 4⁰-

1693 2729 1733 2757 -⁸
1765 2720 2018 2786 Foemiais]
2064 2720 2263 2773 Quibus
2308 2720 2455 2770 licuit
2497 2719 2708 2785 quidem

1650 2797 1794 2860 olim,
1814 2798 1907 2847 sed
1933 2812 2036 2847 non
2068 2798 2179 2848 sine
2210 2798 2462 2862 permissu
2484 2798 2708 2847 virorum

1653 2874 1855 2937 adesse,
1875 2881 1934 2924 ut
1970 2882 2169 2925 constat
2200 2876 2436 2940 exemplo
2468 2875 2708 2939 Sempro·

1653 2952 1724 3001 nii
1746 2950 1924 3016 Sophi,
1945 2951 2079 3017 quod
2104 2952 2339 3002 Valerius
2374 2952 2594 3005 Maxim.
2618 2950 2710 3002 lib.

1653 3043 1731 3079 vr.
1764 3030 1972 3092 retulit;
2013 3043 2224 3080 uxorem
2263 3029 2397 3079 enim
2434 3029 2525 3079 ille
2565 3042 2708 3079 suam

1652 3105 1925 3168 ignorante
1947 3120 2003 3155 se
2023 3112 2260 3170 spectare
2276 3119 2450 3155 ausam
2470 3105 2710 3169 repudia·

1651 3183 1744 3233 vit.
1813 3183 1929 3232 Nec
1974 3185 2131 3233 etiam
2177 3183 2230 3231 in
2285 3183 2555 3246 superiore
2610 3182 2708 3232 hoc

1649 3258 1762 3307 loeo
1783 3258 1882 3307 uisi
1904 3266 2172 3322 separatas
2197 3274 2229 3307 a
2252 3258 2403 3323 plebe
2425 3264 2711 3322 spectasse,

1649 3333 1985 3386 Casaubonus
2047 3334 2310 3385 existimat
2337 3349 2354 3397 ς
2419 3349 2710 3399 quanquam

1651 3419 1796 3462 certe
1835 3410 2150 3461 contrarium
2186 3411 2432 3461 evincere
2466 3410 2710 3462 videntur

1652 3488 1799 3536 relati
1822 3502 2000 3537 versus
2025 3502 2054 3537 e
2076 3487 2372 3551 Calpurnio.

1713 3565 1730 3598 ²
1763 3564 2027 3629 Concessit]
2077 3565 2421 3627 casaubonus,
2465 3572 2526 3616 ut
2569 3580 2710 3616 suam

1647 3641 1785 3691 illam
1807 3641 2097 3706 opinionem
2120 3641 2350 3705 adjuvet,
2367 3641 2712 3705 scribit,spee·

1648 3724 1753 3768 tare
1782 3718 2005 3768 conenit
2035 3718 2148 3767 solis
2186 3717 2463 3779 Virginibus
2505 3718 2708 3769 Vestali-

1650 3795 1754 3847 bus.

1714 3879 1736 3904 ¹¹
1775 3872 1955 3921 Contra
1987 3869 2247 3933 Pratov-is]
2282 3869 2400 3920 Hoc
2422 3877 2505 3920 est
2525 3885 2593 3920 ex
2622 3871 2712 3921 ad-

1652 3962 1822 4011 verso,
1840 3949 1931 3998 sed
1954 3947 2018 4009 ad
2043 3947 2252 4012 podium
2273 3947 2327 3996 iu
2356 3948 2471 3999 loco
2494 3949 2712 4000 honora·

1649 4026 1866 4087 tissimo,
1887 4034 1944 4076 ut
1964 4029 2129 4090 patet.

1711 4110 1734 4136 '
1767 4103 2093 4167 muletarum]
2129 4102 2200 4152 Hi
2234 4116 2406 4159 cursu,
2427 4102 2594 4168 lucta,
2620 4118 2708 4166 pu·

1652 4179 1835 4244 gilibus
1876 4177 2240 4234 decertabant,
2274 4193 2414 4227 more
2446 4194 2478 4227 a
2512 4178 2710 4229 Grecis

1652 4255 1898 4315 deducto,
1930 4254 1984 4302 iu
2019 4253 2115 4303 hoc
2153 4261 2323 4303 tamen
2360 4252 2709 4318 discrepante,

1649 4330 1785 4395 quod
1826 4329 2004 4381 Graeci
2036 4329 2176 4385 nudi,
2216 4329 2431 4380 Romani
2466 4330 2710 4394 pudenda
