3019 4922
2346 413 2475 481 363

302 569 398 630 est
443 559 754 648 elegans⁶
803 572 869 631 et
915 572 1378 650 temperatum,
1410 570 1645 634 vitatis
1693 572 2158 637 sententiarum
2205 573 2470 657 ineptiis

302 674 497 750 atque
527 669 1070 746 inconcinnitate,
1104 676 1170 733 et
1221 662 1755 735 ‘reconditorum
1790 672 2179 749 verborum,'
2214 681 2288 739 ut
2331 678 2473 758 ipse

298 771 483 849 dicit,
531 769 962 845 ‘foetoribus-J
1048 772 1601 855 Praecipuamque
1648 793 1868 837 curam
1917 775 2158 851 duxit‚⁸
2208 796 2473 840 sensum

298 873 504 936 animi
534 893 733 955 quam
766 874 1188 956 apertissime
1236 875 1642 956 exprimere:
1690 874 1868 957 quod
1912 896 2044 959 quo
2079 877 2349 941 facilius
2380 878 2473 941 ef-

293 973 545 1050 ficeret,
592 983 710 1039 aut
755 978 993 1040 necubi
1044 977 1358 1040 lectorem
1407 978 1512 1040 vel
1559 977 1920 1041 auditorem
1958 979 2338 1042 obturbaret
2387 999 2471 1042 ac

293 1081 676 1154 moraretur,
701 1068 914 1161 neque
946 1081 1456 1162 praepositiones
1487 1081 1756 1144 verbis9
1782 1080 2045 1154 addere,
2068 1100 2284 1163 neque
2317 1100 2471 1144 con·

285 1176 660 1260 junctiones
687 1181 939 1263 'saepius
962 1182 1195 1245 iterare
1222 1182 1587 1258 dubitavit,
1638 1203 1790 1265 quae
1829 1181 2147 1269 detractae
2189 1182 2470 1246 afferunt

296 1280 552 1362 aliquid
593 1284 1051 1362 obscuritatis,
1099 1286 1227 1348 etsi
1292 1287 1570 1366 gratiam
1627 1292 1890 1367 augent.
1979 1282 2347 1349 Cacozelos
2402 1292 2472 1348 et

296 1380 745 1466 antiquarios?
767 1392 844 1448 ut
884 1384 1148 1451 diverso
1174 1408 1406 1468 genere
1433 1389 1744 1466 vitioSOS,
1777 1387 1922 1472 pari
1969 1386 2240 1452 fastidio
2290 1407 2471 1470 spre-

295 1484 412 1561 vit,
456 1487 963 1570 exagitabatque
985 1498 1037 1527 ¹0
1067 1509 1586 1574 nonnunquam:
1633 1492 1702 1554 in
1748 1490 1981 1574 primis
2032 1488 2468 1554 Maecenatem

1191 422 1583 475 OCTAVIUS.

1195 1676 1466 1713 yeme-ece
1471 1687 1560 1708 eoo

292 1814 445 1864 Wolf.
468 1822 521 1863 et
545 1816 745 1866 Ruhnk.
767 1818 853 1881 qui
879 1819 1093 1868 eandem
1119 1822 1241 1870 lect.
1268 1836 1331 1870 ex
1358 1821 1575 1885 quodam
1601 1819 1729 1870 Cod.
1767 1819 1999 1867 Santenii
2020 1817 2197 1866 laudat
2220 1818 2377 1868 Praef.
2402 1821 2467 1869 ad

293 1880 477 1928 Schell.
497 1880 625 1930 Lex.
680 1883 862 1931 Servat
888 1885 1021 1948 vulg.
1045 1886 1167 1935 lect.
1201 1888 1416 1948 Baumg.
1456 1886 1522 1935 ob
1563 1887 1811 1934 rationem
1837 1884 2180 1945 oppositorum
2205 1886 2391 1945 elegans
2413 1893 2469 1933 et

294 1951 614 2006 temperatum.
646 1946 710 1994 In
738 1948 967 1997 Harlem.
991 1951 1166 2012 ineptis
1185 1956 1233 1999 et
1255 1953 1430 1999 concivi.
1458 1952 1586 1999 Tum
1611 1956 1730 1997 ante
1753 1951 1936 1996 recond.
1960 1949 2130 1996 omisit
2150 1954 2197 1997 et
2229 1949 2469 1998 ΟΜΝ.-

290 2013 321 2056 8
354 2009 502 2058 Dixit
527 2010 681 2059 Fouc.
703 2011 1038 2076 Proecipuaque
1060 2031 1171 2063 cura
1191 2016 1290 2078 ipse
1304 2018 1352 2063 d.
1376 2015 1533 2065 Vind.
1548 2019 1593 2063 l.
1628 2016 1733 2063 Pro
1750 2015 1868 2078 effic.
1891 2015 1943 2060 in
1966 2012 2160 2061 Medic.
2187 2018 2232 2061 1.
2255 2028 2285 2061 a
2303 2029 2370 2061 m.
2388 2028 2467 2075 pr.

289 2074 588 2135 exprimeret.
643 2076 777 2123 Item
800 2092 888 2138 quo
920 2081 1041 2140 quad
1076 2081 1190 2142 Cuj.
1224 2089 1278 2128 et
1299 2096 1353 2128 ac
1374 2080 1539 2129 necubi
1572 2079 1707 2129 Edd.
1747 2081 1888 2126 Rom.
1920 2082 2003 2125 aut
2025 2077 2171 2126 abest
2194 2094 2222 2126 a
2246 2080 2470 2127 Pone.—

290 2141 322 2184 9
354 2137 528 2186 Graev.
552 2145 605 2187 et
629 2139 787 2188 Gran.
810 2158 838 2188 e
863 2143 1072 2191 Memm.
1092 2144 1365 2193 ediderunt
1388 2145 1593 2199 urbibus,
1613 2151 1917 2206 secutusque
1937 2149 2016 2190 est
2036 2144 2157 2192 Ern.
2206 2144 2291 2191 Ita
2312 2144 2468 2191 etiam

289 2202 426 2249 Dun.
453 2203 570 2252 Pin.
594 2204 786 2254 Medic.
812 2212 857 2255 1.
881 2211 929 2254 2.
955 2207 1114 2258 Polit.
1137 2210 1250 2272 Cuj.
1271 2225 1431 2268 marg.
1457 2210 1654 2272 Gryph.
1687 2208 1817 2257 urbis
1851 2206 2041 2255 Medic.
2064 2211 2111 2254 3.
2147 2208 2381 2257 Bremius
2415 2208 2467 2255 in

293 2272 439 2315 textu
458 2267 602 2315 dedit
634 2270 785 2318 urbib.
821 2271 870 2318 in
903 2279 1024 2319 nota
1046 2288 1158 2320 cum
1185 2275 1360 2322 Bnrm.
1388 2275 1526 2323 Outl.
1546 2272 1700 2322 Wolf.
1725 2283 1777 2321 et
1801 2273 1910 2319 aliis
1931 2270 2160 2320 defendit
2182 2273 2350 2320 verbis.
2384 2287 2467 2320 nec

283 2345 430 2394 μειερ.
456 2333 600 2381 Cort.
624 2333 756 2382 Edd.
780 2336 925 2384 Rom.
977 2352 1161 2400 propos.
1187 2339 1337 2389 vind.
1361 2342 1539 2388 1.-10
1572 2340 1658 2387 Ita
1685 2339 1813 2386 Mss.
1834 2337 1940 2384 fere
1967 2337 2034 2386 Ο.
2059 2337 2466 2398 comprobantib.

288 2395 438 2445 Torr.
460 2397 635 2448 Graev.
660 2399 798 2461 Lips.
824 2400 961 2452 Oud.
985 2402 1107 2451 Ern.
1132 2403 1286 2453 Wolf.
1343 2404 1407 2453 In
1430 2404 1584 2453 editis
1607 2403 1984 2467 vulgg.sprecit.
2015 2401 2307 2463 Exagitabat
2329 2416 2468 2451 nona.

1268 2585 1479 2636 NOTAE

284 2698 418 2748 inter
440 2700 764 2749 scribendum
789 2701 1162 2764 pingendumve
1187 2716 1333 2764 para-

284 2784 389 2827 tam
425 2794 627 2843 semper
657 2780 938 2841 habebant,
970 2795 1119 2843 qnam
1155 2780 1332 2828 dixere

285 2853 565 2915 deletilem,
588 2855 723 2918 quod
762 2870 823 2904 ea
856 2855 921 2903 ad
961 2855 1180 2904 delenda
1217 2870 1333 2919 quas

284 2930 449 2978 minus
491 2932 766 2993 placerent
804 2939 1090 2981 uterentur.
1158 2932 1332 2983 Quare

283 3004 380 3053 hoc
402 3020 646 3067 responso
668 3004 923 3056 festiviter
944 3007 1206 3056 alludebat
1225 3006 1332 3056 Au-

284 3088 462 3144 gustus
484 3082 550 3130 ad
583 3084 758 3146 AJacis
791 3092 1023 3140 mortem,
1047 3085 1134 3148 qui
1169 3099 1332 3133 armo-

283 3172 396 3206 rnm
422 3158 640 3207 Achillis
654 3159 874 3223 judicio,
897 3160 961 3208 de
994 3175 1095 3224 quo
1118 3160 1168 3209 in
1190 3160 1331 3212 Julio

282 3249 327 3283 c.
360 3239 443 3284 84.
486 3234 669 3296 victus,
705 3250 810 3297 pra!
846 3236 1020 3284 dolore
1057 3236 1107 3284 in
1134 3236 1331 3286 ferrum

281 3310 538 3374 incubuit,
564 3311 700 3376 quod
723 3318 778 3359 et
798 3312 1039 3374 Sophocli
1064 3312 1329 3374 tragoediae

270 3386 378 3449 jam
405 3387 848 3449 antepraebuerat
878 3395 1253 3449 argumentum,
1277 3395 1333 3436 et

280 3463 533 3518 Pacnvio,
561 3469 618 3511 ut
638 3463 764 3512 ibid.
786 3470 1016 3513 notatum
1040 3471 1121 3512 est
1144 3478 1316 3526 supra.

285 3579 290 3580 γ
342 3544 365 3569 ⁰
398 3538 633 3600 Elegaas]
690 3540 769 3587 De
807 3554 870 3588 eo
906 3540 980 3588 sic
1010 3539 1208 3588 Gellius
1239 3538 1332 3589 lib.

280 3628 381 3664 xv..
406 3629 454 3662 c.
477 3618 526 3663 7.
579 3616 594 3641 ‘
612 3614 742 3662 Cum
775 3614 959 3662 librum
1001 3616 1333 3677 epistolarum

278 3692 352 3740 D.
375 3690 621 3753 Augusti,
642 3705 767 3754 quas
791 3692 856 3740 ad
888 3692 1065 3741 Caium
1090 3699 1333 3755 nepotem

280 3781 425 3815 suurn
473 3766 697 3828 scripsit,
753 3767 1062 3831 legeremus,
1118 3767 1334 3817 ducere-

279 3856 497 3907 murque
546 3842 799 3905 elegantia
851 3842 1111 3897 orationis,
1163 3857 1334 3907 neque

280 3933 503 3982 morosa,
527 3933 690 3983 neque
723 3918 896 3978 anxia,
928 3919 1020 3966 sed
1042 3917 1183 3967 facili
1220 3921 1334 3969 her-

279 3997 359 4048 cle
397 4003 453 4045 et
492 3993 749 4057 simplici?
814 3996 884 4043 Et
923 3994 1057 4042 libro
1090 4007 1147 4042 x.
1177 4009 1223 4043 c.
1247 4001 1330 4045 24.

279 4070 645 4119 munditiarum
668 4070 830 4133 patris
851 4071 948 4130 sui,
967 4068 1093 4119 Julii
1114 4071 1331 4129 scilicet,

278 4145 332 4194 in
354 4142 675 4196 sermonibus
691 4152 748 4194 et
764 4145 997 4208 epistolis
1020 4152 1328 4196 sectatorem

279 4221 437 4272 fuisse
463 4221 609 4270 dicit.
1250 4260 1255 4265 .

345 4296 364 4334 ¹
394 4297 639 4347 cacozelos
657 4301 706 4345 et
725 4294 1040 4359 antiquarios]
1064 4297 1212 4345 More
1238 4311 1328 4346 suo

1415 2701 1613 2750 divisim
1651 2699 1919 2764 probandi,
1949 2714 2062 2763 quae
2101 2698 2250 2747 simul
2280 2712 2465 2762 propo-

1414 2781 1536 2837 suit,
1570 2779 1836 2841 utriusque
1863 2777 2098 2839 exempla
2121 2775 2312 2830 subdit,
2335 2774 2467 2822 Mae-

1413 2854 1612 2902 cenatis
1631 2867 1816 2914 nempe
1841 2862 1896 2901 et
1916 2851 2107 2901 Tiberii
2128 2867 2144 2911 3
2174 2851 2307 2900 illius
2329 2851 2464 2899 enim

1414 2928 1723 2992 κακοζηλίαν,
1748 2930 1893 2992 liujus
1915 2928 2261 2977 obsoletoruin
2285 2927 2465 2976 verbo-

1413 3022 1542 3060 rum,
1574 3017 1632 3055 ut
1660 3006 1734 3055 ita
1767 3006 1953 3061 dicam,
1987 3006 2258 3067 aucupium
2295 3005 2466 3067 exagi-

1414 3089 1512 3133 tat.
1550 3084 1683 3133 Sunt
1699 3090 1868 3132 antem
1895 3082 2139 3145 cacozeli,
2162 3081 2278 3130 mali
2297 3081 2465 3129 imita-

1412 3166 1571 3216 tores,
1604 3160 1692 3224 qui
1708 3174 1787 3226 ‘eo
1806 3160 1921 3222 ipso
1944 3159 2256 3207 dedecorant
2275 3158 2466 3207 oratio-

1413 3247 1670 3299 nem,quo
1693 3236 1833 3285 illam
1870 3242 2056 3299 putant
2087 3235 2344 3284 exornari.
2399 3234 2463 3283 In

1413 3312 1541 3359 illud
1568 3312 1746 3359 vitium
1771 3312 2066 3365 incurritur,
2090 3313 2293 3372 quoties
2324 3310 2465 3371 inge-

1413 3386 1552 3432 nium
1587 3384 1791 3446 judicio
1835 3389 1994 3446 caret,
2038 3390 2093 3431 et
2135 3382 2258 3431 boni
2290 3384 2464 3444 specie

1413 3459 1626 3521 fallitur,
1675 3459 1947 3506 verborum
2002 3458 2232 3506 novitate
2286 3455 2462 3506 fucum

1411 3533 1654 3582 orationis
1677 3530 1988 3592 affectando,
2012 3531 2145 3595 qitod
2165 3532 2385 3579 omnium
2411 3532 2462 3579 in

1413 3610 1711 3674 eloquentia
1739 3608 2011 3671 pessimum
2043 3607 2117 3655 ait
2152 3621 2266 3653 esse
2301 3606 2463 3657 Quin—

1416 3688 1653 3747 tilianus;
1699 3684 1836 3749 quod
1878 3693 2071 3743 cetera,
2113 3684 2294 3747 inquit,
2341 3684 2465 3731 vitia

1412 3764 1661 3818 vitentur,
1717 3763 1813 3810 hoc
1856 3774 1978 3809 vero
2022 3760 2177 3809 etiam
2238 3766 2464 3822 petatur.

1413 3840 1742 3904 Antiquarios
1775 3845 1945 3888 autern
1981 3852 2069 3885 eos
2104 3837 2350 3899 intellige,
2375 3838 2459 3899 qui

1411 3918 1569 3966 verba
1591 3923 1911 3977 aucupantur
1938 3912 2184 3961 obsoleta.
2247 3913 2356 3961 Par
2376 3927 2461 3962 ca-

1410 3993 1620 4041 cozeliae
1665 3991 1879 4048 vitium3
1930 3989 2004 4037 sic
2043 3988 2178 4037 enim
2219 3996 2458 4051 tanquam

1408 4068 1652 4129 scopulus
1687 4066 1834 4113 vitari
1874 4063 2032 4112 debet
2066 4065 2346 4113 inauditum
2382 4075 2460 4114 at-

1410 4158 1509 4206 que
1535 4142 1754 4190 insolens
1780 4142 2010 4195 verbum,
2030 4147 2087 4188 ut
2123 4141 2213 4196 ait,
2247 4156 2312 4189 ex
2343 4143 2457 4190 Cae-

1409 4217 1535 4265 saris
1559 4216 1689 4265 libro
1712 4216 1777 4264 de
1800 4215 2052 4278 Analogia
2075 4216 2275 4266 Gellius
2306 4218 2392 4264 lib.
2417 4233 2456 4266 ι.

1410 4308 1458 4343 c.
1486 4298 1565 4343 10.
1590 4300 1642 4343 et
1666 4293 1911 4344 obsoletis
1935 4299 2025 4343 aut
2047 4293 2293 4343 novitatis
2314 4293 2457 4342 durae
