3019 4922
2348 396 2485 466 305

290 554 560 621 Testem
594 572 671 620 se
715 554 783 619 in
815 554 1093 638 judiciis
1142 559 1210 619 et
1253 552 1669 636 interrogari,
1699 558 1772 618 et·
1811 554 2044 633 refelli,
2088 556 2479 639 aequissimo

293 660 510 724 auimo
557 658 958 743 patiebatur.
1046 657 1337 724 Forum⁸
1390 656 1733 738 angustius
1784 656 1970 735 fecit,
2013 676 2146 722 non
2190 678 2398 725 ausus
2429 670 2483 700 ¹0

290 771 691 846 extorquere
745 761 1260 846 possessoribus
1329 760 1684 844 proximas
1744 759 2007 825 domos.
2114 760 2484 848 Nunquam

288 866 464 931 filios
497 884 660 948 suos
692 865 949 949 populo
983 861 1498 942 commendavit,
1526 866 1600 928 ut
1637 881 1771 928 non
1816 862 2163 947 adjiceret,
2197 868 2218 899 ‘
2244 865 2322 931 Si
2348 886 2484 933 me·-

288 968 647 1034 rebuntur.’
730 968 1028 1047 Eisdem,
1074 966 1503 1052 praetextatis
1525 962 1552 1001 ¹¹
1602 966 1843 1046 adhuc,
1904 972 2347 1036 assurrectum
2395 971 2483 1034 ab

288 1071 618 1138 universis
659 1072 731 1135 in
770 1070 1051 1151 theatro,
1084 1076 1150 1136 et
1191 1090 1233 1135 a
1277 1070 1609 1135 stantibus
1635 1079 1655 1109 ¹
1703 1068 2049 1156 plausum,i
2090 1071 2484 1155 gravissimo

286 1181 567 1259 questus
596 1181 723 1240 est.
807 1175 1088 1242 Amicos
1134 1175 1236 1241 ita
1291 1193 1571 1257 magnos
1624 1181 1693 1240 et
1743 1182 2054 1258 potentes
2096 1176 2167 1241 in
2212 1176 2486 1243 civitate

286 1299 432 1344 esse
473 1278 712 1359 voluit,
757 1287 829 1346 ut
867 1286 1089 1347 tamen
1117 1278 1265 1363 pari
1284 1277 1434 1363 jure
1465 1288 1714 1357 esseut,
1757 1300 1897 1364 quo
1929 1280 2164 1358 ceteri,
2191 1280 2482 1363 legibus—

287 1401 416 1469 que
437 1382 825 1469 judiciariis
855 1403 1048 1468 aeque
1078 1388 1463 1448 tenerentur.
1552 1380 1725 1448 Cum
1750 1382 2097 1467 Asprenas
2131 1380 2482 1470 N.ouiuS,†¹5

287 1489 538 1553 arctius
569 1489 633 1553 ei
655 1489 956 1573 junctuS‚
988 1505 1265 1553 causam
1309 1484 1633 1565 veneficii,
1668 1494 2024 1552 accusante
2069 1487 2314 1552 Cassio
2364 1486 2487 1568 Se-

290 1587 485 1671 vero,¹
515 1591 815 1672 diceret3
861 1591 1196 1656 consuluit
1246 1591 1591 1664 Senatum,
1623 1590 1784 1674 quid
1811 1599 1831 1637 ³
1883 1590 2086 1655 officii
2136 1590 2245 1666 sui
2294 1595 2486 1675 puta«

286 1697 414 1760 ret:
463 1697 486 1728 ‘
511 1693 841 1759 Cunctari
873 1693 1052 1759 enim
1085 1713 1187 1769 se,
1217 1713 1326 1772 ne,
1377 1693 1437 1757 si
1488 1700 1943 1780 superesset,¹¹¹
1993 1693 2279 1778 eriperet
2321 1693 2491 1775 legia

289 1797 412 1861 bus
446 1816 678 1863 reum:
725 1797 830 1861 sin
854 1797 1141 1874 deesset,
1173 1795 1537 1861 destituere
1577 1816 1658 1861 ac
1690 1796 2151 1882 praedamnare
2192 1797 2486 1861 amicum

1193 409 1591 464 ooTAVIUS.

1212 1959 1418 1983 ΝΟΝΝ
1423 1963 1445 1982 O
1452 1962 1570 1985 ‘On

289 2081 404 2131 lem.
429 2080 577 2132 Cort.
600 2089 652 2129 et
679 2078 813 2131 Edd.
836 2079 986 2131 Vett.
1009 2079 1061 2129 in
1081 2079 1210 2129 tribu
1230 2078 1414 2140 Steph.
1448 2078 1574 2140 Bas.
1600 2077 1726 2128 Var.
1764 2085 1819 2129 et
1860 2080 1926 2131 al.
1956 2081 2291 2132 recentiores.
2335 2081 2486 2132 Torr.

288 2147 512 2197 malebat
534 2147 585 2196 in
605 2146 737 2196 tribu
756 2162 859 2195 sua.
893 2146 1022 2196 Tum
1047 2151 1095 2195 et
1115 2159 1236 2194 unus
1259 2143 1403 2194 Cort.
1425 2150 1473 2193 et
1495 2149 1551 2193 at
1572 2153 1693 2194 unus
1723 2146 1919 2196 Medic.
1953 2151 2005 2197 2.
2040 2154 2095 2197 et
2128 2149 2299 2211 populo
2330 2162 2414 2196 suo
2437 2148 2491 2197 in

288 2212 384 2262 Ed.
406 2211 540 2262 Ven.
563 2216 740 2264 1.-10
773 2211 966 2261 Audens
985 2210 1181 2260 Medic.
1220 2213 1268 2259 1.
1304 2209 1446 2260 Dein
1481 2209 1720 2260 addiceret
1742 2210 1898 2275 Vind.
1941 2216 1987 2262 1.
2025 2212 2230 2263 adiceret
2263 2212 2492 2262 Medicei

283 2277 472 2342 aliique
495 2277 564 2327 de
580 2280 836 2326 more.—l
881 2277 945 2324 Et
961 2276 1184 2325 astantib.
1211 2277 1371 2325 Fouc.
1394 2274 1595 2325 Medic.
1618 2280 1663 2324 1.
1684 2279 1732 2325 3.
1753 2277 1891 2328 Dun.
1910 2290 1940 2325 a
1962 2292 2031 2327 m.
2054 2292 2134 2342 pr.
2161 2278 2329 2329 Periz.
2355 2277 2492 2327 Edd‘.

288 2343 436 2393 Rom.
459 2344 592 2392 Ven.
618 2343 735 2391 Bas.
759 2356 873 2390 eum
899 2341 1011 2390 aliis
1034 2341 1378 2403 antiquita—2
1414 2340 1614 2389 Desunt
1646 2341 1760 2390 haec
1783 2341 1901 2405 Asp.
1925 2343 2054 2392 Non.
2078 2351 2133 2392 et
2157 2358 2304 2407 seqq.
2330 2358 2492 2407 usque

288 2408 350 2456 ad
373 2408 592 2457 cunctari
615 2406 767 2456 vind.
792 2410 839 2455 1.
861 2404 936 2454 As
1128 2406 1314 2454 Novius
1334 2404 1491 2454 Vind.
1512 2409 1561 2454 2.
1588 2406 1790 2455 Nomius
1806 2407 1965 2456 Fouc.
1989 2408 2175 2457 Novius
2197 2408 2294 2458 Ed.
2310 2408 2492 2472 Steph.

287 2472 415 2522 Mox
434 2473 622 2522 vinctus
646 2472 745 2523 Ed.
770 2473 949 2534 Camp.
971 2479 1020 2522 et
1041 2472 1226 2520 vinctus
1260 2471 1407 2522 Cort.
1440 2471 1569 2519 enim
1599 2471 1787 2521 vinctus
1808 2473 2063 2523 Fouc.—3
2102 2474 2239 2530 Quod
2258 2490 2285 2521 ο
2330 2504 2343 2519 .
2375 2474 2492 2523 Me-

286 2537 388 2588 dic.
430 2543 478 2588 1.
518 2543 568 2588 2.
608 2537 748 2588 Dun.
773 2537 917 2586 Cort.
940 2537 1071 2600 Cep.
1095 2536 1328 2588 Harlem.
1352 2534 1487 2584 Edd.
1518 2536 1696 2599 Camp.
1721 2538 1851 2585 Ven.
1875 2544 1941 2586 tr.
1962 2537 2109 2587 Med.
2142 2539 2256 2599 Lug
2293 2569 2310 2585 .
2341 2538 2491 2590 Juut.

286 2604 425 2655 Dein
445 2618 496 2655 se
518 2603 672 2655 deest
693 2602 823 2667 Cep.
847 2610 903 2653 et
924 2603 1104 2666 eripere
1136 2600 1295 2651 babet
1314 2599 1413 2650 Ed.
1431 2600 1467 2652 J
1473 2600 1596 2651 unk.
1621 2609 1807 2651 contra
1828 2603 1958 2652 Mss.
1978 2610 2033 2652 et
2051 2602 2187 2653 Edd.
2211 2602 2323 2652 rell.
2363 2603 2491 2653 Mox

1283 2814 1498 2868 NOTAE

288 2943 378 2989 net
396 2936 554 2988 tribus
574 2936 659 2988 vel
677 2936 891 2988 trib-bus
904 2951 1021 2988 eum
1054 2933 1172 2986 aliis
1188 2946 1348 2984 mem·
1429 2931 1608 2984 vivas?
1681 2918 1682 2921 ¹

285 3016 479 3067 branis.
516 3016 652 3066 Nam
677 3017 942 3080 Augustus
963 3013 1165 3064 duabus
1180 3013 1234 3063 in
1256 3010 1348 3062 tri·
1495 3008 1511 3049 ¹
1544 3010 1709 3060 Cassio
1727 3010 1923 3076 Severo]
1957 3012 2011 3063 Is
2033 3004 2250 3078 Augusti
2267 3019 2497 3080 postmoq

284 3093 454 3144 bubus
472 3091 769 3157 suffragium
792 3093 911 3144 tulit
937 3107 987 3143 c.
1007 3088 1093 3142 40.
1176 3136 1187 3139 ι

347 3178 375 3215 s
409 3170 612 3233 Forum]
646 3170 816 3233 Supra
831 3184 881 3219 c.
902 3173 987 3219 29.

346 3243 372 3279 ¹²
408 3244 753 3309 Proetextatis]
786 3245 1032 3296 Nondum
1048 3242 1208 3294 virilis
1225 3247 1351 3294 aeta·

288 3323 373 3381 tis,
398 3338 499 3374 nec
520 3331 643 3386 toga
664 3330 851 3374 sumta.
914 3324 977 3373 In
999 3322 1033 3373 J
1040 3323 1110 3371 ul.
1134 3335 1183 3372 c.
1210 3325 1252 3370 l.

344 3397 362 3432 ¹
400 3398 653 3463 Plausum]
700 3399 918 3463 Quibus,
949 3397 1222 3462 insigniter
1263 3402 1353 3447 aut

286 3476 517 3537 favebat,
554 3481 647 3526 aut
683 3476 992 3527 adulabatur
1020 3476 1258 3539 populus,
1291 3473 1359 3522 iis

287 3556 550 3606 theatrum
576 3552 1004 3618 ingredientibuS,
1037 3559 1094 3600 et
1116 3564 1352 3613 assurge-

284 3633 377 3683 bat
398 3630 608 3681 honoris
630 3645 804 3694 causa,
827 3636 883 3679 et
903 3627 1204 3693 plaudebat.
1253 3626 1352 3675 His

287 3708 558 3772 plausibus
599 3706 808 3770 excepti
852 3705 1011 3755 Caius
1057 3711 1114 3753 et
1161 3704 1351 3753 Lucius

286 3783 515 3850 Augusti
562 3791 802 3848 nepotes,
840 3783 893 3831 in
929 3780 1063 3831 filios
1100 3779 1352 3845 adoptati,

289 3861 379 3912 sed
403 3861 503 3927 ipsi
532 3859 767 3925 Augusto
790 3859 1040 3924 suspecti,
1063 3858 1106 3907 si
1130 3858 1352 3908 Diouem

290 3938 474 3989 audias
498 3939 586 3987 lib.
611 3950 694 3986 nv.

350 4014 378 4048 Β
409 4012 656 4078 Asprenas
694 4008 905 4076 Nonius]
942 4013 1027 4062 De
1062 4013 1159 4063 hoc
1194 4025 1354 4074 supra

292 4105 337 4140 c.
359 4095 443 4143 43.
468 4097 526 4141 et
549 4091 751 4141 Plinius
783 4088 874 4163 lib.
898 4102 1072 4139 xxxv.
1093 4104 1139 4139 c.
1163 4094 1243 4139 12.
1265 4088 1354 4138 ubi

1431 3088 1555 3138 dum
1592 3092 1765 3153 gratia
1795 3090 1991 3141 cecidit
2028 3099 2245 3157 propter
2273 3092 2497 3143 famosos

1429 3166 1659 3230 libellos,
1690 3176 1903 3219 auctore
1936 3170 2140 3229 Tacito,
2171 3177 2226 3222 et
2262 3172 2389 3222 satis
2419 3172 2496 3220 in-

1432 3244 1549 3294 nuit
1590 3245 1842 3296 Horatius
1883 3246 2055 3312 Epod.
2089 3248 2180 3299 lib.
2202 3249 2324 3299 Ode
2353 3253 2407 3299 6.
2442 3249 2495 3297 in

1434 3333 1553 3371 eum
1597 3321 1949 3383 amarissima3
2007 3324 2287 3389 Ceteroqui
2324 3331 2498 3374 orator

1433 3396 1678 3459 celebris,
1701 3405 1759 3448 ut
1795 3412 1862 3447 ex
1903 3399 2061 3449 Plinii
2090 3400 2180 3449 lib.
2216 3415 2317 3450 vn.
2340 3414 2390 3450 c.
2414 3405 2497 3449 12.

1434 3479 1599 3536 patet,
1621 3474 1765 3538 cujus
1794 3473 2179 3524 defensionibus
2213 3475 2286 3524 rei
2320 3476 2495 3538 plures

1432 3546 1853 3605 absolvebantur,
1906 3549 2043 3599 unde
2086 3551 2239 3614 jocus
2271 3549 2498 3614 Augusti

1434 3626 1572 3690 apud
1620 3625 1945 3676 Macrobium
1984 3625 2072 3675 lib.
2108 3641 2169 3677 11.
2214 3643 2261 3678 c.
2294 3630 2344 3677 4.
2378 3643 2496 3677 cum

1433 3703 1572 3752 enim
1604 3703 1950 3753 ‘architectus
1993 3701 2092 3753 fori
2140 3702 2362 3765 Augusti
2405 3717 2496 3752 ex·

1434 3780 1787 3844 pectationem
1822 3780 1994 3843 operis
2024 3779 2114 3829 diu
2153 3780 2401 3842 traheret,
2422 3779 2498 3829 ita

1421 3857 1628 3922 jocatus
1649 3863 1746 3907 est.
1814 3857 2014 3911 Vellem
2033 3866 2086 3906 et
2102 3858 2308 3907 Cassius
2327 3873 2496 3907 meum

1432 3932 1606 3983 forum¹
1645 3940 1936 3983 accusasset
1953 3933 1989 3982 θ’
2021 3940 2082 3984 ut
2120 3944 2308 3999 nempe
2337 3935 2498 3986 citius

1434 4010 1809 4072 absolveretur,
1830 4024 1920 4059 seu
1944 4009 2296 4074 perficeretur.

1460 4106 1463 4109 >
1498 4094 1544 4121 ¹¹¹·
1567 4085 1862 4150 superesset]
1897 4087 2016 4137 Hoc
2055 4094 2137 4137 est
2171 4086 2500 4150 defenderet,

295 4168 357 4217 de
370 4168 820 4232 Patinaloquitur,
842 4168 1019 4232 ‘cujus
1037 4179 1234 4216 veneno
1255 4164 1354 4214 As·
1434 4179 1540 4232 quo
1580 4178 1729 4213 sensu
1766 4166 1899 4213 male
1944 4179 2037 4214 suo
2072 4165 2227 4215 etiam
2263 4172 2500 4229 tempore

295 4246 497 4308 prenati
533 4259 624 4294 reo
648 4245 856 4295 Cassius
885 4244 1109 4294 Severus
1147 4258 1358 4293 accusa·
1435 4243 1649 4293 verbum
1664 4242 1764 4293 boc
1783 4249 2085 4307 usurpatum
2106 4244 2178 4294 ait
2193 4244 2394 4295 Gellius
2409 4243 2497 4292 lib.

297 4328 375 4371 tor
397 4320 702 4385 objiciebat,
736 4321 996 4371 interiisse
1031 4334 1202 4373 cxxx.
1233 4335 1362 4371 con·-
1435 4335 1474 4371 1.
1498 4320 1545 4370 e.
1571 4324 1653 4371 22.
1720 4320 1783 4371 In
1805 4320 1922 4371 Tito
1946 4335 2063 4385 cap.
2081 4325 2134 4371 ’1.
2167 4362 2178 4369 .

423 4403 601 4467 Delph.
636 4408 686 4454 et
715 4401 831 4454 Var.
858 4404 984 4453 Clas.
1287 4403 1480 4457 Sueten.
2319 4402 2367 4450 U
