3019 4922
1263 411 1555 460 sumus.
2376 400 2505 466 149

323 550 617 617 Circensi
648 562 947 637 pompa,r
987 557 1256 639 templa,
1286 575 1460 636 arasa,
1489 558 1845 623 simulacra
1862 559 2064 644 juxta
2095 562 2325 638 DeoS,⁸
2353 564 2504 646 pnl-

322 657 542 733 vinar,⁸
579 657 997 736 Flaminem,⁸¹
1026 658 1421 742 Lupercos,v
1444 660 1959 743 appellationem
1985 665 2224 729 mensis
2246 672 2284 699 W
2311 684 2348 728 e
2377 675 2502 730 suo

320 761 595 824 nomine.
684 758 791 825 Ac
822 762 1047 827 nullos
1073 772 1288 827 non³¹
1338 764 1626 829 honores
1671 764 1758 829 ad
1799 766 2138 833 libidinem
2181 768 2383 853 cepit,
2436 773 2504 834 et

1219 930 1250 950 0
1256 930 1591 953 mOOOOONO

319 1044 447 1095 Edd.
488 1046 673 1110 Steph.
710 1045 830 1095 Ald.
868 1045 992 1108 Arg.
1025 1047 1173 1097 Junt.
1205 1048 1471 1102 simulacra,
1491 1049 1538 1109 j.
1572 1048 1641 1097 D.
1674 1052 1818 1111 ρ.--3
1853 1047 1940 1097 Ita
1974 1048 2186 1098 rescribi
2213 1049 2372 1113 jussit
2405 1052 2503 1101 Ca·

314 1112 452 1159 saul).
488 1120 646 1175 atque
670 1120 819 1162 extat
859 1112 910 1160 in
936 1113 1150 1162 Memm.
1171 1112 1353 1161 Pal.2.
1375 1113 1528 1163 Vind.
1553 1117 1600 1162 1.
1637 1114 1796 1162 Fouc.
1832 1128 1892 1162 ac
1928 1128 2070 1177 seqq.
2105 1114 2346 1164 Editor-es
2381 1124 2501 1165 sunt

317 1178 538 1241 amplexi
574 1187 769 1242 praeter
803 1178 1054 1227 Bernecc.
1087 1184 1143 1227 et
1174 1176 1332 1227 Wolf.
1362 1178 1450 1242 qui
1485 1178 1812 1227 retinendum
1848 1184 2035 1243 putant
2066 1179 2333 1242 vulgatum
2383 1196 2501 1229 non-

1295 1340 1507 1391 NOTAE

315 1454 453 1505 bant.
537 1456 732 1505 Sensus
777 1456 935 1518 igitur
977 1461 1075 1510 est,
1110 1454 1368 1505 Caesarem
1450 1470 1569 1518 cap.
1595 1460 1641 1506 1.
1670 1467 1786 1506 cum
1823 1464 1927 1508 tres
1959 1462 2157 1506 tantum
2179 1457 2353 1507 Numa
2385 1459 2502 1508 Fla-

316 1533 561 1593 voluisse‚
584 1541 645 1582 ut
668 1547 783 1581 cnm
809 1534 1036 1582 Deorum
1069 1533 1253 1581 statuis
1275 1547 1369 1580 sna
1450 1533 1613 1584 mines
1644 1533 1969 1597 instituisset,
1993 1536 2237 1609 temporis
2262 1550 2499 1599 progres-

316 1623 516 1674 qnoqne
543 1616 855 1672 gestaretur,
887 1610 1079 1658 honore
1102 1610 1229 1672 pari.
1264 1609 1369 1660 Qui

315 1699 439 1749 mos,
471 1686 719 1736 Romanis
769 1687 1030 1735 inauditus
1085 1687 1367 1751 hucusque,

314 1764 449 1822 circa
486 1765 780 1829 principum
805 1766 1021 1814 honores
1046 1771 1229 1828 postea
1250 1766 1368 1813 soli·

314 1848 393 1890 tus
446 1849 532 1891 est
582 1842 836 1904 usurpari.
921 1843 1228 1905 Quanquam
1268 1856 1365 1892 nec

313 1927 430 1969 ante
464 1918 673 1968 Graecis
709 1917 846 1967 foret
880 1918 1193 1980 incognitus,
1217 1926 1276 1967 ut
1299 1933 1365 1966 ex

311 1996 529 2060 quodam
572 1995 812 2046 Athenaei
851 1997 938 2046 lib.
971 2010 1023 2045 v.
1069 1995 1185 2045 loco
1230 1996 1366 2047 eruit

311 2073 661 2123 Casaubonus.
1050 2087 1060 2096 ·

371 2156 390 2181 ¹
424 2151 640 2199 Cis-censi
659 2150 849 2215 pompa]
884 2150 1001 2200 Hoc
1026 2158 1124 2209 est,
1148 2149 1366 2199 celebri·

311 2232 417 2276 tate
462 2227 555 2275 illa
603 2228 827 2276 maxima
863 2228 1097 2276 ludorum
1152 2228 1364 2278 Circen-

311 2305 458 2367 sium,
476 2320 577 2368 qua
595 2305 826 2354 Deorum
853 2305 1124 2355 simulacra
1143 2304 1365 2354 solenni-

312 2388 391 2431 ter
436 2383 795 2447 gestabantur,
856 2398 981 2432 auro
1027 2392 1365 2448 argentoque,

311 2474 368 2511 ac
412 2461 795 2525 pretiosissimis
850 2460 1079 2511 vestibus
1136 2461 1362 2525 undique

310 2538 732 2602 splendentibnsz
787 2540 918 2588 hanc
959 2546 1120 2588 totam
1155 2538 1268 2588 fuse
1307 2547 1362 2588 et

310 2618 553 2680 graphice
605 2617 883 2681 descripsit
954 2616 1220 2668 Halicarn.
1271 2617 1360 2666 lib.

311 2707 410 2743 vu.

371 2780 390 2804 ⁸
423 2771 692 2822 Simulacra
717 2773 867 2832 ,ittarta
905 2771 1059 2834 Deos]
1115 2772 1362 2821 Testatur

220 2911 226 2918 ³
309 2850 411 2900 Dio
434 2851 741 2900 collocatum
768 2851 864 2914 ipsi
890 2850 941 2898 in
966 2849 1225 2913 Capitolio
1249 2865 1362 2898 cur-

310 2942 439 2984 rum,
463 2929 547 2992 qui
573 2929 755 2979 Jovem
782 2935 1047 2991 spectaret
1073 2927 1360 2987 adversum,

310 3006 394 3053 ubi
436 3005 656 3054 Caesaris
691 3005 855 3068 imago
896 3003 1170 3053 videbatur
1204 3018 1362 3067 super

310 3080 449 3131 orbis
491 3081 714 3144 imagine
754 3082 939 3145 posita,
985 3096 1099 3130 cum
1145 3081 1362 3145 inscrip-

309 3159 471 3218 tione,
492 3160 507 3186 ‘
528 3158 783 3207 semideus
802 3158 915 3206 est!

370 3237 387 3267 ῑ
417 3233 680 3297 Pulvinur]
722 3234 1019 3283 Pulvinaria
1064 3235 1237 3284 lectuli
1284 3233 1361 3285 fu·

309 3327 396 3362 ere
440 3314 496 3361 in
544 3312 748 3375 templis
792 3314 964 3371 strati,
1010 3312 1124 3361 Diis
1169 3304 1359 3364 dicati:

306 3391 443 3440 nude
471 3392 582 3453 ipsa
601 3403 802 3454 quoque
832 3390 1042 3453 templa,
1065 3398 1122 3439 et
1145 3391 1260 3439 loca
1281 3406 1361 3440 sa-

309 3482 417 3528 cra,
452 3466 740 3531 pulvinaria
762 3466 1035 3517 dicuutur:
1062 3467 1180 3515 inde
1203 3468 1360 3516 etiam

306 3543 650 3603 lectisternia,
693 3557 808 3592 cnm
865 3557 1049 3606 nempe
1095 3543 1361 3606 placandae

309 3621 539 3671 Deorum
577 3622 688 3683 irae,
716 3620 920 3670 illorum
956 3619 1285 3684 imaginibus,
1318 3621 1360 3670 si

310 3697 482 3760 plures
504 3703 697 3757 essent,
719 3711 877 3760 super
894 3696 1245 3761 pulvinaribus
1269 3696 1361 3746 int·

311 3775 491 3838 positis
527 3775 815 3825 convivium
838 3774 1200 3838 apponebant;
1226 3775 1361 3840 quod

309 3867 445 3915 saepe
469 3852 681 3912 factum,
699 3861 756 3902 nt
779 3867 845 3901 ex
870 3853 1038 3902 multis
1062 3853 1197 3903 Livii
1223 3854 1365 3918 locis,

308 3930 596 3992 praesertim
624 3929 713 3978 lib.
739 3943 789 3977 v.
808 3929 1055 3992 colligere
1071 3936 1168 3979 est.
1238 3931 1364 3980 Pul-

309 4005 506 4075 vinaria
529 4013 581 4054 et
607 4005 743 4068 apud
770 4006 988 4055 Graecos
1007 4007 1058 4054 in
1082 4021 1174 4055 usu
1192 4005 1365 4072 fuisse,

309 4085 503 4146 primus
548 4083 846 4133 observavit
900 4084 1251 4149 Casaubonus‚
1305 4092 1363 4135 ut

308 4158 422 4221 ipse
458 4165 722 4220 testatur3
777 4160 868 4209 sed
904 4161 1212 4224 pulvinaria,
1260 4176 1361 4211 non

307 4235 655 4297 lectisternia,
670 4237 842 4299 qualia
858 4236 995 4302 apud
1016 4238 1234 4287 Livium.

374 4319 395 4343 ¹¹
435 4311 720 4376 Flaminem]
777 4313 915 4364 Quid
957 4314 1060 4363 sint
1106 4314 1361 4365 Flamines

1449 1627 1509 1660 sn
1536 1611 1601 1661 ad
1626 1618 1703 1663 15.
1728 1620 1965 1663 creverat
2005 1613 2203 1663 illorum
2243 1628 2500 1667 numerus.

1447 1690 1519 1738 Et
1544 1697 1661 1751 post
1679 1689 1872 1740 Julium
1896 1689 2146 1740 Caesarem
2171 1690 2381 1755 singulis
2406 1687 2498 1741 imss

1449 1765 1790 1828 peratoribus,
1824 1781 1938 1815 cnm
1977 1767 2113 1815 inter
2148 1768 2311 1817 Divos
2337 1768 2499 1817 refer-

1447 1849 1644 1905 rentur,
1694 1844 1879 1906 singuli
1948 1843 2205 1893 Flamines
2260 1844 2499 1895 attributi

1444 1928 1584 1969 sunt.
1667 1921 1852 1971 Cicero
1892 1935 1952 1970 ιι.
2001 1920 2294 1985 Philippica
2336 1921 2498 1971 Anto-

1444 2000 1583 2048 nium
1600 2005 1763 2061 taxat,
1778 1999 1910 2064 qnod
1937 2000 2130 2063 primus
2141 1999 2175 2049 J
2181 2000 2269 2048 ulii
2285 2000 2497 2049 Flamen

1444 2074 1636 2135 fuerit3
1668 2082 1683 2105 ‘
1708 2077 1804 2126 Est
1831 2091 1954 2137 ergo
1995 2077 2222 2138 Flamen,
2266 2082 2326 2124 ut
2357 2076 2500 2139 Jovi,

1446 2160 1502 2203 ut
1525 2154 1704 2210 Marti,
1727 2161 1784 2202 ut
1809 2154 2044 2213 Quirino,
2071 2152 2185 2217 (qni
2208 2159 2311 2204 tres
2334 2168 2362 2202 a
2387 2154 2496 2203 Nn·

1443 2244 1530 2278 ma
1558 2228 1828 2294 instituti,)
1851 2230 1926 2280 sic
1963 2231 2036 2279 D.
2058 2230 2196 2280 Julio
2230 2233 2307 2282 M.
2334 2231 2498 2283 Anto·

1443 2304 1596 2354 nius!
2305 2317 2310 2321 ·

1508 2388 1532 2413 v
1564 2381 1821 2447 Lupercos]
1854 2383 1900 2433 Ii
1938 2385 2281 2434 Romanorum
2321 2386 2500 2434 Sacer-

1444 2539 1639 2587 vandro
1672 2539 1737 2589 ad
1765 2539 2055 2600 Romulum,
2075 2547 2229 2604 atque
2252 2540 2317 2589 ab
2339 2554 2400 2589 eo
2430 2541 2498 2590 ad

1445 2609 1679 2665 extrema
1718 2616 1807 2664 illa
1845 2617 2064 2680 Reipub.
2106 2625 2338 2680 tempora
2377 2633 2499 2667 con-

1446 2693 1656 2754 servati,
1686 2692 1817 2741 Pani
1840 2693 2026 2761 Lycaeo
2045 2708 2194 2742 sacra
2215 2692 2498 2754 faciebant,

1443 2768 1564 2819 bina
1585 2769 1861 2819 sodalitate
1885 2769 2115 2819 distincti
2155 2771 2497 2820 Fabianorum

1443 2851 1498 2894 et
1543 2845 2001 2907 Quintilianorum,
2040 2846 2247 2911 quibus,
2292 2847 2343 2896 in
2385 2847 2498 2896 Cae·

1445 2923 1574 2984 saris
1598 2922 1861 2984 honorem,
1885 2922 2064 2972 addita
2090 2924 2245 2972 tertia
2267 2923 2298 2975 J
2306 2923 2497 2973 uliano-

1444 3015 1576 3049 rum.
1644 3000 1968 3049 Caerimouiae
2002 3008 2171 3062 erant,
2197 3008 2252 3049 ut
2278 3002 2497 3064 pastori·

1444 3083 1519 3130 tio
1546 3087 1600 3128 et
1631 3078 1745 3129 fero
1769 3094 1912 3129 more
1944 3080 2086 3140 nudi,
2111 3095 2204 3143 per
2234 3080 2495 3130 lasciviam

1443 3159 1791 3207 discurrentes
1812 3157 1864 3205 in
1889 3156 2083 3213 orbem,
2114 3157 2378 3207 caederent
2407 3156 2499 3207 ob·

1442 3236 1571 3297 vios,
1592 3235 1765 3286 incisis
1790 3235 1842 3283 iu
1866 3234 2108 3298 corrigias
2127 3248 2397 3297 caprarum
2413 3234 2499 3297 ju-

1445 3314 1732 3376 gulatamm
1756 3311 1974 3376 pellibus
1997 3328 2011 3361 :
2047 3313 2170 3376 quin
2189 3318 2245 3361 et
2272 3310 2336 3360 ad
2359 3312 2499 3374 ejus-

1443 3390 1582 3438 modi
1607 3389 1822 3438 verbera
1845 3388 1981 3437 ultro
2004 3401 2059 3436 se
2092 3388 2334 3437 mulieres
2373 3384 2497 3437 offe·

1443 3465 1649 3529 rebant,
1669 3472 1797 3514 ratae
1817 3465 1869 3514 id
1883 3464 1948 3531 ad
1966 3463 2360 3515 soecunditatem
2375 3478 2499 3513 con-

1444 3542 1656 3601 ducere,
1705 3556 1805 3607 quo
1844 3542 2050 3590 nomine
2094 3555 2158 3591 ιι.
2206 3539 2500 3605 Philippica

1443 3619 1620 3668 multis
1639 3617 1934 3681 exagitatur
1956 3616 2230 3666 Antonius.

1508 3705 1542 3731 w
1574 3696 1953 3762 Appellationem
1988 3695 2181 3758 mensis]
2215 3693 2385 3747 Julius
2415 3693 2498 3743 bic

1444 3783 1545 3831 est,
1582 3775 1647 3825 de
1688 3788 1788 3839 quo
1814 3774 1888 3823 sic
1925 3771 2162 3825 Macrob.
2196 3770 2284 3823 lib.
2308 3785 2346 3822 1.
2379 3785 2497 3835 cap.

1446 3858 1528 3903 12.
1549 3853 1564 3880 ‘
1583 3853 1825 3918 Sequitur
1847 3850 2037 3910 Julius,
2052 3850 2136 3914 qui
2159 3864 2295 3911 cum,
2315 3863 2498 3898 secun-

1444 3931 1567 3981 dum
1608 3930 1813 3980 Romuli
1865 3929 2258 3987 ordinationem,
2304 3929 2498 3978 Martio

1444 4009 1565 4056 anni
1591 4012 1805 4058 tenente
1830 4005 2160 4069 principium,
2187 4004 2436 4056 Quintilis
2467 4020 2498 4054 a

1443 4097 1653 4133 numero
1694 4089 2007 4141 vocaretur3
2058 4080 2383 4130 nihilominus
2420 4090 2497 4130 ta-

1441 4174 1580 4224 men,
1605 4166 1721 4225 post
1741 4159 2050 4223 praepositos
2076 4173 2106 4207 a
2124 4156 2498 4208 Numa-Ianua·

1443 4238 1572 4286 rium
1596 4252 1656 4286 ac
1680 4236 2035 4296 Februarium,
2056 4233 2268 4283 retinnit
2291 4246 2497 4281 nomen.

1444 4347 1619 4367 .....
1642 4313 1744 4364 Sed
1783 4323 1966 4379 postea
2003 4312 2056 4361 iu
2095 4311 2338 4360 honorem
2371 4308 2497 4360 Julii
