3019 4922
533 400 665 467 142

527 561 682 643 ipse
710 556 894 622 humi
924 576 1005 622 ac
1038 558 1165 621 sub
1198 555 1397 622 divo⁸
1441 559 1768 625 cubuerit.

535 668 710 737 tens,
740 659 1060 744 quosdam
1092 661 1291 724 etiam
1320 659 1529 724 infimi
1556 661 1815 742 generis
1836 661 1922 726 ad
1953 664 2405 747 amplissimos
2428 666 2720 732 honores

533 763 866 847 provexit.
957 762 1128 828 Cum
1164 763 1252 827 ob
1297 761 1369 827 id
1413 763 1803 847 culparetur,
1857 757 2195 847 professus
2240 776 2349 833 est
2376 777 2427 808 ¹⁰
2468 770 2724 854 palam,

531 870 557 899 ‘
579 867 642 931 si
670 861 1148 949 grassator-ami
1193 868 1259 929 et
1288 865 1681 930 sicariorum
1709 884 1839 949 ope
1868 867 1937 930 in
1966 869 2213 934 tuenda
2246 889 2368 935 sua
2398 870 2721 954 dignitate

534 988 695 1032 usus
746 974 942 1044 esset,
989 967 1239 1031 talibus
1288 986 1555 1052 quoque
1603 987 1674 1032 se
1720 986 1945 1051 parem
1995 970 2266 1051 gratiam
2321 972 2726 1037 relaturum!

533 1070 702 1154 [73]
749 1071 1137 1136 Simultates
1183 1076 1413 1133 contra
1461 1069 1686 1133 nullas
1708 1076 1727 1107 ¹
1772 1075 1907 1133 tam
1952 1090 2188 1153 graves
2230 1075 2546 1157 excepit²
2601 1095 2724 1139 un-

529 1191 760 1256 quam,
786 1180 862 1237 ut
891 1191 1020 1237 non
1042 1180 1062 1219 ³
1093 1171 1456 1236 occasione
1487 1170 1715 1235 oblata
1740 1171 1957 1237 libens
1980 1173 2355 1259 deponeret.
2404 1176 2483 1241 C.
2502 1177 2723 1242 Mem·

533 1271 705 1348 mii‚¹¹
749 1275 941 1360 cujus
971 1274 1358 1358 asperrimis
1406 1274 1824 1339 orationibus
1870 1295 2005 1340 nou
2049 1280 2302 1342 minore
2355 1280 2724 1345 acerbitate

535 1379 989 1461 rescripserat,
1020 1377 1227 1440 etiam
1257 1374 1658 1458 suffragator
1686 1395 1849 1440 mox
1875 1377 1944 1440 in
1976 1379 2307 1460 petitione
2334 1381 2718 1446 consulatus

533 1481 680 1545 fuit.
770 1479 848 1545 C.
879 1479 1109 1556 Calvo,
1154 1485 1311 1562 post
1362 1477 1618 1543 famosa
1661 1478 2145 1562 epigrammata
2193 1480 2276 1545 de
2323 1482 2723 1548 reconcilia-

531 1585 716 1648 tione
747 1602 864 1666 per
892 1583 1143 1646 amicos
1177 1567 1419 1664 agenti,
1440 1581 1630 1645 ultro
1662 1600 1744 1646 ac
1773 1582 1954 1664 prior
1982 1584 2274 1667 scripsit.
2363 1577 2715 1649 Valerium

533 1681 926 1765 Catullum,¹
970 1704 1014 1750 a
1044 1700 1179 1769 quo
1210 1684 1341 1749 sibi
1373 1683 1718 1748 versiculis
1739 1690 1770 1730 4
1813 1683 1897 1748 de
1946 1684 2348 1751 Mamurram
2392 1693 2719 1771 perpetua

1396 416 1459 465 0.
1504 413 1867 466 SUETONH

1878 553 2041 624 'Jam
2074 569 2295 626 autem
2325 581 2541 628 rerum
2589 553 2719 650 po}-

1435 1866 1504 1896 ‚ee

531 1999 607 2035 rue
651 1985 874 2049 pretium
898 1989 1058 2047 esset,
1093 1979 1396 2044 scriberem,
1426 1990 1630 2034 mutata
1657 1983 2100 2047 interpunctione,
2127 1982 2407 2047 deversorio,
2437 1984 2638 2045 quode.
2675 1999 2719 2032 e.

525 2052 647 2114 boo,
661 2065 780 2100 cess.
805 2051 888 2099 vel
910 2055 1113 2099 servata
1134 2050 1288 2099 etiarn
1311 2064 1478 2114 praep.
1508 2050 1562 2098 in
1582 2050 1861 2111 elevator-io,
1880 2052 1980 2099 loco
2001 2066 2047 2113 q.
2067 2064 2118 2097 ιι.
2137 2053 2263 2109 erat,
2284 2063 2397 2098 cess.
2420 2048 2507 2096 nbi
2527 2057 2721 2111 praeter·

529 2130 729 2165 comma
761 2115 886 2170 nibil
912 2116 962 2163 in
986 2116 1124 2177 vulg.
1145 2123 1387 2165 mutatur.
1455 2116 1607 2164 Miill.
1634 2115 1790 2163 Obss.
1828 2129 1879 2177 p.
1915 2118 1992 2163 11.
2031 2114 2199 2162 locum
2240 2115 2315 2162 its
2348 2113 2636 2178 constituit,
2669 2114 2720 2162 in

525 2181 755 2233 deauco,
773 2180 856 2243 qui
875 2195 995 2229 unus
1009 2186 1129 2245 erat,
1144 2184 1277 2229 cess!
1302 2181 1622 2243 Bnumg.—9
1645 2179 1720 2229 Ac
1737 2180 1836 2243 ipse
1850 2179 1982 2229 Edd.
2005 2178 2208 2242 Grypb.
2231 2179 2406 2228 Plant.
2430 2178 2601 2227 Pulm.
2621 2179 2725 2228 Ca·

527 2244 675 2294 ssub.
706 2244 882 2294 Graev.
904 2245 1095 2295 Schild.
1128 2254 1181 2294 et
1204 2246 1322 2294 nliae
1346 2245 1679 2294 recentiores.
1746 2245 1872 2293 Turn
1892 2243 2272 2307 [Md-quaedam
2291 2243 2383 2292 sub
2395 2242 2493 2302 dio,
2551 2244 2652 2292 uod
2687 2259 2719 2292 e

527 2309 658 2358 Μαι.
675 2310 1001 2373 corrigebant
1025 2311 1192 2360 Palm.
1214 2311 1360 2360 Torr.
1395 2310 1501 2359 Pro
1515 2309 1725 2359 cubuerit
1743 2308 1937 2358 babent
1955 2310 2111 2358 Fouc.
2129 2308 2320 2357 Medic.
2338 2312 2387 2357 2.
2406 2308 2468 2354 Vi
2547 2342 2561 2356 .
2579 2316 2719 2357 uter·

527 2388 645 2437 qne,
662 2374 805 2424 Cor-t.
820 2375 987 2426 Per-iz.
1009 2376 1237 2425 Harlern.
1251 2391 1366 2425 curn
1378 2375 1613 2424 omnibus
1631 2374 1784 2424 editis
1799 2374 2166 2423 vetustioribus
2186 2388 2348 2438 usque
2366 2372 2429 2421 ad
2445 2372 2616 2421 Pulm.
2632 2386 2718 2421 sc·
2794 2435 2797 2438 .
2817 2367 2823 2371 ’

527 2438 771 2491 cubuerit
787 2441 1067 2505 secedente
1082 2442 1394 2491 Burnu—lo
1408 2443 1498 2491 Est
1515 2441 1688 2490 exulat
1708 2454 1736 2488 a
1753 2441 1965 2490 Merum.
1981 2446 2035 2488 et
2048 2453 2204 2502 supra
2219 2438 2376 2489 evexit
2391 2439 2549 2488 Fouc.
2588 2438 2716 2488 Mox

524 2518 578 2552 se
601 2519 762 2565 grass.
787 2507 902 2555 Par.
924 2511 974 2557 2.
996 2522 1101 2556 cras
1122 2507 1279 2557 vind.
1298 2511 1348 2556 2.
1372 2507 1516 2556 Cort.
1563 2508 1649 2556 De
1667 2506 1769 2554 suis
1790 2507 1942 2554 Torr.
1967 2503 2180 2572 praefert
2200 2519 2250 2552 ee
2259 2518 2414 2566 grass.
2436 2509 2486 2552 et
2503 2505 2589 2551 sic.
2609 2519 2655 2552 ο.
2680 2504 2720 2552 ἰ.

527 2575 567 2618 t.
588 2585 630 2619 s.
649 2570 698 2617 d.
721 2585 852 2620 mm
868 2586 983 2627 esse.
1017 2579 1055 2622 t.
1079 2589 1124 2636 q.
1143 2589 1192 2637 p.
1218 2573 1406 2621 omisso
1427 2587 1495 2633 se,
1514 2571 1605 2620 sed
1632 2571 1815 2635 reliqui
1840 2569 1994 2619 codd.
2024 2570 2075 2618 in
2107 2570 2207 2619 slis
2232 2572 2473 2617 eunt.—-l
2512 2569 2717 2617 Preter

525 2634 738 2685 Merum.
751 2650 925 2685 omnes
936 2639 1197 2701 scripti‚et
1218 2637 1351 2687 Edd.
1369 2652 1530 2702 nsque
1551 2636 1614 2685 nd
1630 2637 1949 2699 Rsplreleng.
1966 2634 2155 2683 habent
2172 2632 2484 2695 nullos‚quod
2499 2633 2719 2682 casaub.

527 2699 742 2764 ejusque
777 2715 1023 2765 sequaces
1058 2704 1487 2766 respuebant.—2
1520 2701 1718 2765 Accepit
1760 2700 1922 2750 Rbed.
1949 2703 2092 2749 1.—⁸
2129 2700 2242 2749 Non
2264 2696 2469 2746 fastidit
2492 2698 2647 2745 vind.
2670 2701 2718 2747 l.

527 2779 589 2812 ac
610 2780 706 2828 pro
726 2766 882 2815 oblata
904 2769 954 2816 in
979 2768 1173 2817 Medic.
1198 2774 1252 2818 l.-
1280 2774 1362 2817 est
1384 2768 1585 2816 sublatu-
1654 2766 1900 2816 Ceterum
1931 2765 2131 2814 Memmi
2165 2763 2359 2813 Medic.
2382 2766 2430 2811 3.
2469 2762 2624 2813 vind.
2668 2767 2715 2812 ῑ.

526 2830 701 2878 Memii
720 2831 872 2880 Vind.
895 2837 945 2881 2.
971 2834 1115 2882 Cort.
1144 2834 1374 2883 Heriem.
1392 2833 1564 2881 Per-iz.
1592 2830 1751 2879 Menii
1771 2830 1870 2879 Ed.
1895 2831 2077 2892 Camp.
2103 2828 2352 2878 Memmii&
2374 2828 2535 2876 Fonc.
2572 2826 2714 2876 Dein

527 2895 752 2945 Catulum
774 2897 943 2945 Per-iz.
966 2897 1099 2946 Edd.
1117 2899 1263 2949 Rom.
1290 2894 1429 2948 Ven.
1453 2902 1500 2948 1.
1527 2896 1743 2947 Mediol.
1777 2894 2095 2961 (correctum
2118 2909 2149 2943 s
2170 2891 2357 2958 Polit.)
2375 2892 2540 2956 Lugd.
2563 2892 2713 2945 Junt.

1506 3059 1557 3109 N
1564 3057 1726 3109 0⁷1*AE

522 3168 780 3218 diversorio
797 3172 919 3233 quod
938 3186 1081 3220 unum
1104 3176 1224 3234 erat,
1244 3171 1341 3221 loco
1362 3172 1580 3235 cesserit,
1660 3178 1854 3234 tatum3
1882 3178 2006 3222 tuuc
2027 3171 2185 3234 enim,
2219 3174 2535 3233 tempestate
2558 3167 2714 3218 adsc-

526 3245 787 3306 apertiore
825 3247 988 3295 multo
1017 3262 1187 3309 seusu,
1209 3262 1357 3313 quem
1394 3240 1478 3296 vix
1503 3250 1580 3297 ul·
1658 3254 1759 3311 tus,
1781 3249 1835 3297 in
1875 3248 2113 3312 pauperis
2146 3245 2414 3309 cujusdam
2451 3243 2711 3306 tugurium

521 3319 628 3368 lum
672 3333 820 3370 eruas
856 3336 885 3371 e
920 3323 1131 3385 vulgata
1166 3324 1409 3385 lectione,
1441 3325 1580 3375 unde
1656 3325 1963 3385 diverterat,
2019 3324 2105 3373 ubi
2155 3323 2362 3373 nonnisi
2422 3319 2713 3369 cubiculum

522 3396 821 3446 Torrentius
857 3398 1100 3448 emendat
1124 3405 1173 3449 et
1201 3402 1300 3449 loco
1333 3400 1386 3449 in
1421 3402 1578 3451 diver-
1657 3401 1861 3450 unicum
1887 3398 2045 3450 fuisse
2079 3405 2229 3450 notat
2269 3397 2462 3449 ibidem
2501 3395 2714 3445 Plutar-

518 3472 661 3534 wrio,
697 3476 817 3534 quod
857 3490 1002 3524 unum
1032 3482 1155 3534 erat,
1197 3480 1280 3539 ξε.
1348 3479 1571 3528 casaub.
1655 3479 1796 3529 chus.

520 3548 657 3599 forte
688 3551 959 3613 legendum
981 3553 1220 3616 opinatur·
1243 3554 1541 3604 diversor-iola
1557 3571 1575 3603 .-

522 3626 788 3689 particular
809 3628 943 3677 enim
969 3629 1090 3691 illae,
1109 3636 1153 3678 et
1175 3633 1248 3694 in,
1269 3646 1366 3680 nou
1390 3637 1573 3681 extant

517 3702 570 3751 in
593 3704 907 3754 viterbiensi
926 3705 1124 3756 codice.

577 3787 602 3823 ⁸
660 3780 761 3830 Sub
800 3782 932 3846 divo]
992 3782 1154 3832 Paulo
1198 3790 1375 3833 narrat
1422 3783 1571 3833 aliter

520 3854 784 3905 Plutarch.
806 3856 857 3904 in
898 3858 1122 3921 Caesare,
1151 3874 1299 3922 quem
1337 3858 1571 3909 cubuisse

517 3930 644 3979 dicit
667 3932 719 3979 ἐν
737 3932 807 3994 τᾷ
835 3932 1100 3996 προστεγίῳ
1130 3937 1218 3994 τῆς
1253 3933 1407 3999 θύρας.
1473 3937 1570 3987 Est

515 4014 690 4056 autem
711 4008 995 4071 aembyaov
1017 4013 1307 4075 Praedam,
1323 4029 1414 4063 seu
1440 4013 1569 4063 tecti

518 4082 831 4146 projectum,
853 4100 965 4148 quae
1006 4088 1318 4152 aliquantum
1341 4097 1462 4138 ante
1481 4089 1565 4151 ja·

515 4172 665 4207 uuam
690 4159 844 4221 spatii
869 4161 1018 4223 tegit,
1041 4178 1156 4225 quae
1183 4169 1197 4193 ‘
1215 4164 1528 4229 suggrundia
1549 4163 1563 4186 '

516 4235 733 4298 Latinis,
755 4235 898 4286 nobis
918 4237 1073 4287 saillie
1102 4241 1160 4289 de
1182 4242 1227 4291 la
1257 4248 1530 4293 convertur-e
1543 4258 1565 4302 ,-

512 4325 612 4362 uec
636 4311 816 4361 mirum
842 4319 947 4363 tam
969 4322 1182 4378 anguste
1206 4331 1269 4368 eo
1302 4318 1400 4368 loci
1421 4319 1562 4369 babi-

1720 3553 1734 3587 ¹
1767 3554 2119 3611 Grassatorum‚
2161 3549 2268 3617 ξω]
2300 3549 2434 3598 Vide
2472 3547 2631 3613 infra,
2660 3548 2710 3598 in

1652 3630 1790 3694 Aug.
1818 3645 1933 3693 cap.
1956 3635 2039 3680 32.
2667 3665 2687 3701 χ

1716 3705 1740 3740 ¹¹
1779 3709 1838 3758 C.
1882 3706 2125 3770 Memmii]
2166 3705 2243 3754 De
2288 3702 2436 3766 hujus
2479 3707 2711 3764 praetnra

1652 3797 1768 3847 cap.
1793 3788 1879 3832 28.
1910 3797 1971 3832 ac
2005 3796 2179 3833 rursus
2216 3780 2280 3830 de
2309 3780 2416 3840 illo,
2441 3785 2497 3827 et
2526 3778 2710 3833 Calvo.

1651 3857 1717 3906 de
1764 3872 1865 3922 quo
1904 3859 2003 3914 hic,
2059 3872 2171 3920 cap.
2208 3860 2291 3905 49.
2377 3854 2534 3903 Hunc
2586 3867 2710 3902 vero

1650 3935 1889 3983 similiter
1922 3934 2177 3983 intellexit
2201 3930 2442 3992 Ovidius,
2475 3930 2572 3979 hoc
2596 3943 2709 3994 ver·

1649 4026 1741 4059 su:
1778 4011 1876 4060 ‘Et
1900 4018 1955 4059 tu
1971 4026 2086 4060 cum
2103 4009 2281 4069 Calvo,
2298 4006 2451 4056 docte
2477 4006 2709 4067 Catulle,

1649 4086 1779 4138 tuo!

1715 4163 1728 4197 ¹
1760 4161 2024 4225 Catullum]
2048 4162 2152 4212 Hic
2176 4161 2261 4211 ille
2281 4159 2595 4210 Veronensis
2610 4164 2709 4221 est,

1644 4241 1792 4304 cnjus
1817 4247 1996 4290 extant
2021 4254 2201 4303 opera,
2221 4238 2346 4305 licet
2379 4250 2477 4285 non
2500 4235 2703 4295 omnia;

1646 4318 1908 4381 Ciceroni,
1950 4315 2218 4381 Pompeio,
2263 4313 2478 4378 aliisque
2531 4312 2702 4363 aetatis
