3019 4922
528 386 659 453 280
1392 408 1456 454 o.
1501 406 1860 455 sussronu

531 549 707 627 diue,
756 549 995 615 lectica
1041 551 1354 629 cubans,⁸
1405 557 1630 617 tensas
1680 553 2072 620 deduceret:
2127 574 2357 620 rursus
2404 560 2720 623 commis-

530 653 715 717 sione
743 651 1072 731 ludorum,
1103 654 1351 737 quibus
1382 655 1710 720 theatrum
1736 657 2044 722 Marcelli
2074 657 2448 736 dedicabat,
2480 663 2720 739 evenit,

531 763 631 832 ut,
661 755 910 820 laxatis
932 764 984 795 ¹0
1037 758 1217 822 sellae
1266 760 1514 823 curulis
1566 760 2064 844 compagibuS,¹¹
2117 763 2387 827 caderet
2416 765 2722 845 supinuS.

532 859 873 942 Nepotum
905 879 1176 946 quoque
1209 882 1475 927 suorum
1500 885 1790 944 munere,
1815 885 1974 930 cum<
1992 872 2482 930 consternatum
2511 868 2720 931 ruinae

530 971 718 1028 metu
761 967 1080 1050 populum
1124 968 1398 1036 retinere
1451 978 1519 1037 et
1568 970 1962 1039 confirmare
2008 969 2440 1035 nullomodo
2471 976 2726 1054 posset,

534 1068 794 1133 transiit
839 1090 878 1133 e
926 1070 1083 1136 loco
1131 1090 1280 1149 suo,
1325 1082 1530 1158 atque
1575 1074 1646 1138 in
1693 1094 1774 1138 ea
1818 1079 2004 1157 parte
2049 1072 2379 1149 consedit,
2425 1091 2580 1154 quae
2607 1091 2728 1135 su-

543 1176 784 1251 specta
807 1173 1103 1238 maxime
1135 1182 1296 1240 erat.
1383 1176 1551 1261 [44.]
1583 1176 1948 1261 Spectandi
1981 1172 2559 1241 confusissimumi
2592 1195 2678 1240 ac
2703 1182 2732 1240 ¹..

534 1271 1022 1340 solutissimum
1069 1297 1318 1342 morem
1364 1280 1651 1345 correxit
1698 1279 2182 1362 ordinavitque,
2233 1285 2450 1342 motus
2478 1275 2730 1361 injuria.

533 1371 899 1453 SenatoriS,
922 1398 1125 1461 quem
1155 1379 1503 1446 Puteolisk
1534 1402 1652 1466 per
1675 1382 2144 1448 celeberrimos
2173 1382 2371 1447 ludos
2392 1401 2730 1446 consessu

530 1474 857 1562 frequenti
907 1500 1106 1548 nemo
1158 1492 1526 1568 receperat.
1617 1485 1833 1550 Facto
1883 1484 2086 1568 igitur
2125 1483 2393 1549 decreto
2426 1483 2727 1561 Patrum,

534 1586 632 1656 ut,
665 1585 938 1665 quoties
967 1586 1127 1668 quid
1159 1589 1537 1672 spectaculi
1556 1594 1582 1624 ²
1623 1608 1904 1672 usquam
1935 1587 2206 1673 publice
2235 1585 2559 1664 ederetur,
2588 1588 2729 1671 pri·

532 1702 682 1747 mus
712 1686 1181 1753 subselliorum
1210 1687 1406 1755 ordol
1441 1699 1712 1756 vacaret
1742 1692 2219 1770 Senatoribus;
2267 1690 2512 1755 Romae
2539 1690 2729 1773 lega-

1450 1872 1507 1891 00
1513 1870 1810 1891 9009009990

534 1989 583 2032 2.
612 1982 764 2033 Huls.
810 1986 957 2035 Dant
976 2000 1094 2036 mox
1119 1987 1271 2038 codd.
1290 1988 1454 2038 Polit.
1483 1993 1643 2037 tensas
1665 2002 1830 2037 manas
1849 1987 2145 2037 dedum—10
2179 1986 2397 2037 Lassutis
2420 1984 2565 2037 Cort.
2587 1985 2729 2038 Edd.

536 2048 682 2098 Rom.
717 2049 920 2099 Mavult
941 2051 1093 2101 Torr.
1115 2054 1309 2102 luxatis.
1372 2054 1434 2103 In
1455 2054 1615 2103 vind.
1636 2058 1687 2102 2.
1712 2061 1768 2102 et
1789 2052 1924 2104 Edd.
1948 2053 2099 2103 Rom.
2118 2052 2254 2101 Vena
2274 2052 2419 2102 Med.
2440 2052 2732 2120 carralia—ff

532 2117 558 2161 1
597 2112 757 2177 Atque
775 2117 862 2164 sol.
884 2116 1052 2165 Per-iz.
1074 2116 1305 2167 Heriem.
1335 2118 1466 2169 Edd.
1492 2119 1637 2167 Vett.
1662 2117 1776 2167 fere
1801 2118 1868 2167 O.
1897 2117 2090 2168 solitiss.
2123 2115 2318 2167 Medic.
2339 2120 2389 2166 2.
2454 2116 2594 2166 Dein
2616 2130 2730 2166 con:-

532 2192 671 2227 sensa
708 2180 958 2230 Vnam—2
992 2183 1161 2244 Vulgo
1199 2186 1516 2245 spectandum.
1585 2184 1830 2233 Nostram
1867 2185 1984 2233 lect.
2017 2189 2277 2233 testantur
2305 2183 2519 2233 Memm.
2570 2183 2729 2232 Pone.

533 2243 681 2293 Dun.
705 2245 899 2296 Medic.
935 2254 1059 2308 tres,
1091 2254 1311 2314 uterque
1339 2249 1499 2298 Viud.
1522 2248 1655 2312 Cop.
1690 2249 1810 2299 Pin.
1846 2257 1902 2299 et
1934 2248 2090 2299 codd.
2130 2248 2298 2298 Puim.
2333 2263 2395 2297 sc
2426 2248 2583 2297 Torr.
2607 2261 2730 2298 cum

535 2307 672 2359 Edd.
706 2309 853 2360 Junt.
885 2311 1008 2377 Arg.
1041 2313 1220 2378 Steph.
1253 2315 1433 2378 quoties
1461 2314 1708 2379 spectandi
1741 2315 1852 2364 sine
1887 2314 2002 2379 quid
2038 2314 2182 2364 Cort.
2214 2313 2349 2363 Edd.
2374 2312 2560 2378 Camp.
2581 2312 2730 2368 Med.

1519 2458 1733 2512 NOTAE

535 2558 742 2621 timent,
766 2558 832 2609 de
854 2557 1039 2625 quibus
1061 2574 1110 2610 c.
1131 2564 1215 2610 23.
1671 2560 1733 2610 C.
1755 2558 2026 2609 Cornelius
2050 2558 2310 2623 Cethegus
2330 2570 2593 2619 censores,
2616 2571 2732 2620 gra-

597 2644 623 2679 8
653 2636 845 2686 Lectica
873 2635 1070 2699 cubans]
1103 2637 1235 2686 Nam
1273 2638 1466 2709 absque
1497 2654 1587 2689 va·

531 2714 765 2763 letudine
787 2713 987 2775 fuisset,
1007 2728 1161 2764 curru
1185 2716 1481 2779 triumphali
1500 2732 1588 2766 au-

531 2798 648 2841 rato
686 2799 884 2853 vectus,
914 2805 1016 2840 non
1049 2792 1242 2841 lectica
1272 2793 1486 2856 cubans,
1509 2808 1589 2843 ss-

532 2881 620 2917 cra
659 2873 715 2917 et
768 2883 1006 2933 pompam
1042 2871 1345 2932 precedens
1384 2885 1590 2921 ornnem

533 2942 787 2993 duxisset.
855 2946 937 2994 De
962 2944 1123 2995 tensis
1145 2945 1200 2994 in
1219 2944 1330 2997 Jul.
1352 2959 1400 2995 c.
1421 2950 1502 2996 76.
1535 2955 1591 2997 et

531 3019 727 3083 reliqua
751 3034 957 3083 pompa.

596 3093 620 3127 ¹¹
652 3096 858 3144 Laxatis
886 3095 1016 3144 seua
1051 3097 1230 3145 curulis
1263 3094 1589 3163 conpagibus]

532 3174 685 3224 Hanc
708 3175 783 3222 sic
806 3173 1057 3223 describit
1078 3174 1176 3224 hoc
1197 3175 1311 3225 loco
1329 3176 1591 3226 casaubo-

531 3265 645 3300 nus.
708 3251 848 3301 Sella
902 3251 1095 3301 curulis
1148 3261 1369 3316 quatuor
1420 3254 1596 3319 lignis,

531 3326 826 3389 pluribusve
855 3327 1146 3388 constabat,
1166 3330 1216 3378 in
1249 3331 1457 3380 modum
1481 3331 1592 3383 fere

479 3416 483 3420 ·
530 3403 694 3453 literae
711 3405 764 3453 8.
786 3403 1075 3468 productae,
1094 3415 1150 3455 et
1172 3406 1340 3456 minus
1362 3419 1593 3458 curvatae

528 3479 596 3528 ab
628 3487 848 3545 utraque
883 3487 1047 3544 parte.
1112 3482 1246 3533 Haee
1281 3482 1490 3535 funibus
1516 3487 1593 3536 ita

527 3562 803 3620 compacta
835 3563 968 3613 erat,
1006 3563 1066 3608 ut
1094 3558 1284 3622 aperiri
1313 3561 1589 3626 claudique

529 3640 723 3695 posset.
790 3633 853 3682 In
907 3643 1092 3697 aperta
1134 3635 1388 3687 sedebant
1432 3653 1591 3703 super

528 3711 704 3761 linteis
740 3711 984 3776 lorisque.
1050 3713 1284 3765 Martial.
1323 3715 1475 3779 Epig.
1505 3721 1588 3766 5⁷.

526 3786 616 3835 lib.
639 3801 701 3836 rr.
749 3789 764 3815 ‘
792 3787 1100 3852 Recensque
1132 3791 1262 3839 sella
1294 3792 1589 3855 linteisque,

527 3864 788 3930 lorisque‚'
830 3864 957 3915 &cp
993 3865 1303 3930 Hujusrnodi
1346 3865 1587 3918 sellarum

526 3938 728 3990 fabrica
748 3941 1003 4006 hodieque
1027 3944 1077 3992 in
1097 3958 1194 3994 usu
1217 3953 1314 3993 est.
1383 3946 1468 3994 De
1486 3946 1589 3995 Cu·

529 4017 625 4064 ruli
648 4018 771 4066 sella
783 4018 891 4081 jam
915 4033 964 4068 c.
986 4023 1069 4069 26.

594 4092 1050 4159 ίΰοψώιὲηικηι]
1107 4099 1284 4162 Longe
1336 4108 1480 4156 ante,
1523 4101 1586 4152 P.

527 4170 773 4220 Cornelio
811 4172 1055 4234 Scipione
1091 4182 1145 4224 et
1181 4177 1246 4225 Τ.
1281 4177 1589 4242 Sempronio

530 4248 707 4310 Longo
731 4248 876 4296 Coss.
899 4249 983 4313 qui
1008 4247 1108 4299 fuit
1127 4251 1271 4300 urbis
1293 4267 1457 4303 annus
1485 4256 1587 4305 cir-

528 4326 664 4377 citer
698 4330 812 4376 536.
844 4332 860 4356 ⁸
880 4326 1069 4378 Sextus
1101 4329 1263 4380 AEiius
1299 4332 1499 4388 Paetus,
1532 4341 1588 4384 et

1669 2635 1793 2686 tiam
1819 2636 2086 2699 ingentem
2112 2634 2248 2699 apud
2266 2634 2513 2684 Senatum
2542 2646 2730 2698 peper-

1669 2722 1837 2777 erant,
1860 2713 1997 2779 quod
2036 2712 2170 2764 ludis
2201 2713 2464 2776 Romanis,
2494 2713 2730 2763 aedilibns

1669 2792 1932 2843 curulibus
1967 2792 2304 2855 imperarunt,
2325 2798 2384 2840 ut
2422 2791 2535 2841 loca
2568 2791 2730 2840 Sena-

1669 2870 1803 2920 toria
1835 2875 2172 2919 secernerent
2193 2883 2223 2918 a
2246 2869 2463 2933 populat
2499 2883 2617 2918 narn
2644 2883 2732 2918 an-

1670 2954 1759 2997 tea
1802 2947 1855 2996 in
1898 2946 2190 3011 promiscuo
2232 2943 2580 3010 spectabant?
2647 2946 2731 2994 Li·

1672 3025 1786 3075 vius
1813 3024 1907 3074 lib.
1929 3038 2005 3075 tv.
2027 3023 2209 3073 decad.
2229 3037 2308 3073 nr.
2335 3021 2475 3087 quod
2501 3028 2732 3086 postmo-

1672 3102 1792 3151 dum
1826 3102 1913 3151 lex
1949 3101 2142 3159 Roscia
2177 3098 2516 3160 confirmavit,
2540 3098 2607 3149 de
2629 3112 2732 3163 qua

1673 3195 1791 3246 cap.
1806 3185 1887 3230 40.
1912 3180 2004 3230 sed
2028 3180 2079 3228 in
2103 3178 2320 3228 theatris
2343 3184 2571 3227 tantum:
2611 3191 2730 3226 nam

1671 3257 1721 3307 in
1746 3258 1915 3319 Circo,
1936 3263 1991 3307 et
2013 3254 2395 3319 amphitheatris
2416 3254 2731 3315 presertim,

1670 3348 1784 3399 quw⁸
1819 3333 1982 3382 minito
2016 3330 2322 3391 recentiora,
2351 3329 2642 3393 promiscue
2676 3338 2733 3378 et

1671 3410 1851 3475 quovis
1874 3410 1986 3458 loco
2006 3406 2170 3456 libere
2199 3404 2526 3470 spectabant,
2556 3419 2731 3469 quarn-

1671 3489 1757 3538 diu
1781 3489 1996 3538 libertas
2022 3487 2219 3546 Romae,
2242 3493 2300 3535 ut
2328 3485 2495 3550 inquit
2527 3487 2730 3549 Lipsius

1669 3566 1760 3616 lib.
1784 3566 1851 3615 de
1873 3564 2105 3629 Amphit.
2128 3578 2175 3614 c.
2199 3567 2277 3614 13.
2304 3571 2359 3613 et
2386 3561 2655 3613 Plutarch.
2678 3564 2730 3612 in

1670 3644 1703 3691 S
1743 3644 1825 3691 lia.

1705 3658 1755 3751 γ’(
1805 3717 2047 3781 Puteolis]
2100 3717 2164 3766 In
2217 3715 2521 3780 Campania,
2577 3716 2728 3766 hodie

1669 3796 1925 3844 Puzzuolo.
2706 3823 2711 3828 -

1736 3872 1750 3904 ¹
1768 3873 1965 3922 Primus
1985 3870 2303 3920 subselliorum
2325 3870 2465 3934 ordo]
2494 3869 2614 3920 Hoc
2629 3878 2733 3932 est,

1669 3949 1822 4009 imus,
1858 3957 1916 3998 ut
1952 3963 2019 3997 ex
2058 3943 2372 4009 supradictis
2417 3958 2534 4009 cap.
2573 3961 2730 4010 sape.

1667 4028 1803 4075 riore
1838 4035 1893 4075 et
1927 4026 1978 4074 in
2014 4022 2156 4075 Julio
2185 4036 2233 4071 c.
2255 4025 2336 4070 39.
2361 4029 2526 4084 patet.
2593 4023 2728 4072 Haec

1667 4105 1909 4155 subsellia
1933 4104 2072 4152 inter
2092 4107 2147 4148 et
2171 4099 2379 4163 podium
2404 4099 2560 4162 spatii
2582 4100 2726 4150 vide·

1669 4190 1756 4232 tur
1799 4178 1991 4244 aliquid
2036 4174 2194 4225 fuisse
2247 4173 2528 4238 amplioris,
2574 4189 2726 4239 qnam

1669 4257 1918 4322 graduum
1962 4259 2098 4303 esset
2151 4252 2287 4299 inter
2333 4265 2406 4311 se,
2451 4258 2562 4303 tum
2607 4254 2727 4316 quia

1669 4333 1958 4398 principum
2013 4337 2070 4380 et
2123 4328 2521 4391 magistratuum
2582 4330 2723 4381 locus
