3019 4922
1218 363 1624 432 cer-Aruns.
2303 445 2312 454 ,
2396 374 2526 445 233

324 514 791 596 consulatum*
831 519 899 584 in
921 516 1142 597 Asia,
1171 523 1477 606 quintum
1520 527 1591 591 in
1634 528 1861 594 insula
1908 529 2161 611 Sarno,t
2208 537 2523 604 octavum

326 626 396 682 et
421 639 677 685 nonum
710 621 1090 688 Tarracone
1109 631 1139 659 ¹²
1173 621 1341 692 iniit.
1431 628 1594 709 [27]
1625 630 2144 699 Triumviratum
2162 643 2190 670 V
2221 636 2525 722 Reipub-

320 721 474 790 {icae
505 724 1001 790 constituendae
1034 747 1158 810 per
1192 727 1425 795 decem
1458 750 1666 797 annos
1698 732 2223 803 administravit:
2272 738 2340 804 in
2383 760 2520 825 quo

245 895 253 898 .
324 824 570 890 restitit
599 825 870 908 quidem
889 834 913 874 ⁵
943 828 1356 913 aliquamdiu
1385 833 1681 917 collegis,
1703 856 1784 901 ne
1810 857 1947 921 qua
1966 838 2156 905 fieret
2183 844 2523 928 proscrip-

324 925 487 1004 tio,w
533 927 657 992 sed
687 929 1025 1013 inceptam
1054 939 1342 1018 utroque
1373 936 1717 1002 acerbius*
1762 942 2115 1006 exercuit-’⁵
2202 943 2518 1030 Namque

323 1030 461 1108 illis
491 1032 565 1095 in
593 1034 948 1099 multorum
973 1056 1158 1121 saepe
1189 1054 1700 1125 personamper
1726 1045 1998 1125 gratiam
2032 1053 2103 1110 et
2131 1066 2372 1130 preces
2400 1071 2523 1115 ex..

325 1133 717 1213 orabilibuS‚
743 1135 927 1201 solus
958 1158 1200 1223 magno
1234 1159 1427 1226 opere
1458 1145 1822 1224 contendit,
1850 1167 1932 1211 ne
1957 1149 2069 1212 cui
2096 1156 2516 1233 parceretur:

320 1235 845 1319 proscripsitque
897 1241 1124 1310 etiam.
1148 1240 1228 1305 C.
1260 1242 1724 1310 Toranium&
1768 1254 2047 1314 tutorem
2094 1267 2312 1331 suum,
2357 1275 2518 1321 eun-

324 1336 607 1422 demque
641 1341 965 1424 collegam
997 1345 1215 1428 patris
1245 1346 1354 1410 sui
1387 1347 1665 1430 Octavii
1693 1351 1765 1415 in
1797 1352 2138 1418 aedilitate.
2222 1356 2269 1422 J
2274 1358 2468 1424 unius
2488 1370 2517 1410 ⁷

321 1436 714 1508 Saturninus
743 1444 876 1509 hoc
910 1445 1200 1529 amplius
1233 1449 1472 1513 tradit:
1520 1450 1690 1516 Cum
1730 1460 2004 1537 peracta
2031 1458 2515 1542 proscriptione

380 1622 421 1657 ¹²·
430 1625 596 1676 Gessit
615 1628 966 1678 triumuiratum
985 1631 1142 1679 decem
1158 1632 1312 1697 annis,
1334 1634 1386 1683 in
1406 1650 1492 1698 quo
1514 1638 1789 1687 adversatus
1805 1638 1993 1701 quidem
2011 1645 2084 1690 est
2104 1640 2396 1703 aliquamdiu
2414 1645 2516 1698 suis

319 1690 526 1754 collegis,
543 1697 599 1740 ut
619 1694 748 1742 nulla
769 1696 1051 1758 proscriptio
1058 1697 1226 1761 fieret,
1246 1700 1330 1747 sed
1345 1706 1596 1764 postquam
1615 1703 1835 1753 inchoata
1856 1710 1945 1768 est,
1984 1719 2095 1754 usus
2131 1711 2205 1755 est
2240 1708 2325 1757 illa
2346 1712 2510 1761 crude-

317 1754 408 1803 lius
425 1756 648 1806 ambobus
661 1774 678 1806 .-
712 1774 817 1808 cum
838 1760 962 1808 euim
970 1760 1057 1809 sui
1078 1776 1217 1825 saepe,
1240 1762 1413 1821 favore
1434 1772 1481 1814 et
1502 1774 1677 1830 rogatu
1710 1769 1972 1821 exorabiles
1991 1776 2143 1821 esseut
2174 1786 2292 1836 erga
2322 1776 2513 1839 multos,

316 1820 437 1870 solus
456 1823 664 1873 maxime
683 1824 840 1873 enisus
856 1830 946 1889 est,
967 1830 1019 1875 ut
1040 1827 1216 1877 nemini
1237 1827 1577 1890 ignosceretur.

311 2223 411 2277 dic.
434 2232 482 2277 2.
528 2230 760 2281 Ter-acone
782 2233 938 2283 vind.
965 2240 1013 2284 1.
1041 2238 1273 2291 Teratone
1295 2240 1394 2291 Ed.
1418 2244 1555 2294 Ven.
1587 2250 1731 2296 1.--5
1769 2247 1939 2296 Deest
1971 2247 2084 2297 haec
2121 2262 2220 2299 vox
2248 2249 2301 2298 in
2335 2249 2508 2300 Periz.

310 2290 541 2343 nartem.
566 2296 711 2346 Cort.
730 2297 865 2346 Edd.
889 2299 1036 2349 Rom.
1057 2304 1194 2354 Ven.
1214 2311 1283 2355 tr.
1303 2306 1436 2357 Bon.
1455 2309 1601 2359 Med.
1620 2311 1767 2360 Gald.
1790 2311 1956 2373 Lugd.
1970 2313 2120 2364 Junt.
2133 2311 2257 2362 Ald.
2276 2315 2365 2363 sed
2387 2316 2511 2366 Bas.

308 2362 365 2405 et
386 2359 501 2408 rell.
526 2360 734 2411 habent.
784 2362 918 2413 Dein
937 2367 1152 2429 ultroque
1173 2369 1333 2423 Fouc.
1353 2373 1603 2437 utrobique
1623 2375 1781 2425 Vind.
1804 2380 1955 2426 1.-6
1977 2379 2046 2426 Et
2067 2378 2124 2427 C.
2154 2378 2326 2429 Toran-
2348 2380 2508 2431 Fouc.

313 2420 600 2475 Tor-annium
624 2425 821 2477 Medic.
845 2432 894 2478 2.
931 2430 1197 2483 Tot-anuum
1218 2436 1463 2488 Dunelm.
1496 2441 1624 2492 Mox
1645 2443 1840 2493 eundem
1858 2456 1901 2492 c.
1923 2442 2121 2494 Medic.
2146 2449 2213 2493 tr.
2230 2444 2363 2507 Cop.
2383 2444 2507 2509 Cuj.

306 2486 650 2541 Dunelmw-'I
673 2493 838 2543 Jnaius
855 2495 1069 2546 Merum.
1101 2498 1362 2554 Saturnius
1380 2504 1436 2554 in
1459 2506 1606 2558 Cort·
1622 2507 1722 2559 Ed.
1747 2507 1896 2559 Rom.
1920 2522 2000 2573 pr.
2019 2508 2146 2558 item
2162 2509 2263 2559 ltaec
2282 2509 2335 2558 in
2349 2508 2509 2561 Vind.

1302 2659 1354 2717 N
1360 2661 1527 2717 0⁹1*AE

304 2757 565 2816 poterant.
633 2749 844 2807 Sacrum
874 2758 1010 2808 euim
1044 2754 1193 2824 illud,
1216 2762 1365 2828 quod
1446 2765 1681 2816 rennium
1698 2766 1944 2817 Pontium
1967 2780 2143 2816 senem
2165 2765 2506 2830 prudentissi·

300 2826 385 2878 hic
413 2829 668 2896 innuitur,
699 2831 752 2882 in
783 2833 1040 2897 Capitolio
1070 2836 1366 2889 faciendum
1443 2857 1580 2893 mum
1598 2844 1886 2894 consultum
1911 2858 1942 2892 a
1961 2842 2092 2905 filio,
2123 2842 2211 2907 qui
2243 2843 2503 2894 Romanos

301 2913 431 2959 erat.
1442 2922 1709 2971 exercitus
1732 2921 1889 2986 sylvis
1924 2919 2245 2983 interceptos
2272 2918 2503 2983 tenebat,

361 2983 379 3016 ⁸
410 2983 582 3047 Sanno]
617 2985 786 3050 Supra
808 3001 857 3056 c.
879 2992 961 3037 17.
998 3028 1005 3057 ἶ

361 3066 387 3092 u
425 3058 716 3125 Tarracone]
750 3061 963 3121 sthene
988 3048 1257 3132 &ragom
1296 3040 1377 3119 ¹inv

298 3133 557 3199 Hispania
578 3137 829 3191 citeriori.

358 3219 383 3245 V
401 3212 806 3279 4Τνίιιηιυίιίιτιιηι3
830 3216 1009 3281 Ipsum
1028 3217 1166 3269 inter
1184 3227 1240 3271 et
1253 3220 1361 3272 An·

294 3290 494 3340 tonium
536 3305 599 3340 ac
641 3291 892 3356 Lepidum
943 3295 1359 3348 reconciliatione

291 3365 440 3417 facta
495 3373 615 3433 post
654 3368 844 3420 bellum
890 3372 1204 3431 Mutinense,
1243 3389 1360 3440 cap.

295 3447 375 3495 13.

354 3528 390 3555 '¹
416 3521 739 3588 Proscriptio]
772 3526 911 3579 Quid
935 3527 1002 3577 sit
1025 3529 1356 3595 proscriptio,

288 3596 346 3647 in
362 3596 511 3650 Julio
533 3614 581 3649 c.
605 3605 684 3650 ll.
708 3608 763 3651 et
791 3605 875 3651 41.
941 3603 1060 3653 Hac
1094 3605 1249 3666 periit
1270 3607 1356 3654 Ci-

287 3685 430 3738 cero,
443 3687 600 3740 quem
623 3675 888 3741 Augustus
909 3679 1041 3744 ipse,
1062 3688 1356 3746 quanquam

187 3766 192 3771 ·
283 3750 603 3802 reverentiae
623 3758 677 3802 et
695 3751 1063 3805 beneficiorum
1082 3771 1243 3808 causa
1264 3772 1357 3823 pa-

285 3830 424 3876 trem
463 3827 778 3892 appellaret,
809 3828 999 3881 cedere
1035 3838 1249 3882 coactus
1274 3841 1358 3886 est

286 3900 521 3953 Antonio
540 3909 597 3952 et
618 3904 837 3969 Lepido,
856 3921 1070 3970 quorum
1095 3909 1180 3959 ille
1196 3924 1355 3961 avun-

287 3979 486 4042 culum,
505 3978 590 4030 hic
612 3981 831 4032 tratrem
851 3994 999 4033 suum
1020 3984 1261 4046 Paulum,
1286 3987 1353 4037 de

284 4069 390 4120 quo
415 4070 463 4107 c.
485 4058 566 4106 16.
595 4058 823 4110 vicissim
854 4059 1093 4125 Augusto
1123 4063 1357 4115 tradide-

283 4138 432 4182 runt.

371 4213 403 4240 ⁸
447 4207 692 4272 Inceptum
730 4214 929 4275 utroque
969 4213 1201 4275 acerbius,
1243 4213 1351 4279 ξω]

287 4282 493 4335 Narrat
529 4285 705 4338 Livius
736 4285 828 4340 lib.
848 4301 931 4340 rx.
965 4289 1148 4344 decad.
1173 4305 1215 4345 ι.
1235 4292 1345 4344 He-

1442 2996 1685 3063 quiduam
1708 2998 1776 3048 de
1799 2997 1900 3047 illis
1923 2995 2036 3046 fieri
2071 3001 2357 3060 oporteret,
2379 3009 2501 3046 auc-

1440 3079 1607 3125 torem
1630 3074 1810 3139 fuisse,
1840 3081 1899 3126 ut
1920 3087 2095 3125 omnes
2121 3074 2202 3122 vel
2225 3071 2504 3123 honorifice

1441 3151 1852 3213 dimitterentur,
1886 3152 1970 3202 vel
2008 3149 2072 3200 ad
2111 3164 2263 3199 unum
2298 3149 2501 3199 occide-

1441 3235 1642 3280 rentur.
1705 3228 1872 3279 Simili
1910 3225 2073 3277 ferme
2112 3227 2323 3276 consilio
2358 3225 2501 3276 vide-

1441 3310 1529 3353 tur
1568 3319 1690 3355 usus
1730 3303 2017 3368 Augustus,
2065 3315 2356 3366 quanquam
2401 3301 2502 3351 Dio

1438 3382 1593 3446 louge
1617 3383 1773 3433 aliter
1793 3388 1973 3432 narret
2009 3395 2069 3431 ac
2106 3379 2401 3439 Suetonius,
2431 3378 2500 3429 ab

1437 3471 1501 3506 eo
1525 3458 1662 3507 enim
1678 3463 1908 3528 servatos
1924 3457 2017 3522 ait,
2033 3460 2291 3522 quotquot
2307 3455 2501 3505 servari

1436 3534 1723 3597 potuerint.
1967 3537 1971 3541 '
2175 3602 2182 3607 .

1500 3618 1525 3654 Υ
1551 3609 1826 3673 Toranium]
1860 3611 2112 3675 Magnum
2135 3613 2192 3658 et
2210 3607 2499 3672 sapientem

1435 3684 1621 3750 virum,
1642 3686 1684 3736 si
1706 3687 1858 3736 modo
1882 3687 1923 3735 is
1942 3691 2024 3736 est
2044 3684 2109 3734 ad
2134 3698 2289 3749 quem
2311 3688 2497 3733 extant

1432 3761 1702 3812 Ciceronis
1736 3761 1994 3824 epistolae,
2027 3773 2183 3823 super
2204 3758 2341 3808 illius
2364 3761 2496 3808 tem-

1432 3837 1963 3903 poriscalamitatibus
1977 3835 2282 3899 conscriptae
2304 3833 2394 3884 lib.
2413 3848 2497 3887 vr.

1431 3912 1761 3966 familiarium
1783 3918 1868 3963 20.
1892 3920 1949 3963 et
1969 3917 2052 3962 21.
2085 3911 2300 3961 Vinium
2321 3917 2496 3962 autem

1428 3989 1597 4052 illum,
1616 3990 1682 4038 de
1705 4003 1805 4054 quo
1825 3988 1910 4037 hic
1934 3988 2069 4037 male
2085 3987 2291 4052 quidam
2309 3986 2496 4037 dicunt

1427 4066 1463 4118 J
1468 4065 1663 4127 unium,
1681 4071 1744 4114 ut
1764 4070 1915 4128 patet
1932 4077 1999 4113 ex
2016 4064 2187 4113 Dione
2204 4063 2298 4114 lib.
2316 4075 2494 4114 xzvn.

1425 4141 1486 4192 T.
1509 4139 1654 4189 Vinii
1688 4139 1930 4189 libertum
1968 4138 2149 4193 fuisse,
2182 4137 2492 4209 atquexideo

1425 4216 1633 4281 patroni
1670 4213 1751 4266 sui
1781 4213 1989 4263 nomine
2024 4214 2361 4278 appellatum,
2394 4226 2492 4278 pro

1400 4312 1409 4317 “
1427 4300 1720 4345 ceterorum
1737 4303 1882 4342 more
1905 4288 2227 4341 libertorum.
