3019 4922
1214 448 1611 497 ocrAans.
2380 439 2509 505 377

319 609 520 672 opere
570 592 851 655 curavit.
938 590 1145 674 Apud
1191 592 1477 656 insulam
1527 593 1851 676 CapreaS,
1910 598 2286 663 veterrimae
2329 597 2508 664 ilici‘s

320 689 647 757 demissos
667 701 686 739 ³
711 694 853 778 jam
886 695 972 758 ad
1006 701 1242 759 terram
1274 692 1797 778 languentesque
1826 717 2051 763 ramos
2083 701 2508 766 convaluisse

319 794 604 858 adventu
637 816 785 874 suo,
817 797 988 861 adeo
1018 792 1283 862 laetatus
1313 804 1438 874 est,
1469 806 1544 863 ut
1572 817 1690 862 eas
1718 807 1748 847 4
1770 820 1923 864 cum
1954 803 2296 885 republica
2317 804 2388 868 N
2393 823 2508 868 ea-

317 894 770 979 politanorum
791 907 817 934 ⁰
884 903 1385 983 permutaverit,
1435 902 1761 966 AEnariav
1808 903 1991 968 data.
2082 900 2508 972 Ob'servabat

318 1005 382 1064 et
427 999 571 1064 dies
601 1001 975 1083 quosdam,‘¹
1018 1022 1101 1066 ne
1152 1011 1268 1067 aut
1316 1000 1644 1088 postridie
1701 1007 2035 1071 nundinas
2062 1014 2126 1055 ⁵¹
2163 1028 2506 1092 quoquam
2546 1089 2551 1094 .

317 1102 871 1184 proficisceretur,
912 1113 1030 1169 aut
1059 1105 1281 1169 Nonis
1306 1114 1326 1142 ³
1363 1108 1724 1191 quicquam
1763 1110 1855 1173 rei
1886 1113 2079 1175 seriae
2112 1111 2463 1176 inchoaret
2486 1096 2515 1191 3⁴

320 1206 476 1269 nihil
509 1208 573 1268 in
602 1207 730 1271 hoc
764 1208 1030 1290 quidem
1061 1210 1242 1273 aliud
1287 1211 1615 1286 devitanS,
1645 1217 1720 1275 ut
1765 1213 1850 1276 ad
1883 1213 2215 1278 Tiberium
2248 1214 2502 1291 scribit,

318 1327 515 1391 quam
546 1309 901 1393 δυσφημίαν*
948 1313 1258 1379 nominiS.
1313 1313 1505 1394 .[93.]
1561 1315 2058 1398 Peregrinarum
2092 1318 2504 1403 caerimonia-

1227 1527 1590 1551 OO‘OOOOOOOOO

313 1682 406 1726 -3
445 1678 682 1728 Dimissos
716 1679 884 1730 Periz.
915 1679 1149 1730 Harlem.
1174 1679 1317 1731 Cort.
1344 1682 1478 1733 Edd.
1520 1684 1668 1733 Rom.
1709 1683 1924 1734 Mediol.
1963 1683 2086 1732 Bas.
2117 1690 2172 1733 et
2206 1684 2272 1732 al.
2311 1689 2506 1747 praeter

316 1743 449 1792 Ven.
472 1747 522 1792 1.
557 1744 738 1808 Steph.
776 1746 999 1797 Casaub.
1033 1754 1088 1795 et
1130 1752 1452 1797 recount—4
1492 1750 1561 1798 Ut
1595 1765 1673 1799 eos
1710 1755 2001 1799 correctum
2041 1748 2224 1797 eadem
2262 1762 2416 1798 manu
2452 1749 2505 1800 in

313 1808 526 1858 Memm.
592 1810 719 1859 Tum
741 1811 1112 1873 permutat—erint
1134 1811 1291 1861 habet
1316 1813 1507 1876 Regius
1533 1815 1746 1877 Codex3
1779 1821 1912 1864 teste
1932 1815 2111 1863 Burm.
2180 1813 2314 1863 Item
2338 1815 2506 1863 AEma-

313 1874 385 1922 rio
410 1875 490 1923 vel
514 1875 739 1924 AEnimn‘a
757 1876 954 1926 Medic.
981 1882 1025 1926 l.
1047 1881 1095 1926 3.
1118 1877 1270 1927 Vind.
1291 1880 1342 1926 2.
1372 1878 1467 1927 Ed.
1485 1880 1617 1928 Ven.
1643 1885 1690 1928 1.
1725 1879 1975 1929 AEnorinm
2000 1878 2224 1940 Cop.—5
2260 1878 2506 1927 Beroald.

313 1940 505 2000 primus
544 1939 670 1990 fecit
693 1956 855 1996 nonas.
878 1956 1103 2005 eumque
1134 1948 1254 1992 sunt
1287 1943 1460 1992 secuti
1479 1942 1596 1994 Ald.
1619 1947 1743 1994 Bas.
1776 1944 1957 2006 Steph.
2024 1944 2153 1993 Mox
2175 1944 2346 1992 ominis
2370 1958 2502 2006 prae-

312 2002 437 2053 bent
459 2004 594 2053 Edd.
630 2007 775 2056 Rom.
797 2007 1010 2056 Mediol.
1028 2009 1163 2057 Ven.
1186 2008 1320 2064 duae,
1349 2008 1511 2070 Lugd.
1548 2011 1698 2061 Junt.
1724 2010 1845 2059 Ald.
1866 2011 1989 2059 Bas.
2020 2009 2223 2072 Gryph.
2247 2009 2423 2058 Plant.
2448 2013 2506 2057 et

312 2068 377 2116 al.
408 2083 525 2117 cum
567 2072 732 2121 Codd.
771 2073 1094 2134 quibusdam.
1159 2073 1328 2136 Supra
1367 2074 1419 2122 in
1442 2074 1602 2125 vind.
1641 2080 1687 2124 1.
1709 2076 1848 2136 ferre
1879 2075 2105 2123 inecaret.
2170 2074 2340 2122 Deest
2376 2073 2506 2123 aliud

312 2133 506 2186 Medic.
530 2139 578 2185 1.
602 2137 724 2186 item
747 2153 887 2201 quam
909 2139 982 2188 illi
1007 2147 1062 2188 et
1086 2139 1263 2203 tertio,
1286 2144 1346 2188 ut
1367 2145 1422 2189 et
1454 2138 1722 2203 δυσφημίαν
1760 2140 2045 2191 omiserunt
2077 2139 2208 2190 Edd.
2232 2138 2385 2189 Rom.
2409 2153 2505 2203 pro

1298 2323 1347 2373 N
1355 2322 1521 2374 01*AE

1444 2438 1514 2487 sis
1545 2437 1655 2488 haec
1679 2437 1947 2502 praecipua
1973 2435 2195 2492 videtur,
2222 2433 2340 2484 ideo
2364 2447 2505 2504 nem<

1446 2530 1512 2579 pe
1535 2513 1744 2571 factum,
1769 2522 1827 2563 ut
1863 2521 1982 2563 octo
2022 2511 2207 2561 diebus
2248 2511 2424 2560 rustici
2449 2510 2504 2558 in

309 2438 532 2483 testatur
587 2433 721 2484 idem
791 2434 982 2486 ibidem
1041 2436 1368 2488 Halicarnas.

309 2508 410 2560 Ubi
448 2511 606 2560 etiam
646 2519 850 2562 servata
871 2513 998 2562 dicit
1020 2513 1250 2577 Trojana
1274 2530 1368 2564 nu·

308 2587 465 2647 mina,
499 2601 613 2651 quae
650 2603 820 2638 secum
852 2590 1040 2639 AEneas
1062 2590 1368 2655 advexerat,

309 2663 442 2713 inter
466 2680 580 2728 quae
599 2673 652 2715 et
677 2667 1173 2730 ipsum'Palladium.

371 2748 394 2772 ⁰
444 2744 566 2791 Cum
617 2759 715 2806 rep.
768 2745 1036 2810 Neapolim
1107 2747 1366 2796 Civitates

307 2819 569 2888 nonnullae
590 2821 809 2886 aliquam
830 2820 985 2885 Reip.
1004 2823 1248 2873 Romanae
1264 2820 1367 2874 for-

308 2907 443 2943 mam
479 2895 817 2958 retinuerant,
841 2904 898 2946 ut
926 2912 1083 2960 supra
1107 2914 1154 2950 c.
1187 2903 1269 2948 46.
1312 2904 1368 2948 et

305 2970 383 3020 his
406 2986 500 3021 sua
523 2981 671 3024 erant
694 2974 985 3038 vectigalia,
1002 2976 1099 3025 hoc
1115 2982 1215 3040 est,
1238 2976 1367 3041 pub·

304 3046 391 3096 lici
418 3047 635 3110 reditus,
657 3056 715 3100 ut
752 3065 912 3116 supra
931 3050 1059 3103 ibid.
1090 3052 1142 3102 in
1164 3053 1285 3104 Tib.
1317 3067 1365 3104 c.

309 3120 391 3173 49.
416 3132 473 3173 et
499 3125 637 3174 alibi.

372 3206 398 3240 Ρ
430 3201 660 3266 AEnorio]
695 3202 873 3255 Insula
906 3212 987 3255 est
1016 3205 1068 3255 in
1110 3206 1223 3256 sinu
1260 3206 1365 3255 Pu·

308 3278 514 3327 teolano
538 3295 552 3337 ;
578 3280 653 3329 sic
678 3280 865 3331 dictam
892 3284 1067 3333 volunt
1090 3298 1120 3333 a
1143 3275 1365 3333 statione

279 3356 516 3406 ‘navium
554 3358 750 3408 AEneae.
814 3360 989 3411 Hodie
1026 3361 1203 3411 Ischia.
1270 3362 1383 3411 Ca·.

302 3448 444 3498 preae
473 3450 595 3485 vero
621 3436 783 3500 Capri,
821 3437 886 3487 de
910 3451 1010 3504 qua
1031 3438 1198 3487 insula
1221 3451 1363 3501 saepe

302 3510 359 3560 in
382 3511 609 3561 Tiberio.

367 3597 394 3631 (ι
430 3588 555 3637 Dies
576 3589 818 3653 quondam]
852 3590 972 3641 Hoc
994 3596 1096 3650 est,
1113 3589 1366 3653 peculiari

300 3678 397 3713 sua
419 3666 809 3732 superstitione,
832 3674 1027 3730 praeter
1048 3668 1157 3717 dies
1180 3667 1267 3732 qui
1290 3666 1367 3715 in·

298 3739 459 3812 fattsti
485 3742 691 3806 publice
708 3745 1048 3803 habebantur,
1066 3745 1191 3794 alios
1210 3744 1366 3795 etiam
1391 3795 1396 3802 ,

300 3817 633 3875 observabat,
659 3835 786 3885 quos
810 3820 892 3870 hic
912 3820 1174 3871 recenset.

366 3901 389 3927 ¹·
425 3895 670 3945 Postridie
711 3895 972 3958 nundinas]
1007 3898 1220 3947 Praeter
1254 3897 1365 3947 Ka-

297 3971 504 4035 lendas,
530 3972 727 4037 Nonas,
750 3973 961 4029 etldus,
986 3980 1138 4024 erant
1161 3989 1366 4039 quoque

301 4051 553 4118 inmense
586 4051 821 4102 Romano
857 4052 969 4102 dies
1002 4052 1365 4119 nundinarum,

300 4126 449 4177 feriae
472 4127 676 4178 scilicet
708 4130 881 4193 quales
915 4125 1081 4177 ferme
1110 4128 1162 4177 in
1187 4134 1362 4177 nostro

301 4216 482 4251 mense
502 4202 857 4265 hebdomadae,
890 4219 1008 4254 cum
1046 4205 1144 4255 hoc
1178 4203 1360 4253 discri-

302 4278 458 4341 mine,
484 4279 619 4344 quod
660 4295 795 4331 nono
832 4295 1037 4345 quoque
1070 4280 1153 4330 die
1190 4293 1364 4328 recur-

305 4364 501 4407 rerent.
570 4358 651 4407 Ex
685 4359 836 4409 variis
874 4358 1211 4410 iustitutionis
1245 4372 1365 4407 cau-

1444 2593 1580 2656 agris
1611 2607 1739 2655 opus
1778 2590 2033 2652 facerent,
2064 2603 2199 2637 nono
2223 2594 2395 2637 autem
2420 2585 2505 2635 die

1442 2667 1754 2723 intermisso,
1795 2666 1858 2715 ad
1893 2663 2225 2714 mercandum
2257 2664 2503 2728 legesque

1445 2743 1775 2808 accipiendas
1806 2744 2020 2794 Romam
2058 2743 2314 2803 venirent,
2346 2741 2504 2788 scita-

1444 2836 1545 2887 que
1591 2821 1756 2884 plebis
1799 2827 1852 2870 et
1895 2818 2358 2880 Senatusconsulta
2401 2815 2502 2867 fre·

1443 2899 1713 2965 quentiore
1738 2898 1930 2961 populo
1954 2901 2386 2966 proponerentur.

1506 2984 1526 3009 ⁸
1543 2973 1721 3038 Nonis]
1744 2974 1873 3023 Haec
1888 2979 1969 3023 est
1991 2971 2267 3036 peculiaris
2285 2970 2506 3034 Augusti

1442 3051 1773 3117 superstitio:
1811 3050 2018 3115 publica
2035 3048 2229 3114 quippe
2250 3046 2502 3112 supersti-

1442 3132 1585 3181 tione
1629 3137 1741 3180 ater
1774 3143 1877 3179 non
1913 3132 2030 3177 erat
2074 3124 2340 3175 Nonarum
2378 3121 2510 3185 dies,

1442 3207 1535 3258 sed
1559 3206 1836 3271 posterior,
1862 3201 2293 3268 quemadmodum
2318 3207 2373 3252 et
2396 3200 2504 3249 Ka-

1442 3284 1708 3333 lendarum
1729 3290 1782 3331 et
1805 3281 2011 3343 Iduum,
2030 3287 2090 3329 ut
2111 3285 2259 3328 notat
2284 3292 2349 3327 ex
2372 3277 2507 3325 Ver-

1444 3361 1522 3410 rio
1565 3361 1758 3410 Flacco,
1790 3357 2094 3417 Beroaldus,
2135 3363 2192 3405 et
2225 3369 2292 3404 ex
2329 3353 2506 3402 Nonio

1442 3436 1698 3485 Marcello
1730 3448 1777 3483 c.
1798 3438 1847 3483 2.
1881 3434 1932 3481 in
1970 3445 2099 3481 voce
2138 3430 2272 3479 ‘atri
2292 3428 2306 3450 '
2340 3433 2504 3491 patet.

1443 3511 1610 3577 quue
1655 3518 1872 3575 propter
1923 3506 2207 3557 infortunia
2251 3504 2505 3569 quaedam‚

1442 3603 1558 3653 quae
1585 3586 1766 3636 diebus
1800 3585 1900 3634 illis
1931 3582 2273 3646 contigerant,
2295 3580 2361 3630 de
2395 3580 2506 3644 qui·

1442 3666 1539 3715 bus
1565 3663 1739 3714 Livius
1766 3661 1855 3711 lib.
1880 3674 1960 3710 vt.
1985 3657 2196 3709 decadis
2222 3661 2269 3707 1.
2336 3657 2498 3707 vide-

1443 3742 1514 3791 sis
1538 3742 1691 3791 etiam
1717 3749 1875 3802 super
1910 3737 2007 3787 liac
2047 3749 2103 3785 re
2139 3725 2288 3798 plura
2324 3733 2502 3783 dicen·

1443 3824 1544 3874 tea,
1575 3814 1900 3866 Macrobium
1939 3813 2028 3862 lib.
2062 3825 2099 3860 1.
2122 3825 2168 3862 c.
2196 3814 2275 3860 16.
2299 3817 2355 3860 et
2379 3809 2502 3859 Gel-

1441 3894 1567 3944 lium
1593 3893 1684 3943 lib.
1706 3906 1760 3941 v.
1786 3905 1834 3941 c.
1853 3894 1904 3940 7.

1506 3972 1525 4004 ²
1553 3965 1857 4033 Δυσφημίαν]
1890 3966 2010 4016 Hoc
2045 3970 2144 4020 est,
2186 3963 2501 4015 maledicen-

1441 4049 1590 4109 tiam,
1614 4062 1706 4096 seu
1729 4044 2004 4095 infaustam
2037 4041 2251 4091 nominis
2276 4043 2356 4091 vel
2378 4042 2504 4091 omi·

1443 4113 1521 4173 nis
1545 4119 1994 4186 significationem,
2019 4117 2182 4168 Nonis
2206 4132 2252 4167 v.
2285 4133 2336 4182 g.
2358 4119 2504 4183 quasi

1442 4216 1545 4252 non
1570 4202 1634 4261 is,
1656 4200 1740 4249 cui
1776 4196 1942 4247 simile
1971 4202 2054 4246 est
2078 4195 2213 4260 quod
2237 4195 2303 4244 de
2326 4210 2390 4244 eo
2413 4195 2503 4260 qui

1444 4280 1682 4329 Cauneas
1726 4274 1950 4323 vaenales
1990 4272 2268 4333 clamabat,
2313 4273 2500 4321 Crasso

1444 4368 1626 4404 navem
1663 4350 2068 4411 conscendente,
2099 4348 2245 4414 quasi
2271 4360 2399 4396 cave
2432 4358 2501 4394 ne
