3019 4922
493 345 626 413 294

494 506 701 591 gradu
731 495 1100 587 cujusquef
1131 502 1196 562 et
1228 498 1634 581 temporibus
1663 496 1943 574 militiae,
1975 501 2041 559 et
2070 493 2446 559 commodis
2476 496 2696 559 missi·

495 614 753 685 onum,⁸
808 625 890 669 ne
920 611 1040 668 ant
1080 607 1279 666 aetate
1326 601 1726 684 auh-inopia
1759 606 1917 683 post
1945 598 2333 664 missionem
2368 598 2696 661 solicitari

494 710 581 775 ad
613 729 716 774 res
743 720 965 772 novas
983 711 1316 789 possent.¹
1409 702 1641 787 thue
1671 710 2003 787 perpetuo
2027 721 2108 765 ac
2136 702 2279 765 sine
2306 699 2699 764 difficultate

496 817 751 876 sumtus
782 809 870 875 ad
913 809 1193 873 tuendos
1244 826 1367 871 eos
1409 805 2051 889 prosequendosque
2083 808 2496 887 suppeteret,
2530 821 2699 866 aera-

496 915 664 978 rium
696 912 985 977 militare
1006 907 1032 945 ¹¹
1063 929 1216 975 cum
1260 909 1705 992 vectigalibus
1736 908 1929 972 novis
1957 903 1972 942 ¹
2022 906 2359 969 instituit.²
2450 904 2535 968 Et
2562 923 2697 986 quo

497 1016 774 1081 celerius
827 1034 909 1080 ac
955 1014 1082 1078 sub
1131 1032 1402 1078 manum
1425 1021 1445 1059 ³
1509 1012 1880 1077 annuntiari
1939 1010 2393 1091 cognoscique
2445 1013 2702 1090 posset,

499 1118 662 1202 quid
692 1118 759 1182 in
788 1116 1136 1202 provincia
1167 1135 1437 1199 quaque
1484 1123 1843 1196 gereretur,
1881 1109 2202 1199 juvenes¹¹
2235 1112 2449 1195 primo
2483 1109 2699 1174 modi-

499 1222 599 1285 cis
625 1220 992 1287 intervallis
1027 1239 1149 1303 per
1191 1219 1515 1283 militares
1564 1219 1733 1296 viaS,
1783 1216 2022 1281 dehinc
2074 1209 2421 1291 vehicula,¹
2467 1212 2699 1295 dispo-

1351 357 1416 404 G.
1466 354 1551 404 SU
1568 353 1758 401 ETON
1775 354 1826 400 tl

1408 1385 1466 1404 θ’
1473 1384 1773 1405 0010000000

497 1490 709 1533 sueverat
745 1491 799 1533 et
831 1483 1103 1546 ubicumque
1137 1484 1293 1533 Vind.
1319 1490 1368 1533 1.
1402 1486 1505 1535 mil.
1541 1490 1662 1536 esset
1694 1484 1863 1547 ubiqaoe
1896 1482 2051 1536 Vind.
2085 1484 2233 1530 2.—1
2270 1480 2440 1529 Posset
2462 1477 2697 1529 Harlem.

498 1549 766 1598 Periz.—2
804 1549 1066 1597 Constituit
1087 1550 1242 1600 Fouc.
1266 1550 1462 1599 Medic.
1486 1556 1536 1601 2.
1560 1556 1607 1600 3.
1629 1551 1772 1599 Cort.
1788 1547 1905 1611 Cuj.
1928 1547 2081 1596 Voss.
2101 1546 2276 1594 Periz.
2297 1560 2330 1594 a
2351 1560 2417 1593 m.
2441 1558 2547 1592 sec.
2572 1545 2697 1592 item

498 1612 793 1663 Edd.Vett.
811 1613 957 1662 O.ad
983 1615 1198 1663 Casaub.
1226 1629 1405 1677 usque,
1430 1616 1737 1679 admisitque
1762 1615 1938 1662 Burm.
1962 1612 2012 1659 in
2036 1611 2134 1659 Ed.
2158 1613 2416 1659 suam—3
2435 1608 2535 1657 Sub
2556 1624 2700 1657 manu

498 1677 661 1727 vind.
683 1685 900 1743 uterque
934 1679 1094 1730 Fouc.
1119 1681 1262 1731 Cort.
1286 1680 1400 1730 Pal.
1427 1686 1473 1731 1.
1508 1681 1676 1731 Periz.
1702 1678 1935 1727 Harlem.
1959 1676 2114 1726 Huls.
2137 1675 2275 1724 Edd.
2298 1675 2447 1724 Rom.
2471 1682 2526 1724 et
2547 1674 2700 1723 Vett.

1494 1831 1711 1885 No'rAE

561 1935 584 1960 Θ
617 1927 1041 1993 Proemiorumque]
1076 1932 1157 1980 De
1188 1932 1266 1980 bis
1301 1931 1467 1982 adbuc
1500 1932 1554 1981 in

498 2002 665 2066 Calig.
684 2008 825 2054 c.44.
842 2019 903 2054 ea
921 2007 1055 2055 enim
1075 2007 1301 2071 reduxit,
1320 2015 1376 2057 et
1398 2023 1556 2072 supra

496 2092 545 2128 c.
565 2082 649 2129 24.

561 2151 584 2184 f
608 2156 711 2205 Pro
738 2160 896 2219 gradu
938 2158 1182 2221 cujusque]
1218 2158 1553 2227 Praetorianis

493 2238 612 2295 post
635 2236 714 2283 16.
738 2248 917 2293 annos,
955 2235 1181 2299 quinque
1218 2236 1394 2297 millia,
1432 2236 1551 2285 reli-

496 2309 611 2367 quis
636 2310 768 2373 tria3
802 2311 918 2360 vide
950 2311 1003 2361 in
1034 2311 1192 2374 Calig.
1223 2327 1341 2375 cap.
1361 2315 1443 2362 44.
1469 2313 1552 2362 vel

493 2384 682 2447 gradus
705 2387 938 2451 intellige
962 2388 1028 2438 de
1050 2388 1389 2452 dignitatibus
1422 2390 1552 2440 mili·

494 2461 711 2526 taribus,
731 2472 788 2516 ut
813 2466 1122 2524 tribunatus,
1147 2469 1554 2533 centurionatus,

496 2541 594 2590 &m

560 2625 586 2659 8
609 2619 917 2684 Missionum]
950 2623 1016 2672 In
1034 2623 1068 2674 J
1075 2623 1143 2672 ul.
1168 2637 1213 2672 c.
1235 2627 1286 2673 7.
1326 2630 1381 2673 et
1415 2623 1556 2675 infra

494 2694 608 2745 Tib.
631 2710 677 2749 c.
704 2700 785 2746 48.
800 2705 865 2747 et
890 2699 1052 2762 Calig.
1077 2714 1122 2749 cz
1145 2704 1230 2750 44.

557 2768 581 2803 ¹¹
613 2773 861 2824 AErarium
900 2775 1130 2839 nciliture]
1187 2777 1287 2826 Dio
1329 2777 1418 2827 lib.
1468 2792 1555 2829 nv.

491 2847 786 2905 i'nstitutum
806 2863 985 2906 narrat
1008 2872 1126 2907 anu.
1143 2858 1208 2908 U.
1227 2859 1286 2909 C.
1303 2863 1415 2909 759.
1440 2875 1557 2924 pro-

493 2927 592 2989 prii
635 2929 752 2979 huic
792 2933 976 2981 aerario
1021 2932 1277 2998 praefecti.
1343 2936 1555 2987 Tacitus

491 3002 683 3055 Annal.
710 3020 759 3055 v,
795 3008 1055 3058 ‘claustra
1090 3012 1282 3074 aerarii,
1308 3014 1388 3062 cui
1422 3028 1557 3077 prae-

493 3077 665 3129 fectus
703 3090 838 3141 erat,
873 3091 929 3133 et
967 3086 1242 3137 militarem
1284 3089 1558 3151 pecuniam

493 3154 650 3204 rebus
673 3158 817 3207 novis
840 3159 1123 3211 obtulisse:
1170 3164 1238 3214 Et
1258 3172 1406 3215 vetus
1424 3166 1558 3229 lapis

493 3230 543 3278 in
569 3231 795 3293 Samnio,
814 3250 968 3299 quem
992 3237 1196 3301 Lipsius
1222 3240 1312 3293 lib.
1349 3256 1387 3292 1.
1423 3240 1558 3294 Aun-

490 3307 659 3359 Taciti
683 3309 898 3362 adducit
924 3328 937 3360 :

686 3400 736 3435 1..
760 3399 1009 3441 NnnA'no
1038 3404 1155 3441 e.1··.

686 3478 813 3516 von.
847 3481 1116 3521 Pnocum.

684 3555 861 3593 PRAEF.
882 3557 1073 3594 aarum
1097 3560 1406 3599 mutunus.

555 3618 570 3652 ¹
605 3621 726 3670 Cum
757 3623 1066 3685 vectigalibus
1101 3624 1259 3687 novis]
1294 3627 1370 3674 Ea
1392 3625 1555 3688 fuere,

488 3699 774 3749 centesima
813 3713 985 3749 rerum
1019 3701 1271 3753 venalium
1297 3718 1363 3752 ex
1382 3705 1554 3755 Taciti

489 3775 680 3824 Annal.
721 3790 761 3825 1.
802 3778 1167 3827 ‘centesimam
1203 3795 1372 3830 rerum
1401 3795 1552 3832 vena-

488 3850 613 3900 lium
637 3851 957 3915 deprecante
978 3855 1193 3918 populo,
1213 3857 1551 3910 edixitTibe·

486 3927 612 3989 rius,
666 3929 901 3979 aerarium
947 3931 1170 3983 militare
1212 3948 1276 3983 eo
1319 3935 1551 3986 subsidio

488 4003 638 4053 niti:’
675 4005 806 4054 bona
844 4021 1049 4071 quoque
1085 4009 1461 4076 damnatorum,
1490 4023 1551 4065 ut

488 4079 554 4157 de
597 4079 740 4128 bonis
778 4080 1028 4146 Agrippa}
1069 4085 1289 4148 Augusti
1323 4091 1550 4154 nepotis,

487 4161 665 4203 narrat
682 4155 927 4204 Zonaras.
979 4157 1061 4209 Ad
1088 4163 1224 4224 quod
1249 4165 1403 4215 etiam
1423 4167 1549 4219 Τοπ-

486 4231 683 4297 rentius
728 4230 894 4280 refert
932 4246 1106 4295 poenas
1139 4238 1268 4300 legis
1310 4241 1547 4308 Pappiae,

1637 1928 1871 1994 augendo
1918 1943 2107 1993 nempe
2150 1927 2270 1979 buie
2317 1923 2502 1978 aerario
2542 1936 2701 1987 supra

1638 2023 1751 2071 cap.
1766 2011 1849 2057 34.

1698 2082 1723 2117 ¹¹
1743 2087 1974 2149 Juvenes]
1990 2083 2155 2133 Notat
2175 2080 2398 2131 Casaub.
2422 2093 2513 2128 eos
2537 2076 2699 2126 fuisse

1635 2162 1721 2226 qui
1760 2161 1941 2211 Persis
1963 2158 2136 2223 uagari
2169 2174 2259 2208 seu
2281 2158 2516 2216 astaudus,
2552 2154 2700 2204 Grae·

1635 2238 1708 2287 cis
1736 2236 2129 2287 Hemerodromi
2155 2236 2417 2284 dicuntur.

1698 2313 1711 2349 ¹
1736 2314 1980 2376 Venia-ula]
2013 2314 2181 2376 Idem,
2205 2318 2417 2361 auctore
2450 2307 2546 2356 lib.
2574 2318 2701 2355 vm.

1632 2391 2170 2455 Xenoplionte,Cyrus
2182 2387 2520 2450 excogitarat.
2544 2382 2704 2443 Hinc,

1635 2479 1692 2533 ut
1709 2469 2018 2520 Torrentius
2040 2468 2329 2529 annotavit,
2353 2479 2536 2516 cursus
2564 2459 2705 2511 vebi-

1634 2548 1825 2598 cularis
1858 2547 1994 2610 apud
2018 2545 2416 2597 Juteconsultos
2442 2541 2475 2591 l.
2497 2554 2537 2589 1.
2578 2546 2635 2589 et
2668 2539 2704 2589 1.

1634 2626 1799 2675 ultim.
1851 2623 1908 2678 ff.
1951 2623 2017 2674 de
2079 2638 2217 2673 mun.
2258 2630 2312 2672 et
2351 2621 2533 2670 bonor.
2584 2631 2702 2668 cum

1636 2702 1880 2752 vehiculis
1914 2708 2207 2761 currerent,
2243 2706 2299 2749 et
2338 2698 2473 2763 apud
2500 2697 2703 2746 Cassio·

1636 2779 1834 2837 dorum,
1861 2779 1952 2828 lib.
1977 2792 2052 2828 ιν.
2119 2777 2407 2831 variarum,
2443 2774 2701 2823 ‘Cursua-

1637 2856 1743 2906 les'
1794 2856 1909 2920 equi
1955 2855 2221 2915 dicuntur,
2264 2854 2353 2917 qui
2398 2865 2498 2900 non
2546 2850 2702 2913 junc-

1639 2934 1706 2985 tis
1730 2933 1901 2982 rbedoe
1936 2940 2027 2984 aut
2050 2930 2285 2981 vehiculo
2310 2928 2613 2990 currebant,
2635 2925 2702 2975 ad

1640 3008 1982 3061 differentiam
2032 3008 2355 3062 veredorum,
2400 3007 2486 3070 qui
2530 3005 2702 3058 rhedo

1628 3088 2000 3151 jungebantur.
2066 3085 2235 3150 Hujus
2259 3084 2414 3135 etiam
2444 3083 2704 3147 exemplo,

1641 3180 1823 3214 cursus
1866 3166 1954 3216 ille
1993 3163 2235 3230 publicus
2269 3177 2300 3212 a
2334 3162 2527 3212 ceteris
2560 3169 2703 3223 post-

1639 3240 1845 3290 modum
1869 3239 2269 3304 imperatoribus
2299 3238 2566 3288 institutus
2604 3245 2705 3299 est,

1638 3332 1738 3381 quo
1763 3318 2090 3381 magistratus
2115 3322 2204 3365 aut
2227 3315 2311 3365 alii
2358 3314 2506 3378 Reip.
2548 3330 2705 3366 causa

1639 3395 1780 3443 missi
1806 3394 2035 3457 impensa
2061 3392 2267 3457 publica
2291 3399 2583 3456 uterentur,
2607 3393 2704 3443 sed

1637 3469 2004 3533 diplomatibus
2028 3469 2258 3531 acceptis
2278 3484 2342 3518 ne
2366 3467 2505 3518 fraus
2531 3469 2703 3531 tieret,

1636 3555 1695 3597 ut
1728 3555 1876 3613 patet
1912 3563 1979 3597 ex
2004 3546 2296 3610 Capitolino
2318 3547 2368 3594 in
2396 3547 2702 3609 Pertinace,

1635 3624 1701 3674 de
1724 3625 1837 3688 ipso
1871 3624 2137 3687 loquente,
2171 3638 2201 3671 a
2234 3624 2250 3650 ‘
2271 3621 2489 3684 praeside
2521 3623 2701 3686 Syriae,

1633 3703 1745 3753 sine
1786 3701 2156 3764 diplomatibus
2190 3714 2392 3747 cursum
2418 3715 2702 3763 usurpave-

1633 3788 1742 3831 rat:
1770 3779 1989 3844 pedibus
2006 3779 2073 3831 ab
2092 3776 2369 3826 Antiochia
2390 3776 2457 3825 ad
2481 3779 2700 3841 legatio·

1631 3873 1748 3907 nem
1796 3872 1938 3905 suam
1984 3858 2085 3904 iter
2123 3853 2297 3904 facere
2334 3864 2543 3904 coactus
2587 3856 2702 3906 est!

1632 3936 1763 3988 Quae
1785 3933 2068 3997 diplomata
2107 3931 2353 3981 dicuntur
2391 3932 2696 3982 evectiones

1630 4014 1724 4064 lib.
1761 4027 1847 4063 ιιι.
1898 4012 2027 4062 Cod.
2066 4010 2133 4060 de
2156 4024 2307 4062 cursu
2332 4010 2560 4073 publico,
2597 4027 2695 4076 quo

1631 4093 1745 4142 loco
1780 4091 1930 4154 plura
1974 4103 2132 4153 super
2176 4091 2271 4138 bac
2306 4103 2363 4138 re
2410 4090 2695 4153 principum

1632 4169 1825 4231 placita
1842 4168 2015 4230 legere
2051 4172 2132 4215 est
2158 4181 2173 4225 ;
2213 4165 2333 4215 hinc
2356 4166 2694 4215 vehicularius

1630 4246 1717 4295 ille
1752 4259 1949 4301 cursus,
1981 4257 2131 4309 quem
2157 4242 2425 4295 sustulisse
2448 4244 2694 4308 Capitoli-
