3019 4922
321 539 632 607 convivio
662 540 1029 620 venditare,
1059 541 1448 628 incertoque
1494 563 1657 609 casu
1702 565 1895 628 spem
1935 545 2360 617 mercantium
2392 556 2504 620 vel

317 645 644 723 frustrari,
675 646 782 710 vel
811 647 1080 730 explere
1104 666 1122 726 3
1166 647 1265 711 ita
1296 656 1369 711 ut
1397 668 1515 731 per
1543 648 1845 731 singulos
1882 649 2099 716 lectos
2122 661 2145 700 ⁵
2169 661 2194 690 ⁰
2222 655 2500 724 licitatio

318 748 518 826 fieret,
547 756 615 813 et
644 768 764 813 seu
787 749 1077 834 jactura,
1111 769 1234 814 seu
1261 750 1518 816 lucrum
1547 754 2159 820 communicaretur.
2203 759 2365 840 [76]
2391 760 2503 826 ci·
2541 831 2550 839 χ

315 851 383 914 bi
413 855 599 928 (nam
617 872 700 930 ne
727 853 873 917 haec
897 850 925 891 ⁶
956 853 1226 935 quidem
1250 851 1619 937 omiserim)
1648 855 1902 919 minimi
1934 864 2102 936 erat,
2136 865 2334 943 atque
2353 861 2503 929 'vul-

316 955 493 1034 garis
537 954 697 1019 fere.
794 955 1274 1019 Secundarium
1320 964 1617 1038 panem‚¹’
1669 965 1738 1020 et
1778 958 2144 1041 pisciculos
2189 960 2501 1046 minutos»,

317 1065 381 1121 et
411 1077 681 1121 caseum
712 1059 1033 1121 bubulum
1056 1065 1081 1107 ⁷
1111 1079 1308 1122 manu
1335 1067 1361 1105 ‘¹
1400 1079 1729 1143 pressum,
1759 1068 1828 1126 et
1857 1061 2067 1127 ficos⁸
2116 1066 2359 1132 virides
2402 1072 2503 1134 bi-

301 1158 528 1223 ·feras‘
584 1161 1317 1258 maxime-appetebat:
1365 1162 1892 1246 vescebaturque
1925 1170 1994 1228 et
2035 1173 2189 1231 ante
2239 1189 2503 1245 coenam

316 1281 742 1347 quocumque
788 1270 1087 1347 tempore
1117 1271 1184 1329 et
1208 1262 1389 1342 loco,
1419 1283 1556 1348 quo
1577 1271 1605 1313 ⁹
1634 1265 2018 1331 stomachus
2046 1268 2503 1337 desiderasset.

1206 398 1603 449 OCTAVIUS.

1245 1428 1614 1449 “omne“

315 1558 410 1607 pro
435 1559 485 1593 v.
509 1545 545 1594 1.
570 1545 710 1594 Dun.
765 1546 894 1594 Tum
927 1546 1135 1596 indicare
1171 1548 1418 1597 Fouc.-5
1457 1546 1515 1596 ln
1560 1549 1696 1598 libro
1727 1549 1877 1599 Torr.
1914 1552 2075 1614 locros,
2096 1551 2183 1600 sed
2211 1554 2351 1602 lectos
2381 1555 2501 1606 add.

313 1614 364 1659 in
388 1625 547 1674 marg.
588 1612 730 1672 Lips.
753 1611 921 1660 Elect.
947 1613 979 1659 Ι.
1006 1625 1068 1661 ιι.
1093 1627 1141 1661 c.
1172 1615 1247 1662 1⁷.
1273 1616 1416 1662 locros
1437 1616 1518 1662 vel
1536 1615 1658 1664 lotus
1677 1616 1856 1664 maluit
1880 1618 2124 1666 retinere.
2195 1618 2339 1667 Infra
2361 1622 2504 1670 comi-

313 1680 499 1725 taretur
532 1676 669 1725 idem
707 1675 795 1724 lib.
815 1677 964 1726 Torr.
1001 1691 1094 1739 pro
1132 1679 1501 1728 communion-6
1536 1679 1661 1728 Hoec
1698 1682 1926 1730 retinent
1948 1681 2087 1733 Oud.
2112 1683 2265 1733 Wolf.
2290 1686 2505 1747 Baumg.

315 1741 623 1789 auctoritate
657 1742 867 1791 Memm.
904 1741 1015 1804 (qui
1050 1749 1104 1791 et
1141 1743 1305 1805 want)
1339 1745 1467 1805 Cop.
1505 1744 1700 1793 Medic.
1737 1747 1910 1807 trium,
1936 1747 2087 1795 Vind.
2110 1752 2160 1796 2.
2183 1749 2331 1798 Voss.
2354 1766 2501 1800 acce·

314 1804 470 1853 dente
512 1806 648 1854 Dun.
708 1805 811 1856 Alii
848 1821 964 1855 cum
1002 1807 1135 1856 Edd.
1173 1809 1602 1870 plurimis‚etiam
1628 1811 1805 1859 Burm.
1840 1818 1896 1859 et
1931 1811 2048 1872 Bip.
2083 1812 2167 1859 1³00
2195 1812 2504 1874 praeferunt.

313 1870 375 1919 In
418 1871 577 1920 Fouc.
611 1887 721 1920 num
750 1873 835 1921 Ιιοι·
860 1875 970 1920 aine
1005 1877 1179 1922 vta—⁷
1222 1874 1453 1923 Bubalum
1472 1875 1626 1923 Vind.
1661 1880 1711 1923 2.
1744 1876 1973 1924 Bibulum
2004 1877 2134 1939 Cop.
2162 1877 2354 1928 Medic.
2380 1884 2431 1928 2.
2453 1883 2504 1929 3.

312 1936 455 1985 Dun.
480 1931 628 1986 Voss2
654 1936 770 1999 Cuj.
808 1939 934 1986 Tum
954 1938 1095 2000 Lips.
1119 1953 1337 2002 cumque
1361 1954 1421 1987 eo
1444 1941 1592 1990 Torr.
1620 1940 1906 1990 maluerunt
1929 1956 2063 1990 mune
2080 1957 2305 2005 pressum.
2352 1945 2504 1995 Huls.

314 2015 428 2050 cum
467 2003 569 2052 Ms.
592 2003 809 2051 casaub.
840 2003 998 2053 hahet
1030 2009 1077 2052 et
1114 2009 1369 2053 manu—8
1406 2005 1548 2054 Ficus
1581 2005 1775 2055 Medic.
1813 2009 1862 2055 l.
1890 2011 1938 2056 3.
1978 2007 2110 2069 Cop.
2209 2023 2262 2057 us
2277 2024 2324 2056 v.
2345 2015 2391 2058 et
2417 2010 2502 2070 bis.

318 2066 470 2122 vind.
491 2071 540 2116 2.
579 2068 716 2115 Dein
739 2073 788 2116 et
810 2068 959 2117 deest
985 2076 1101 2130 post
1125 2068 1301 2118 vesceb.
1328 2070 1562 2120 Harlem.
1591 2072 1759 2120 Periz.
1783 2071 1930 2122 Cort.
1956 2071 2087 2120 Edd.
2163 2089 2261 2122 om.
2284 2074 2503 2126 Mediol-

313 2131 538 2196 Venntr.
562 2133 692 2182 Bon.
713 2133 875 2197 Lugd.
933 2133 1215 2184 Vescebatur
1236 2135 1391 2184 etiam
1413 2134 1523 2185 sine
1551 2136 1706 2199 quein
1745 2145 1963 2200 utroque
1990 2138 2244 2187 vium—9
2275 2139 2338 2187 In
2367 2139 2503 2189 Edd.

314 2194 457 2258 Aldi,
481 2197 661 2260 Steph.
686 2199 904 2248 Casaub.
930 2200 1107 2250 Graev.
1152 2215 1227 2262 pr.
1264 2214 1365 2249 non
1402 2210 1671 2264 comparet
1698 2217 1804 2265 quo,
1828 2202 1962 2266 quod
1987 2202 2108 2265 ejici
2132 2205 2341 2252 voluere
2364 2205 2503 2267 Lips.

314 2270 367 2309 et
392 2263 541 2311 Torr.
592 2263 695 2312 Sed
719 2273 866 2313 notat
886 2265 1107 2314 Casaub.
1128 2264 1177 2313 in
1202 2264 1416 2316 membr.
1442 2267 1597 2316 scribi
1622 2272 1670 2316 et
1691 2283 1777 2330 quo
1798 2269 1912 2324 loco,
1938 2276 1992 2316 et
2010 2268 2059 2316 in
2085 2268 2279 2320 Medic.
2305 2273 2347 2317 1.
2373 2273 2419 2318 3.
2441 2285 2502 2318 ac

310 2327 470 2376 ‚Vind.
490 2332 539 2377 2.
563 2328 756 2392 reperit
780 2329 917 2378 Oud.
939 2337 1207 2380 exaratum
1243 2346 1523 2395 quocumque
1551 2332 1754 2397 (quoque
1775 2333 1933 2381 vind.
1970 2337 2047 2397 1.)
2078 2348 2170 2396 quo
2189 2335 2304 2398 loco,
2330 2350 2420 2397 quo
2440 2339 2503 2386 st.

311 2393 447 2442 unde
470 2394 847 2444 emendandum
870 2395 1151 2460 existimat,
1172 2411 1449 2460 qwcnmque
1468 2403 1612 2461 temp.
1634 2413 1814 2461 quoquo
1831 2398 1928 2447 loco
1948 2403 2012 2447 st.
2053 2399 2118 2447 In
2143 2399 2276 2450 Edd.
2303 2400 2433 2450 Ven.
2453 2404 2507 2450 2.

1309 2592 1357 2642 N
1367 2591 1523 2643 0⁹1·AE

375 2712 399 2736 ⁰
431 2703 622 2766 Lecta]
655 2703 810 2755 Libro
832 2720 934 2755 uno
955 2720 1056 2756 non
1087 2706 1222 2755 malo
1240 2705 1368 2755 fror-
1448 2712 1578 2766 tum,
1611 2718 1704 2772 pro
1742 2705 1856 2768 ipsa
1894 2704 2078 2755 arbore
2099 2703 2179 2753 bis
2198 2716 2505 2766 unoquoque

317 2782 516 2831 tentius
539 2782 664 2845 legit
686 2783 846 2840 libros,
868 2784 1009 2849 quod
1032 2784 1219 2848 probat
1249 2784 1368 2847 Lip-
1449 2796 1585 2831 anno
1608 2780 1808 2831 fructus
1842 2783 2049 2843 edente,
2083 2782 2260 2845 quales
2291 2793 2505 2842 praeser-

308 2859 436 2915 sius,
460 2866 549 2909 aut
568 2861 748 2909 saltem
772 2862 912 2924 mm,
933 2861 1069 2926 quod
1096 2860 1230 2910 idem
1249 2869 1368 2920 est3
1440 2859 1543 2908 tim
1578 2858 1706 2908 ficus
1743 2874 1854 2908 esse
1891 2858 2022 2909 dicit
2051 2858 2252 2909 Plinius
2274 2857 2364 2906 lib.
2386 2870 2507 2906 xvi.

308 2943 374 2984 -ut
405 2936 475 2986 sit
496 2950 704 2986 sensus:
743 2938 1076 2988 licitationem
1103 2937 1234 2987 hanc
1257 2935 1367 2987 fac·
1446 2949 1495 2984 c.
1517 2939 1600 2985 26.
1625 2943 1681 2985 et
1702 2939 1785 2986 27.
1847 2935 1961 2984 Has
1979 2934 2213 2999 duplices
2238 2932 2507 2996 appellare

320 3021 428 3062 tam
485 3028 549 3063 eo
593 3014 884 3075 intervallo,
926 3030 1029 3081 quo
1075 3029 1253 3064 manus
1302 3028 1368 3063 ex

306 3090 685 3140 consuetudine
724 3091 966 3142 lavabant
1002 3093 1140 3142 inter
1162 3107 1367 3142 coenan·

307 3168 456 3229 dum,
478 3168 680 3232 quoties
704 3183 891 3233 nempe
923 3170 1251 3220 mutabantur
1267 3169 1369 3220 fer·

307 3244 444 3293 cula.
535 3245 652 3296 Quo
695 3243 830 3294 forte
873 3247 987 3309 plus
1030 3247 1278 3296 acuminis
1313 3254 1370 3297 et

306 3320 640 3382 eruditionis,
659 3335 811 3383 qnam
836 3322 1070 3370 veritatis
1100 3320 1238 3372 insit.

305 3427 313 3433 -
379 3403 405 3438 Ρ
429 3394 770 3445 Semunciarium
789 3397 979 3461 mmm]
1006 3396 1121 3444 Hoc
1139 3404 1237 3453 est,
1259 3397 1368 3459 ple-

306 3473 505 3535 beium,
542 3488 606 3522 ex
645 3475 871 3523 secundo
912 3472 1170 3537 panificio‚
1206 3474 1370 3536 quiet

305 3549 538 3599 Horatio
554 3549 812 3600 secundus
832 3550 1023 3600 dicitur
1041 3551 1195 3615 epist.
1212 3554 1257 3597 1.
1282 3549 1370 3600 lib.

307 3641 384 3676 Ji.
419 3628 435 3655 ‘
458 3627 598 3677 Vivit
621 3629 837 3693 siliquis,
859 3636 915 3678 et
938 3641 1073 3693 pane
1093 3626 1319 3677 secundo
1339 3625 1372 3673 :’

303 3706 511 3768 -primns
547 3713 740 3761 autem.
788 3705 876 3771 qui
920 3706 1134 3755 mundus
1169 3719 1372 3768 quoque

274 3782 608 3837 &dicebatnn
640 3780 805 3831 fiebat
847 3796 911 3831 ex
954 3782 1223 3845 purissimo
1266 3779 1372 3830 fur·

302 3856 449 3917 fure.
519 3859 601 3907 De
640 3858 825 3922 quibus
846 3856 1153 3907 differentiis
1180 3858 1372 3908 videsis

305 3934 541 3983 ‚Plinium
564 3935 655 3983 lib.
681 3947 809 3983 vni.
834 3949 883 3983 c.
903 3939 953 3983 9.

377 4017 401 4052 ¹¹
442 4011 622 4074 Manu]
664 4012 866 4061 Mavult
889 4012 1194 4061 Torrentius
1221 4028 1375 4076 mune,

318 4095 377 4137 ut
396 4088 470 4137 sit
494 4102 693 4147 sensus,
731 4089 925 4137 recenti
963 4102 1112 4136 caseo
1146 4088 1375 4137 delecta·

318 4172 442 4211 tum.
526 4163 686 4213 Certe
730 4165 805 4213 sic
851 4166 1112 4213 stomacho
1147 4164 1376 4213 creditur

319 4240 509 4286 utilior.

380 4322 399 4348 ¹
431 4314 660 4377 Bifercu]
706 4315 941 4366 Biferum
974 4318 1208 4401 appellat
1242 4316 1376 4368 fruc·

1449 3011 1657 3062 videtur
1680 3012 1930 3063 Horatius
1953 3012 2040 3062 lib.
2060 3026 2121 3062 11.
2140 3011 2294 3061 Satir.
2314 3014 2361 3060 2.
2395 3011 2411 3037 ‘
2434 3010 2506 3060 Et

1442 3102 1553 3137 nux
1590 3088 1809 3139 ornabat
1841 3104 2040 3139 mensas
2077 3104 2193 3138 eum
2215 3087 2423 3151 duplice
2446 3085 2505 3135 fi·

1448 3166 1559 3216 cu.’
1619 3166 1721 3216 Hae
1758 3167 2069 3216 athletarum
2104 3166 2392 3231 praesertim
2417 3165 2506 3214 de-

1448 3242 1602 3300 liciae,
1638 3244 1777 3308 quod
1800 3250 1855 3293 et
1885 3245 2136 3309 juvenum
2156 3245 2295 3294 vires
2317 3257 2506 3308 augere

1444 3329 1504 3371 et
1528 3337 1703 3370 senum
1728 3321 1943 3373 reficere
1968 3323 2223 3373 dicantur.
2288 3323 2509 3370 Torren-

1453 3399 1645 3448 tius‘de
1665 3398 1887 3462 quodam
1907 3399 2021 3461 ejus
2037 3400 2174 3462 pomi
2194 3411 2384 3459 genere
2401 3404 2507 3445 tam

1453 3473 1721 3522 Horatium
1747 3488 1898 3536 quam
1919 3474 2221 3522 Suetonium
2245 3472 2507 3533 intelligit.

1446 3537 1580 3596 Dio*
1596 3549 1806 3611 Cassius
1844 3548 1925 3596 his
1966 3548 2172 3597 tandem
2215 3546 2507 3610 Augustum

1452 3627 1612 3676 Livi-2
1634 3624 1904 3676 fraudibus
1924 3634 2166 3676 enectum
2190 3632 2395 3673 narrat:
2422 3623 2511 3673 illa

1452 3705 1645 3769 quippe
1660 3704 1909 3769 Agrippae
1925 3703 2101 3766 nepoti
2124 3700 2507 3752 reconciliatum

1453 3783 1600 3837 iilum
1626 3782 1827 3844 dolens,
1849 3781 2117 3843 veritaque
2152 3795 2239 3843 ne,
2275 3781 2319 3827 si
2346 3779 2505 3828 vitam

1453 3859 1672 3915 diutiusv
1707 3860 1967 3922 traxisset,
2018 3858 2254 3907 Tiberius
2293 3858 2508 3920 imperio

1448 3935 1813 3996 frustraretur,
1847 3935 1976 3985 ficus
2003 3934 2259 3998 ejusmodi
2283 3935 2512 3998 penden-

1454 4020 1535 4061 tes
1560 4012 1624 4061 ab
1645 4013 1827 4060 arbore
1853 4026 2047 4060 veneno
2091 4012 2256 4074 unxit,
2292 4013 2507 4076 illasque

1454 4090 1519 4137 ab
1567 4088 1804 4151 Augusto
1857 4088 2206 4152 decerpendas
2251 4091 2509 4139 illecebris

1454 4175 1511 4216 et
1535 4169 1727 4216 astutia
1748 4168 1987 4217 muliebri
2018 4170 2248 4231 curavit3
2282 4184 2382 4219 non
2404 4183 2510 4218 me·

1420 4266 1429 4277 ι
1454 4243 1676 4305 dicatas,
1698 4258 1825 4307 quas
1849 4252 2018 4301 norat,
2052 4260 2167 4295 cum
2192 4248 2303 4311 ipsa
2325 4246 2507 4295 decer-

1455 4321 1607 4383 peret
1632 4331 1688 4371 et
1712 4335 1812 4371 uua
1838 4325 2188 4374 manducaret.
