3019 4922
2347 400 2475 467 143

287 535 601 619 stigmata
621 544 652 573 ¹²
711 501 1029 622 imposita
1082 558 1218 604 non
1276 540 1834 624 dissimulaverat,
1885 546 2466 628 satisfacientem,o

1271 405 1567 460 JULmS.

287 637 515 706 eadem
547 638 661 705 die
693 640 1000 705 adhibuit
1029 642 1284 720 coenaef
1309 643 1744 731 hospitioque
1788 651 2045 732 patris?
2089 651 2260 735 ejus,
2292 653 2472 719 sicut
2578 735 2583 740 ¹

289 748 663 821 consuerat,
716 744 815 809 uti
867 747 1364 827 perseveravit.⁵
1451 749 1613 832 [74]
1657 750 1793 816 Sed
1848 758 1915 816 et
1960 754 2028 817 in
2086 755 2470 821 ulciscendo

1204 946 1350 968 OOOOO
1355 949 1528 969 ‘Omo
1533 950 1560 969 O

289 1055 509 1119 Arge-4
551 1056 688 1108 Ver-s.
728 1073 828 1110 nou
866 1067 1041 1112 exstat
1080 1062 1130 1127 iu
1167 1062 1401 1115 Hau-lem.
1440 1071 1494 1114 et
1529 1065 1753 1116 Mamm-a
1789 1065 1945 1116 habet
1981 1068 2175 1118 Medic.
2197 1073 2340 1120 1.-5
2377 1069 2465 1121 lta

289 1121 471 1185 Copes.
497 1122 698 1173 Medic.
723 1128 770 1173 1.
807 1133 1071 1190 receptum
1094 1128 1156 1177 ab
1181 1128 1320 1178 Oud.
1344 1138 1398 1180 et
1421 1131 1547 1180 aliis.
1614 1131 1675 1179 In
1707 1131 1917 1181 Memm.
1950 1132 2072 1181 sicut
2103 1141 2370 1197 perseverat
2393 1137 2467 1187 uti

280 1189 613 1251 perseveravit,
627 1196 682 1238 et
697 1192 1023 1241 emendatum
1043 1199 1307 1254 per-suerat.
1343 1196 1570 1245 Heriem.
1593 1195 1733 1245 Sicut
1749 1202 2045 1246 consueverat
2060 1199 2132 1247 ita
2146 1214 2194 1262 p.
2215 1198 2291 1248 sie
2309 1201 2467 1249 etiam

288 1252 410 1302 Ven.
447 1260 578 1304 tres.
607 1262 908 1318 per-sueverat
943 1258 1178 1308 Dunelm.
1216 1260 1361 1310 Voss.
1396 1261 1468 1310 ita
1494 1276 1622 1325 pers.
1660 1262 1736 1310 ati
1759 1262 1929 1312 Periz.
1951 1262 2023 1312 ita
2045 1279 2244 1330 quoque
2268 1279 2361 1329 pro
2392 1267 2467 1315 uti

1275 1421 1485 1495 Nom:

285 1521 413 1580 illius
432 1533 875 1596 praestantissimis
896 1536 1016 1584 viris
1034 1534 1333 1600 familiaris3
1412 1538 1507 1588 sub
1551 1553 1766 1602 persona
1813 1540 2196 1606 Amphitryonis
2220 1559 2234 1593 t
2271 1543 2286 1572 ‘
2311 1545 2469 1595 Mane

285 1623 440 1674 nsque
477 1624 544 1658 eo
569 1611 700 1660 liber
721 1612 772 1661 iu
800 1613 1184 1678 Epigrammate
1207 1616 1332 1665 seri·
1412 1615 1664 1666 arbitratu
1704 1624 1789 1668 tuo
1814 1619 2177 1682 jusjurandum
2201 1620 2352 1682 dabo,
2376 1621 2468 1672 Me

287 1689 469 1750 hendo,
491 1698 554 1741 ut
588 1706 654 1741 ne
692 1693 889 1743 Caesari
911 1695 1117 1760 quidem
1147 1701 1331 1761 peper·
1409 1706 1578 1742 meam
1610 1692 1848 1755 pudicam
1881 1708 1993 1743 esse
2019 1709 2228 1744 uxorem
2253 1698 2471 1748 arbitra·

282 1767 427 1819 cerit.
493 1768 633 1818 Vide
657 1769 793 1819 illius
818 1772 1146 1835 Epigramma
1167 1778 1247 1823 80.

343 1851 377 1877 '¹²
409 1844 691 1910 Mamurra]
730 1845 848 1896 Fuit
888 1849 971 1896 ille
1014 1849 1330 1914 Formianos,

285 1919 497 1970 Caesaris
515 1921 770 1985 quondam
796 1924 1042 1980 exoletus,
1062 1933 1115 1976 et
1140 1926 1188 1974 in
1208 1927 1330 1977 Gal·

283 1996 344 2045 lia
379 1996 647 2047 fabrorum
688 1998 982 2063 praefeetus‚
1034 2002 1122 2067 qui
1159 2009 1331 2053 tantas

286 2075 543 2138 congessit
581 2075 808 2140 divitias,
838 2086 895 2127 ut
922 2081 1096 2129 Romae
1119 2081 1330 2145 primus,

283 2157 490 2200 auctore
530 2150 767 2202 Cornelio
808 2155 1036 2219 Nepote,
1061 2157 1217 2206 totius
1240 2157 1331 2206 do·

284 2242 386 2276 mus
419 2243 528 2277 suae
571 2230 794 2292 parietes
840 2246 1093 2282 marmore
1138 2235 1331 2284 incrus-

283 2306 495 2368 taverit,
516 2306 664 2369 eujus
684 2307 914 2357 meminit
938 2317 993 2359 et
1020 2311 1219 2359 Plinius
1239 2311 1330 2362 lib.

285 2393 479 2433 xxxvt.
517 2398 631 2446 cap.
656 2387 705 2433 6.
729 2384 818 2433 sed
844 2385 986 2434 locus
1016 2386 1085 2435 ibi
1119 2401 1331 2451 eorrup-

280 2458 523 2511 tissimus.
588 2460 818 2511 Catullns
837 2464 936 2527 Ep.
953 2467 1034 2513 30.
1057 2466 1071 2490 ‘
1088 2464 1215 2515 Quis
1235 2466 1331 2515 hoe

280 2545 443 2599 potest
481 2537 695 2588 videre?
730 2540 841 2605 quis
861 2546 1037 2604 potest
1066 2541 1192 2605 pati,
1219 2543 1333 2592 Nisi

279 2612 590 2677 impudicus,
613 2624 667 2666 et
695 2631 874 2674 vorax.
908 2624 962 2667 et
993 2617 1182 2680 helluo,
1218 2619 1334 2667 Ma·

281 2705 503 2741 murram
526 2692 717 2743 habere
737 2693 874 2757 quod
898 2695 1116 2744 Comata
1130 2694 1336 2759 Gallia,’

278 2772 372 2819 διο.
438 2772 515 2820 Et
551 2771 718 2821 adhue
755 2770 890 2821 infra
928 2773 1026 2835 Ep.
1061 2778 1143 2822 68.
1177 2774 1332 2822 ‘Put-

278 2845 399 2894 chre
443 2847 691 2897 convenit
738 2848 1001 2912 improbis,
1052 2850 1331 2899 Mamurrae

278 2952 467 2981 ......
504 2923 833 2987 Caesarique)

339 3005 363 3031 ¹¹
395 2998 664 3063 Stigmata]
700 3000 818 3050 Hoc
853 3008 931 3050 est
976 2999 1199 3051 infamiae
1244 3016 1332 3051 uo·

279 3080 388 3135 tas3
444 3075 607 3136 dueta
641 3077 936 3139 metaphora
981 3091 1012 3126 a
1055 3078 1330 3139 stigmatis,

277 3150 384 3199 sive
407 3149 545 3199 notis
568 3149 888 3213 quibusdam,
912 3167 1037 3216 quas
1062 3152 1225 3200 vultui
1250 3154 1331 3201 vel

276 3225 434 3277 fronti
468 3227 766 3276 nocentium
796 3242 1056 3277 servorum
1094 3226 1232 3277 ferro
1256 3228 1331 3278 in·

277 3302 522 3365 urebant,
560 3304 869 3368 quandoque
919 3304 1126 3357 literas:
1195 3304 1331 3355 unde

275 3375 496 3429 Plautus
520 3379 572 3428 in
603 3379 806 3442 Casina,
827 3394 1028 3429 servum
1058 3380 1136 3429 his
1160 3380 1331 3429 litera·

276 3469 387 3504 rum
417 3456 556 3505 notis
580 3456 828 3519 insignem
853 3459 1084 3522 appellat
1119 3465 1133 3487 ⁴
1159 3459 1330 3508 litera-

275 3531 425 3593 tum‚'
448 3531 571 3582 Act.
593 3546 655 3582 n.
693 3534 778 3583 Se.
796 3538 845 3584 6.
883 3549 955 3583 vs.
979 3537 1061 3585 48.
1100 3534 1329 3583 Martial.

274 3615 288 3635 ⁸
313 3609 551 3661 Quatuor
574 3610 805 3674 inseripti
824 3611 1106 3675 portabant
1130 3612 1229 3661 vile
1247 3626 1329 3661 ea·

275 3684 475 3735 daven-3

337 3769 362 3794 ⁰
398 3762 803 3827 satisfacientem]
841 3764 1151 3815 Satisfacere
1175 3767 1329 3816 ‘dixe-

273 3846 417 3900 runt,
440 3853 556 3888 eum
580 3841 666 3903 qui
686 3840 855 3890 verbis
872 3842 1078 3892 laeserat
1094 3844 1332 3907 alterum,

267 3918 475 3978 juraret
507 3930 679 3966 coram
722 3917 964 3983 testibus,
992 3920 1127 3968 nolle
1165 3934 1224 3970 se
1268 3936 1333 3971 ea

272 3992 439 4042 dicta.
503 3993 713 4042 Terent.
745 3994 797 4042 in
823 3993 1072 4058 Adelphis
1113 3995 1231 4046 Act.
1267 4012 1329 4050 n.

272 4070 433 4119 Scen-
466 4072 512 4119 1.
575 4070 604 4099 1‘
625 4069 995 4133 Jusjnrandam
1033 4070 1240 4122 dabitur
1276 4080 1331 4124 te

269 4162 392 4198 esse
413 4147 687 4212 Indignum
718 4148 903 4213 injuria
925 4147 1064 4213 hae?
1128 4152 1199 4199 Et
1221 4151 1330 4201 Do-

271 4225 464 4275 nat.ad
483 4225 615 4275 hune
626 4226 812 4289 locum,
826 4235 879 4275 et
897 4226 1115 4276 Plautus
1131 4227 1183 4275 iu
1206 4226 1329 4276 Am-

271 4304 571 4368 phttryoue,
593 4301 711 4355 Aet.
732 4316 820 4354 m.
847 4303 1004 4355 seen.
1025 4308 1077 4355 2.
1120 4303 1330 4368 Jupiter

1414 1769 1546 1819 rier.'
1613 1770 1859 1834 Ulpianus
1896 1771 1982 1820 lib.
2025 1786 2079 1820 v.
2118 1774 2215 1836 §Q
2260 1771 2318 1822 ff.
2360 1776 2374 1801 ‘
2400 1775 2469 1825 de

1412 1848 1609 1913 injuriis
1647 1856 1702 1898 et
1745 1846 1952 1899 famosis
2002 1849 2192 1898 libellis
2214 1850 2246 1899 :'
2308 1852 2323 1879 ‘
2352 1852 2467 1902 Hae

1412 1926 1528 1988 lege
1567 1926 1888 1990 permittitur
1922 1926 2085 1975 actori
2114 1924 2468 1991 jusjurandum

1412 2001 1639 2065 deferre,
1674 2009 1732 2053 ut
1774 2018 1889 2053 reus
1914 2004 2082 2069 juret,
2123 2005 2362 2067 injuriam
2409 2018 2468 2054 se

1411 2092 1515 2128 non
1557 2077 1781 2144 fecisse,'
1819 2083 1920 2131 &m
2007 2080 2072 2129 Iu
2124 2081 2241 2131 Tib.
2285 2086 2367 2133 27.
2413 2090 2469 2132 et

1413 2156 1595 2207 Claud.
1619 2162 1700 2207 38.

1475 2239 1502 2274 Ρ
1553 2233 1868 2298 Hospitioque
1902 2234 2082 2298 patris]
2141 2237 2222 2285 De
2257 2236 2468 2286 Verona

1412 2314 1809 2376 intelligendum
1834 2313 2056 2374 videtur,
2080 2313 2168 2363 sed
2194 2312 2244 2362 in
2284 2314 2471 2382 Trans·

1410 2383 1641 2455 padau'as
1659 2391 1894 2454 regiones
1916 2396 2032 2453 post
2052 2390 2334 2453 triumphos
2350 2389 2469 2438 ivis-

1411 2484 1468 2519 se
1502 2469 1782 2524 Coesarem,
1815 2482 1963 2517 nemo
1997 2468 2321 2532 antiquorum
2348 2483 2470 2516 auc-

1414 2545 1626 2595 toritate
1643 2545 1869 2604 dixerit3
1904 2544 2057 2607 paulo
2080 2545 2214 2593 enini
2242 2551 2358 2607 post
2383 2560 2467 2594 oc-

1413 2623 1548 2672 cisus
1570 2628 1665 2672 est.
1718 2622 1835 2671 Hac
1857 2627 1912 2670 et
1934 2620 2047 2669 aliis
2072 2620 2354 2669 rationibus
2379 2621 2468 2669 ad·

1412 2696 1556 2747 ducti
1595 2696 1816 2747 Casaub.
1839 2695 1940 2751 hic,
1973 2704 2028 2744 et
2061 2695 2276 2758 Joseph.
2307 2695 2469 2744 Scali-

1413 2787 1506 2835 ger
1542 2773 1592 2821 iu
1634 2772 1772 2821 notis
1809 2771 1874 2819 ad
1917 2769 2124 2820 Eusebii
2160 2770 2470 2834 Ch‘ronicon,

1412 2863 1550 2897 num.
1576 2859 1881 2898 mncccczx.
1915 2845 2144 2895 Suetonii
2184 2845 2279 2894 hac
2319 2853 2467 2909 parte

1413 2925 1781 2989 negligentiam
1805 2929 2067 2972 accusant.
2133 2923 2324 2971 Verum
2342 2923 2466 2984 quid

1411 3002 1451 3050 si
1477 3001 1667 3066 scripta
1709 3008 1831 3050 aute
1861 2998 2168 3062 triumphos,
2196 3005 2250 3046 et
2274 2997 2466 3048 condo-

1410 3087 1536 3130 nata
1591 3080 1830 3129 dicantur
1885 3075 2292 3140 epigrammata?
2343 3075 2468 3127 licet

1411 3157 1545 3206 enim
1588 3155 1817 3205 Ponticae
1850 3159 1905 3203 et
1929 3153 2230 3215 Hispanicae
2276 3152 2463 3214 praedae

1412 3233 1755 3298 mentio,quae
1792 3232 1842 3280 in
1877 3230 1975 3279 illis
1997 3230 2237 3289 habetur,
2259 3228 2466 3297 confec-

1415 3309 1480 3358 tis
1502 3309 1747 3358 adversus
1787 3307 2106 3356 Pharnacem
2144 3311 2198 3353 et
2243 3303 2477 3367 Pompe--

1414 3385 1487 3435 ios
1526 3384 1696 3446 bellis,
1731 3384 1924 3447 scripta
1957 3382 2116 3432 fuisse
2151 3381 2467 3445 persuadere

1413 3461 1691 3523 videatnr3
1727 3460 1887 3510 nihilo
1933 3466 2104 3509 tamen
2144 3459 2324 3513 miuus,
2348 3473 2465 3508 cum

1410 3538 1620 3601 direpta
1641 3537 1709 3585 ab
1732 3551 1792 3584 eo
1815 3532 2008 3583 fuerint
2033 3542 2153 3583 ante
2183 3534 2232 3582 id
2261 3542 2464 3595 tempus

1412 3614 1765 3664 Lusitanorum
1803 3610 2012 3673 oppida,
2051 3618 2110 3659 ut
2151 3623 2305 3672 supra
2342 3622 2463 3672 cap.

1410 3696 1493 3742 54.
1527 3692 1710 3740 retulit
1738 3686 2031 3745 Suetonius,
2066 3691 2119 3733 et
2165 3684 2336 3734 Rhodi
2367 3683 2465 3733 eti-

1413 3782 1618 3816 amnum
1653 3779 1809 3830 agens
1832 3760 2156 3811 Mithridatis
2190 3757 2462 3822 praefectos

1411 3843 1689 3906 expulerit,
1714 3847 1773 3890 ut
1808 3839 1964 3888 etiam
1994 3850 2156 3900 supra
2179 3850 2294 3900 cap.
2325 3840 2373 3885 5.
2397 3837 2463 3886 de

1410 3920 1511 3969 illis
1535 3916 1848 3982 temporibus
1872 3912 2007 3962 forte
2033 3918 2204 3975 posset
2226 3910 2464 3977 intelligi.

1411 3997 1502 4049 sin
1526 3995 1709 4051 minus,
1731 3992 1881 4041 aliam
1917 3996 2118 4053 quoque
2143 3989 2332 4038 Catulli
2370 4004 2463 4053 pa·

1412 4073 1499 4136 tri,
1523 4085 1672 4136 quam
1696 4083 1808 4133 quae
1831 4072 1944 4115 erat
1967 4065 2017 4113 in
2042 4066 2251 4128 regione
2274 4065 2463 4114 Trans-

1410 4149 1634 4213 paderna,
1673 4144 1876 4196 domum
1911 4140 2071 4191 fuisse
2109 4143 2361 4205 suspicor,
2406 4142 2460 4190 in

1408 4239 1560 4292 quam
1602 4223 1778 4272 Caesar
1821 4226 1937 4284 post
1971 4217 2464 4280 reconciliationem,

1406 4299 1678 4354 occasione
1696 4297 1835 4364 data,
1853 4294 2139 4347 diverterit.
