3019 4922
2378 440 2509 506 283

324 598 455 662 lum
480 617 607 683 par
639 597 1048 681 postulatum
1079 596 1410 662 distulerit
1439 599 1506 662 in
1538 596 1921 681 sequentis⁸
1953 597 2087 662 diei
2116 597 2507 665 matutinam

327 707 603 782 tempuS‚
631 700 1112 784 edixeritque,W
1153 705 1173 735 ‘
1199 700 1522 764 Mulieres
1555 708 1707 763 ante
1737 699 1971 764 horam
1999 702 2302 782 quintam
2323 712 2349 738 ¹
2392 722 2507 766 ve-

325 801 504 864 nire⁹
546 804 617 867 in
659 804 1007 878 theatrum,
1053 823 1186 867 non
1231 802 1550 887 placere!
1636 800 1800 886 [45]
1847 803 2006 886 Ipse
2038 803 2390 868 Circenses
2419 824 2508 868 ex

326 904 684 970 amicorum
714 905 847 969 fere
876 908 1398 990 libertorumque
1421 911 1472 943 ¹0
1516 908 1928 971 coenaculis&
1972 905 2367 990 spectabat,⁸
2411 908 2510 970 in-

327 1007 582 1072 terdum
604 1029 650 1072 e
680 1010 1059 1093 pulvinari?
1100 1015 1170 1073 et
1203 1008 1466 1093 quidem
1499 1028 1648 1072 cum
1681 1008 1962 1093 conjuge
1994 1028 2075 1074 ac
2105 1008 2357 1088 liberiS‚
2403 1030 2509 1074 se-

1214 454 1612 503 OCTAVIUS.

1239 1190 1595 1211 OO‘NO‘OOOO‘

328 1305 533 1353 Mamm.
567 1305 689 1355 Lisl.
728 1306 940 1356 Plurimi
976 1307 1129 1357 codd.
1164 1304 1219 1358 et
1252 1308 1396 1367 editi,
1420 1309 1557 1358 inter
1577 1323 1704 1372 qiros
1725 1307 1841 1357 Pal.
1878 1312 1983 1357 tres
2008 1305 2143 1358 Edd.
2174 1307 2301 1357 Var.
2322 1307 2507 1358 Pitisc.

324 1367 511 1418 habeut
532 1371 800 1420 muliebrem
814 1387 980 1421 sexum
995 1389 1190 1423 omnem.
1239 1373 1383 1435 Alii,
1410 1382 1544 1423 teste
1567 1373 1794 1425 Tui-neb.
1818 1371 1953 1421 Adv.
1982 1385 2097 1421 xiv.
2122 1376 2203 1421 15.
2227 1370 2510 1435 praeferunt

325 1435 542 1484 muliebre
561 1451 701 1484 sexus
717 1443 962 1488 omna—8
995 1440 1054 1487 In
1075 1439 1360 1502 insequentis
1383 1440 1594 1489 Memm.
1631 1439 1784 1487 Huls.
1819 1438 1939 1502 Cuj.
1973 1436 2166 1487 Medic.
2200 1443 2264 1486 tr.
2288 1438 2432 1487 Voss.
2454 1445 2511 1487 et

326 1499 397 1547 ita
419 1499 631 1548 edidere
657 1501 793 1550 Oud.
818 1511 870 1550 et
892 1501 1048 1553 Wolf.
1096 1504 1223 1552 Mox
1249 1504 1443 1554 Medic.
1468 1509 1515 1554 l.
1540 1503 1744 1553 edixerit
1766 1517 1956 1567 quoque.
1980 1502 2095 1565 Cuj.
2117 1501 2242 1551 edix.
2268 1517 2357 1564 quo
2379 1519 2507 1550 m.-

325 1568 356 1612 9
393 1565 613 1614 Venirent
638 1566 847 1616 Memm.
870 1567 1066 1618 Medic.
1088 1572 1137 1617 2.
1163 1569 1275 1634 Cuj.
1297 1571 1447 1619 Voss.
1472 1568 1607 1619 Edd.
1634 1567 1848 1634 Raphel.
1864 1576 1918 1616 et
1941 1567 2292 1618 Casaub.—10
2318 1568 2511 1617 Libero·

1307 1730 1518 1782 No'rAE

327 1824 496 1887 yelati‚
515 1824 632 1874 hinc
654 1825 875 1877 foeminis
891 1829 1025 1878 haud
1048 1829 1236 1895 injuria
1259 1844 1376 1895 pro·

324 1900 535 1950 bibitum
555 1919 566 1947 :
602 1901 653 1951 in
674 1899 857 1953 Claud.
875 1921 921 1955 c.
944 1909 1024 1956 34.
1344 1965 1347 1970 ,

384 1982 415 2007 '¹
447 1977 786 2041 Edixerieque]
820 1980 1009 2030 Edicto
1029 1980 1234 2044 publice
1257 1995 1374 2044 pro-

326 2053 492 2116 posito
526 2054 847 2117 significarit,
873 2056 939 2106 de
977 2072 1078 2122 quo
1111 2058 1159 2107 in
1192 2059 1302 2110 Jul.
1325 2073 1371 2109 c.

324 2132 403 2177 20.
425 2134 507 2179 49.
530 2138 586 2179 et
609 2146 746 2194 saepe
770 2133 912 2182 alias.

382 2212 408 2238 ¹
440 2207 570 2255 Ante
589 2207 754 2258 horam
768 2209 1003 2273 quintam]
1039 2210 1158 2259 Hoc
1179 2217 1261 2259 est
1279 2210 1374 2260 cir·

323 2280 455 2330 citer
486 2284 824 2334 undecimam.
888 2287 1046 2337 Diem
1079 2288 1215 2337 enim
1250 2302 1374 2337 non-

323 2357 417 2407 nisi
443 2358 493 2407 in
528 2360 800 2411 duodecim
833 2362 984 2412 boras
1020 2363 1276 2428 integrum
1299 2364 1373 2414 di-

323 2434 584 2499 videbant,
605 2437 669 2487 ab
694 2446 808 2489 ortu
833 2438 1041 2497 solisad
1065 2455 1322 2492 occasum.

382 2520 404 2555 5
442 2514 728 2578 Coenaculis]
770 2515 885 2566 Nec
926 2517 1064 2565 enim
1108 2517 1159 2566 in
1205 2518 1378 2580 Circo,

323 2596 372 2637 ut
396 2603 512 2654 cap.
548 2593 860 2654 praecedenti
897 2600 1127 2643 notatum
1158 2602 1258 2653 est,
1295 2609 1376 2644 se·

322 2673 519 2730 paratae
555 2666 765 2717 fuerunt
801 2669 952 2719 sedes
985 2669 1219 2725 Senatui,
1254 2677 1376 2719 ante

322 2743 610 2802 Claudium,
646 2751 701 2794 ut
736 2753 883 2811 patet
914 2761 979 2794 ex
1003 2761 1051 2795 c.
1074 2749 1158 2794 21.
1193 2745 1375 2795 Claud.

320 2826 373 2868 et
390 2819 650 2885 equitibus
671 2830 793 2871 ante
819 2823 1096 2883 Neronem,
1115 2822 1242 2871 utin
1258 2822 1373 2886 ejus

320 2896 425 2946 vita
458 2911 506 2947 c.
530 2901 721 2948 ll.nec
754 2905 812 2948 ut
836 2899 1121 2948 verosimile
1154 2905 1253 2959 est,
1272 2899 1372 2963 ipsi

321 2973 571 3038 Principi‚
606 2984 850 3025 nascente
890 2975 1171 3025 etiamnum
1217 2976 1377 3039 impe·

312 3051 412 3101 rio.
481 3052 815 3102 Coenaculum
858 3051 959 3103 fnit
1003 3053 1242 3117 superior
1286 3054 1377 3103 do·

319 3144 428 3179 mus
469 3130 721 3179 universae
757 3145 894 3194 pars,
923 3129 999 3181 sic
1035 3128 1174 3180 dicta
1211 3146 1241 3180 a
1274 3145 1378 3196 quo

319 3214 553 3271 tempore
577 3207 648 3256 ibi
672 3209 919 3258 coenitare
940 3215 1228 3271 coeperunt.
1293 3206 1378 3258 Ad

317 3282 448 3332 hanc
471 3284 625 3339 scalis
644 3285 723 3332 vel
749 3284 969 3334 cochleis
986 3284 1376 3346 ascendebatur,

319 3367 477 3424 atque
510 3366 568 3408 ut
603 3359 876 3422 plurimum
912 3367 1091 3409 tenues
1127 3361 1378 3409 duntaxat

319 3450 379 3484 ac
402 3443 620 3499 egentes
659 3436 769 3486 haec
802 3437 916 3486 loca
948 3437 1229 3491 habitanda
1255 3449 1377 3485 con-

316 3513 598 3563 ducebant.
664 3514 814 3564 Unde
866 3515 1110 3567 Juvenal.
1163 3515 1274 3563 Sat.
1320 3526 1378 3562 x.

317 3591 334 3617 ‘
360 3592 525 3640 Rarus
574 3592 716 3640 venit
770 3592 823 3640 in
878 3591 1146 3640 coenacula
1198 3589 1379 3639 miles.’

320 3667 557 3717 Praedam
595 3681 780 3730 nempe
812 3667 1112 3734 quaerendo,
1133 3667 1220 3716 ubi
1254 3680 1378 3715 non·

319 3745 417 3793 nisi
448 3759 740 3808 pauperes3
773 3753 826 3795 et
863 3742 1255 3795 coenaculariam
1291 3757 1380 3792 ex·

321 3834 501 3870 ercere
525 3820 651 3870 dicti
687 3827 826 3882 sunt,
849 3821 937 3885 qui
970 3836 1086 3869 cum
1124 3827 1258 3870 totas
1289 3818 1378 3869 do‘·

320 3908 429 3945 mos
451 3897 732 3947 conductas
765 3896 1034 3959 haberent,
1053 3896 1255 3961 singula
1277 3910 1380 3945 coe-

324 3973 505 4021 nacula
527 3972 786 4037 inquilinis
815 3967 1104 4028 elucebant,
1127 3978 1379 4035 quaestum

324 4047 441 4097 inde
483 4057 792 4113 quaerentes.
858 4049 943 4097 De
989 4047 1174 4112 quibus
1219 4048 1378 4098 etiam

318 4120 457 4171 infra
479 4136 528 4172 c.
552 4127 634 4172 78.

385 4207 405 4230 ²
452 4197 728 4262 Spectabat]
795 4199 993 4250 Merito
1046 4198 1377 4249 casaubonus

326 4274 409 4322 liic
444 4275 737 4339 addubitat,
763 4291 880 4325 num
915 4292 945 4325 e
977 4276 1254 4325 coenaculis
1288 4276 1378 4324 do-

325 4363 515 4400 morum
560 4352 714 4402 Circo
775 4351 1056 4402 vicinarum
1104 4352 1376 4402 Circenses

1455 1829 1564 1879 ludi
1581 1828 1843 1879 commode
1859 1828 2083 1893 spectari
2099 1832 2323 1893 possent.
2356 1825 2510 1875 Unde

1455 1906 1749 1970 suspicatur
1771 1906 2137 1972 illawcoenacula
2156 1904 2205 1953 in
2226 1905 2336 1966 ipso
2350 1901 2511 1962 fuisse

1455 1982 1629 2043 Circo,
1664 1980 1727 2031 ad
1763 1996 1877 2030 eum
1910 1979 2048 2029 forte
2079 1981 2287 2029 modum
2318 1994 2421 2043 qno
2454 1987 2510 2029 et

1455 2059 1716 2108 coenacula
1752 2056 1979 2120 fuerunt,
2015 2064 2070 2106 et
2106 2053 2322 2105 officinae
2355 2068 2512 2117 super

1456 2148 1519 2184 ea
1550 2135 1770 2198 porticu,
1801 2146 1951 2198 quam
1990 2133 2041 2180 in
2076 2131 2336 2181 exteriore
2369 2130 2513 2179 Circi

1457 2220 1606 2277 parte
1647 2210 1926 2275 descripsit
1959 2208 2382 2258 Halicarnasseus
2424 2205 2513 2254 lib.

1456 2302 1542 2339 ιιι.
1569 2288 1664 2337 sub
1684 2287 1867 2347 finem3
1890 2301 2002 2351 quae
2023 2284 2159 2335 idem
2179 2282 2511 2334 casaubonus

1456 2364 1721 2424 existimat
1759 2378 1853 2429 per
1897 2376 2138 2413 censores
2183 2361 2243 2410 iis
2290 2360 2514 2418 siccata,

1456 2441 1545 2507 qui
1569 2440 1958 2493 coenaculariam
1975 2437 2255 2500 faciebant,
2275 2452 2305 2487 a
2327 2436 2514 2502 quibus

1457 2527 1639 2584 postea
1685 2518 1916 2580 inquilini
1960 2515 2353 2566 conducebant:
2410 2527 2513 2576 quo

1454 2595 1647 2658 posito,
1664 2592 1943 2652 coenacula,
1959 2605 2174 2656 quorum
2196 2590 2279 2639 hic
2300 2588 2359 2638 fit
2373 2602 2513 2637 meu-

1452 2670 1549 2731 tio,
1569 2662 1909 2732 ¹intelligenda
1926 2658 2044 2716 sunt
2070 2665 2330 2715 conducta
2353 2663 2512 2713 fuisse

1451 2745 1519 2795 ab
1535 2745 1713 2795 amicis
1731 2744 1952 2806 Augusti
1973 2749 2027 2793 et
2042 2742 2264 2802 libertis,
2283 2741 2345 2789 ad
2363 2755 2515 2803 spec·

1453 2824 1598 2873 tandi
1634 2821 1978 2881 facilitatem3
2013 2834 2128 2884 quae
2170 2826 2339 2867 tamen
2377 2816 2514 2865 hand

1451 2901 1562 2950 scio
1605 2896 1669 2949 an
1717 2898 1877 2948 fuerit
1915 2911 2057 2947 mens
2096 2895 2516 2955 Halicarnassei;

1458 2978 1664 3027 videtur
1706 2976 1841 3026 enim
1877 2972 2030 3025 cellas
2067 2987 2159 3023 seu
2202 2973 2312 3037 ipsa
2346 2985 2517 3023 coena·

1458 3056 1594 3110 cula,
1623 3069 1725 3103 non
1762 3054 1928 3101 minus
1967 3066 2028 3101 ac
2061 3048 2310 3106 officinas,
2335 3063 2514 3097 ascen-

1458 3132 1688 3183 dentium
1713 3139 1767 3180 et
1790 3128 2213 3181 descendentium
2247 3127 2357 3176 usui
2380 3140 2517 3180 com-

1457 3210 1675 3259 modiori
1711 3208 2020 3272 assignasse,
2044 3220 2107 3255 ne
2144 3211 2225 3256 tot
2257 3206 2396 3254 inter
2426 3203 2518 3252 ho·

1458 3285 1653 3334 minum
1677 3284 1836 3333 millia
1875 3280 2111 3332 confusio
2144 3281 2382 3345 quaedam
2415 3280 2516 3328 ori-

1461 3368 1625 3410 retur.

1524 3443 1548 3470 ⁸
1581 3433 1857 3496 Pulvinari]
1887 3435 1974 3483 De
1995 3431 2339 3497 pulvinaribus
2362 3444 2519 3493 supra

1459 3514 1512 3564 in
1534 3515 1643 3567 Jul.
1666 3529 1782 3578 cap.
1806 3517 1887 3564 ⁷6.
1935 3512 2040 3560 Hic
2066 3511 2305 3574 pulvinar
2329 3509 2517 3558 intelli-

1460 3592 1601 3655 gitur
1632 3592 1775 3640 locus
1802 3589 1889 3638 ille
1914 3586 2076 3648 Circi,
2098 3584 2185 3635 nbi
2210 3578 2519 3634 simulachra

1461 3668 1708 3726 Deorum,
1766 3670 2043 3728 postquam
2099 3673 2289 3724 pompa
2331 3673 2519 3722 magna

1460 3743 1600 3792 circa
1621 3747 1783 3790 metas
1810 3743 2016 3802 gestata
2050 3734 2277 3796 fuerant,
2299 3732 2521 3783 colloca-

1458 3818 1685 3877 bantur-3
1720 3828 1873 3880 quem
1908 3813 2075 3861 locum
2101 3811 2151 3859 in
2177 3810 2341 3873 prima
2374 3824 2523 3874 spec-

1461 3894 1748 3945 taculorum
1768 3889 1938 3940 fronte
1962 3886 2140 3949 fuisse,
2161 3886 2418 3948 Augustus
2441 3887 2519 3950 ip.

1459 3976 1624 4020 semet
1658 3967 1842 4026 innuit,
1866 3963 2001 4013 infra
2036 3962 2085 4011 in
2122 3963 2303 4012 claud.
2329 3977 2445 4025 cap.
2469 3966 2521 4014 4.

1460 4047 1600 4096 Hinc
1624 4044 1783 4106 igitur
1815 4039 2125 4105 quandoque
2148 4038 2437 4101 spectabat,
2460 4046 2519 4089 ut

1459 4118 1722 4184 majestati
1748 4132 1851 4165 suae
1882 4115 2204 4176 consuleret3
2235 4115 2309 4162 sin
2333 4115 2519 4173 minus,

1460 4196 1524 4247 ad
1550 4193 1908 4245 declinandam
1932 4189 2193 4241 affectatoe
2227 4189 2514 4238 divinitatis

1460 4272 1726 4328 invidiam,
1750 4271 1801 4321 in
1825 4269 2105 4320 amicorum
2140 4266 2435 4317 coenaculis.
