<?xml version="1.0" encoding="UTF-8"?>
<!DOCTYPE html PUBLIC "-//W3C//DTD XHTML 1.0 Transitional//EN"
    "http://www.w3.org/TR/xhtml1/DTD/xhtml1-transitional.dtd">
<html xmlns="http://www.w3.org/1999/xhtml" xml:lang="en" lang="en">
 <head>
  <title>
</title>
<meta http-equiv="Content-Type" content="text/html;charset=utf-8" />
  <meta name='ocr-system' content='tesseract 3.04.00' />
  <meta name='ocr-capabilities' content='ocr_page ocr_carea ocr_par ocr_line ocrx_word'/>
</head>
<body>
  <div class='ocr_page' id='page_1' title='image "./operaomniaexedi04suetgoog_0358.png"; bbox 0 0 3019 4922; ppageno 0'>
   <div class='ocr_carea' id='block_1_1' title="bbox 531 410 661 476">
    <p class='ocr_par' dir='ltr' id='par_1_1' title="bbox 531 410 661 476">
     <span class='ocr_line' id='line_1_1' title="bbox 531 410 661 476; baseline 0 0"><span class='ocrx_word' id='word_1_1' title='bbox 531 410 661 476; x_wconf 80' lang='lat'><strong>348</strong></span> 
     </span>
    </p>
   </div>
   <div class='ocr_carea' id='block_1_2' title="bbox 448 549 2730 1577">
    <p class='ocr_par' dir='ltr' id='par_1_2' title="bbox 448 549 2730 1577">
     <span class='ocr_line' id='line_1_2' title="bbox 534 549 2724 649; baseline -0.002 -13"><span class='ocrx_word' id='word_1_2' title='bbox 534 571 667 649; x_wconf 88' lang='lat' dir='ltr'><strong>Ibi,</strong></span> <span class='ocrx_word' id='word_1_3' title='bbox 697 569 924 634; x_wconf 82' lang='lat' dir='ltr'><strong>donec·</strong></span> <span class='ocrx_word' id='word_1_4' title='bbox 944 568 1208 634; x_wconf 88' lang='lat' dir='ltr'><strong>residua</strong></span> <span class='ocrx_word' id='word_1_5' title='bbox 1240 568 1493 633; x_wconf 86' lang='lat' dir='ltr'><strong>diurni³</strong></span> <span class='ocrx_word' id='word_1_6' title='bbox 1528 574 1778 646; x_wconf 80' lang='lat' dir='ltr'><strong>actuS,⁰</strong></span> <span class='ocrx_word' id='word_1_7' title='bbox 1808 573 1923 631; x_wconf 91' lang='lat' dir='ltr'><strong>aut</strong></span> <span class='ocrx_word' id='word_1_8' title='bbox 1953 564 2204 644; x_wconf 87' lang='lat' dir='ltr'><strong>omnia,</strong></span> <span class='ocrx_word' id='word_1_9' title='bbox 2245 549 2360 631; x_wconf 85' lang='lat' dir='ltr'><strong>aut</strong></span> <span class='ocrx_word' id='word_1_10' title='bbox 2386 585 2473 630; x_wconf 85' lang='lat' dir='ltr'><strong>ex</strong></span> <span class='ocrx_word' id='word_1_11' title='bbox 2508 567 2724 631; x_wconf 84' lang='lat' dir='ltr'><strong>maxi-</strong></span> 
     </span>
     <span class='ocr_line' id='line_1_3' title="bbox 534 665 2718 756; baseline -0.003 -18"><span class='ocrx_word' id='word_1_12' title='bbox 534 693 644 738; x_wconf 90' lang='lat' dir='ltr'><strong>ma</strong></span> <span class='ocrx_word' id='word_1_13' title='bbox 674 680 891 756; x_wconf 89' lang='lat' dir='ltr'><strong>parte,</strong></span> <span class='ocrx_word' id='word_1_14' title='bbox 920 672 1293 748; x_wconf 86' lang='lat' dir='ltr'><strong>conficeret,</strong></span> <span class='ocrx_word' id='word_1_15' title='bbox 1322 672 1404 735; x_wconf 93' lang='lat' dir='ltr'><strong>ad</strong></span> <span class='ocrx_word' id='word_1_16' title='bbox 1458 671 1736 735; x_wconf 89' lang='lat' dir='ltr'><strong>multam</strong></span> <span class='ocrx_word' id='word_1_17' title='bbox 1787 677 2052 735; x_wconf 90' lang='lat' dir='ltr'><strong>noctem</strong></span> <span class='ocrx_word' id='word_1_18' title='bbox 2100 670 2550 754; x_wconf 83' lang='lat' dir='ltr'><strong>permanebat.</strong></span> <span class='ocrx_word' id='word_1_19' title='bbox 2640 665 2718 732; x_wconf 89' lang='lat' dir='ltr'><strong>In</strong></span> 
     </span>
     <span class='ocr_line' id='line_1_4' title="bbox 533 772 2716 857; baseline -0.001 -18"><span class='ocrx_word' id='word_1_20' title='bbox 533 776 785 840; x_wconf 90' lang='lat' dir='ltr'><strong>lectum</strong></span> <span class='ocrx_word' id='word_1_21' title='bbox 851 773 1004 838; x_wconf 91' lang='lat' dir='ltr'><strong>inde</strong></span> <span class='ocrx_word' id='word_1_22' title='bbox 1049 782 1528 857; x_wconf 87' lang='lat' dir='ltr'><strong>transgressus,</strong></span> <span class='ocrx_word' id='word_1_23' title='bbox 1585 793 1716 837; x_wconf 91' lang='lat' dir='ltr'><strong>non</strong></span> <span class='ocrx_word' id='word_1_24' title='bbox 1780 772 2089 855; x_wconf 88' lang='lat' dir='ltr'><strong>amplius,</strong></span> <span class='ocrx_word' id='word_1_25' title='bbox 2152 790 2305 837; x_wconf 89' lang='lat' dir='ltr'><strong>cum</strong></span> <span class='ocrx_word' id='word_1_26' title='bbox 2358 773 2716 855; x_wconf 89' lang='lat' dir='ltr'><strong>plurimum</strong></span> 
     </span>
     <span class='ocr_line' id='line_1_5' title="bbox 535 875 2725 962; baseline -0 -21"><span class='ocrx_word' id='word_1_27' title='bbox 535 897 734 962; x_wconf 90' lang='lat' dir='ltr'><strong>quam</strong></span> <span class='ocrx_word' id='word_1_28' title='bbox 754 884 786 925; x_wconf 83' lang='grc'><strong>4</strong></span> <span class='ocrx_word' id='word_1_29' title='bbox 812 886 1072 959; x_wconf 83' lang='lat' dir='ltr'>septem</span> <span class='ocrx_word' id='word_1_30' title='bbox 1104 876 1324 952; x_wconf 87' lang='lat' dir='ltr'><strong>horas,</strong></span> <span class='ocrx_word' id='word_1_31' title='bbox 1353 876 1747 952; x_wconf 84' lang='lat' dir='ltr'><strong>dormiebat,</strong></span> <span class='ocrx_word' id='word_1_32' title='bbox 1778 894 1861 939; x_wconf 91' lang='lat' dir='ltr'><strong>ac</strong></span> <span class='ocrx_word' id='word_1_33' title='bbox 1907 894 1991 940; x_wconf 91' lang='lat' dir='ltr'><strong>ne</strong></span> <span class='ocrx_word' id='word_1_34' title='bbox 2035 895 2149 940; x_wconf 89' lang='lat' dir='ltr'><strong>eas</strong></span> <span class='ocrx_word' id='word_1_35' title='bbox 2194 875 2460 960; x_wconf 91' lang='lat' dir='ltr'><strong>quidem</strong></span> <span class='ocrx_word' id='word_1_36' title='bbox 2507 875 2725 941; x_wconf 91' lang='lat' dir='ltr'><strong>conti-</strong></span> 
     </span>
     <span class='ocr_line' id='line_1_6' title="bbox 533 979 2724 1066; baseline -0.001 -21"><span class='ocrx_word' id='word_1_37' title='bbox 533 1000 727 1066; x_wconf 77' lang='lat' dir='ltr'><strong>nuaS,</strong></span> <span class='ocrx_word' id='word_1_38' title='bbox 772 980 890 1046; x_wconf 88' lang='lat' dir='ltr'><strong>sed</strong></span> <span class='ocrx_word' id='word_1_39' title='bbox 922 981 1081 1044; x_wconf 87' lang='lat' dir='ltr'><strong>utin</strong></span> <span class='ocrx_word' id='word_1_40' title='bbox 1107 989 1130 1027; x_wconf 82' lang='lat'>⁵</span> <span class='ocrx_word' id='word_1_41' title='bbox 1160 979 1277 1044; x_wconf 90' lang='lat' dir='ltr'><strong>illo</strong></span> <span class='ocrx_word' id='word_1_42' title='bbox 1310 980 1632 1062; x_wconf 87' lang='lat' dir='ltr'><strong>temporis</strong></span> <span class='ocrx_word' id='word_1_43' title='bbox 1665 979 1886 1062; x_wconf 87' lang='lat' dir='ltr'><strong>spatio</strong></span> <span class='ocrx_word' id='word_1_44' title='bbox 1916 984 2017 1044; x_wconf 89' lang='lat' dir='ltr'><strong>ter</strong></span> <span class='ocrx_word' id='word_1_45' title='bbox 2045 985 2163 1043; x_wconf 89' lang='lat' dir='ltr'><strong>aut</strong></span> <span class='ocrx_word' id='word_1_46' title='bbox 2193 986 2429 1062; x_wconf 90' lang='lat' dir='ltr'><strong>quater</strong></span> <span class='ocrx_word' id='word_1_47' title='bbox 2477 998 2724 1062; x_wconf 86' lang='lat' dir='ltr'><strong>exper-</strong></span> 
     </span>
     <span class='ocr_line' id='line_1_7' title="bbox 536 1081 2725 1165; baseline -0.001 -18"><span class='ocrx_word' id='word_1_48' title='bbox 536 1084 922 1165; x_wconf 87' lang='lat' dir='ltr'><strong>gisceretur.</strong></span> <span class='ocrx_word' id='word_1_49' title='bbox 1011 1083 1085 1147; x_wconf 90' lang='lat' dir='ltr'><strong>Si</strong></span> <span class='ocrx_word' id='word_1_50' title='bbox 1114 1081 1580 1165; x_wconf 89' lang='lat' dir='ltr'><strong>interruptum⁶</strong></span> <span class='ocrx_word' id='word_1_51' title='bbox 1603 1101 1907 1146; x_wconf 89' lang='lat' dir='ltr'><strong>somnum</strong></span> <span class='ocrx_word' id='word_1_52' title='bbox 1930 1093 2346 1165; x_wconf 87' lang='lat' dir='ltr'><strong>recuperare,</strong></span> <span class='ocrx_word' id='word_1_53' title='bbox 2378 1086 2448 1145; x_wconf 88' lang='lat' dir='ltr'><strong>ut</strong></span> <span class='ocrx_word' id='word_1_54' title='bbox 2473 1083 2725 1161; x_wconf 87' lang='lat' dir='ltr'><strong>evenit,</strong></span> 
     </span>
     <span class='ocr_line' id='line_1_8' title="bbox 450 1181 2730 1269; baseline 0 -19"><span class='ocrx_word' id='word_1_55' title='bbox 450 1255 469 1268; x_wconf 32' lang='lat' dir='ltr'><em>s</em></span> <span class='ocrx_word' id='word_1_56' title='bbox 534 1181 666 1250; x_wconf 78' lang='lat' dir='ltr'><strong>nou</strong></span> <span class='ocrx_word' id='word_1_57' title='bbox 693 1192 946 1269; x_wconf 86' lang='lat' dir='ltr'><strong>posset,</strong></span> <span class='ocrx_word' id='word_1_58' title='bbox 973 1185 1336 1250; x_wconf 86' lang='lat' dir='ltr'><strong>lectoribus</strong></span> <span class='ocrx_word' id='word_1_59' title='bbox 1368 1190 1483 1249; x_wconf 91' lang='lat' dir='ltr'><strong>aut</strong></span> <span class='ocrx_word' id='word_1_60' title='bbox 1526 1183 2012 1249; x_wconf 85' lang='lat' dir='ltr'><strong>fabulatoribus</strong></span> <span class='ocrx_word' id='word_1_61' title='bbox 2055 1184 2394 1249; x_wconf 87' lang='lat' dir='ltr'><strong>arcessitis</strong></span> <span class='ocrx_word' id='word_1_62' title='bbox 2437 1204 2730 1250; x_wconf 90' lang='lat' dir='ltr'><strong>resume·</strong></span> 
     </span>
     <span class='ocr_line' id='line_1_9' title="bbox 533 1286 2727 1374; baseline -0.001 -20"><span class='ocrx_word' id='word_1_63' title='bbox 533 1291 676 1366; x_wconf 86' lang='lat' dir='ltr'><strong>bat,</strong></span> <span class='ocrx_word' id='word_1_64' title='bbox 706 1288 1244 1374; x_wconf 86' lang='lat' dir='ltr'><strong>producebatque</strong></span> <span class='ocrx_word' id='word_1_65' title='bbox 1273 1290 1444 1354; x_wconf 89' lang='lat' dir='ltr'><strong>ultra</strong></span> <span class='ocrx_word' id='word_1_66' title='bbox 1466 1290 1787 1371; x_wconf 87' lang='lat' dir='ltr'><strong>primam⁷</strong></span> <span class='ocrx_word' id='word_1_67' title='bbox 1820 1308 2003 1372; x_wconf 84' lang='lat' dir='ltr'><strong>saepe</strong></span> <span class='ocrx_word' id='word_1_68' title='bbox 2027 1289 2267 1352; x_wconf 91' lang='lat' dir='ltr'><strong>lucem.</strong></span> <span class='ocrx_word' id='word_1_69' title='bbox 2337 1286 2489 1352; x_wconf 91' lang='lat' dir='ltr'><strong>Nec</strong></span> <span class='ocrx_word' id='word_1_70' title='bbox 2522 1287 2591 1351; x_wconf 89' lang='lat' dir='ltr'><strong>in</strong></span> <span class='ocrx_word' id='word_1_71' title='bbox 2625 1294 2727 1351; x_wconf 91' lang='lat' dir='ltr'><strong>te·</strong></span> 
     </span>
     <span class='ocr_line' id='line_1_10' title="bbox 448 1388 2726 1475; baseline -0.002 -17"><span class='ocrx_word' id='word_1_72' title='bbox 448 1455 451 1458; x_wconf 78' lang='grc'>,</span> <span class='ocrx_word' id='word_1_73' title='bbox 534 1391 762 1454; x_wconf 87' lang='lat' dir='ltr'><strong>nebris</strong></span> <span class='ocrx_word' id='word_1_74' title='bbox 796 1388 1099 1468; x_wconf 72' lang='lat' dir='ltr'><strong>vigilavit</strong></span> <span class='ocrx_word' id='word_1_75' title='bbox 1125 1411 1446 1475; x_wconf 90' lang='lat' dir='ltr'><strong>unquam,</strong></span> <span class='ocrx_word' id='word_1_76' title='bbox 1473 1390 1609 1454; x_wconf 90' lang='lat' dir='ltr'><strong>nisi</strong></span> <span class='ocrx_word' id='word_1_77' title='bbox 1656 1390 1995 1455; x_wconf 88' lang='lat' dir='ltr'><strong>assidente</strong></span> <span class='ocrx_word' id='word_1_78' title='bbox 2045 1389 2295 1474; x_wconf 89' lang='lat' dir='ltr'><strong>aliquo.</strong></span> <span class='ocrx_word' id='word_1_79' title='bbox 2388 1390 2726 1455; x_wconf 89' lang='lat' dir='ltr'><strong>Matutina</strong></span> 
     </span>
     <span class='ocr_line' id='line_1_11' title="bbox 534 1491 2730 1577; baseline -0 -20"><span class='ocrx_word' id='word_1_80' title='bbox 534 1493 765 1577; x_wconf 85' lang='lat' dir='ltr'><strong>vigilia</strong></span> <span class='ocrx_word' id='word_1_81' title='bbox 792 1491 1286 1559; x_wconf 83' lang='lat' dir='ltr'><strong>offendebatur:</strong></span> <span class='ocrx_word' id='word_1_82' title='bbox 1333 1513 1415 1559; x_wconf 91' lang='lat' dir='ltr'><strong>ac</strong></span> <span class='ocrx_word' id='word_1_83' title='bbox 1446 1495 1505 1558; x_wconf 92' lang='lat' dir='ltr'><strong>si</strong></span> <span class='ocrx_word' id='word_1_84' title='bbox 1557 1494 1656 1558; x_wconf 86' lang='lat' dir='ltr'><strong>vel</strong></span> <span class='ocrx_word' id='word_1_85' title='bbox 1680 1492 1908 1572; x_wconf 91' lang='lat' dir='ltr'><strong>officii,</strong></span> <span class='ocrx_word' id='word_1_86' title='bbox 1940 1494 2044 1558; x_wconf 88' lang='lat' dir='ltr'><strong>vel</strong></span> <span class='ocrx_word' id='word_1_87' title='bbox 2086 1494 2264 1559; x_wconf 90' lang='lat' dir='ltr'><strong>sacri</strong></span> <span class='ocrx_word' id='word_1_88' title='bbox 2293 1514 2501 1559; x_wconf 93' lang='lat' dir='ltr'><strong>causa</strong></span> <span class='ocrx_word' id='word_1_89' title='bbox 2521 1501 2549 1542; x_wconf 77' lang='grc' dir='ltr'><strong><em>Ρ</em></strong></span> <span class='ocrx_word' id='word_1_90' title='bbox 2584 1512 2730 1557; x_wconf 89' lang='lat' dir='ltr'><strong>ma—</strong></span> 
     </span>
    </p>
   </div>
   <div class='ocr_carea' id='block_1_3' title="bbox 1374 423 1854 474">
    <p class='ocr_par' dir='ltr' id='par_1_3' title="bbox 1374 423 1854 474">
     <span class='ocr_line' id='line_1_12' title="bbox 1374 423 1854 474; baseline -0.004 -1"><span class='ocrx_word' id='word_1_91' title='bbox 1374 427 1436 473; x_wconf 82' lang='lat' dir='ltr'><strong>C.</strong></span> <span class='ocrx_word' id='word_1_92' title='bbox 1487 423 1854 474; x_wconf 70' lang='lat' dir='ltr'><strong>SUE&#39;roNu</strong></span> 
     </span>
    </p>
   </div>
   <div class='ocr_carea' id='block_1_4' title="bbox 1449 1677 1823 1700">
    <p class='ocr_par' dir='ltr' id='par_1_4' title="bbox 1449 1677 1823 1700">
     <span class='ocr_line' id='line_1_13' title="bbox 1449 1677 1823 1700; baseline 0.005 -2"><span class='ocrx_word' id='word_1_93' title='bbox 1449 1677 1823 1700; x_wconf 52' lang='lat' dir='ltr'><strong>OCNOWN</strong></span> 
     </span>
    </p>
   </div>
   <div class='ocr_carea' id='block_1_5' title="bbox 534 1789 2734 2314">
    <p class='ocr_par' dir='ltr' id='par_1_5' title="bbox 534 1789 2734 2314">
     <span class='ocr_line' id='line_1_14' title="bbox 535 1789 2729 1855; baseline 0.001 -16"><span class='ocrx_word' id='word_1_94' title='bbox 535 1792 657 1841; x_wconf 79' lang='lat' dir='ltr'><strong>riam</strong></span> <span class='ocrx_word' id='word_1_95' title='bbox 678 1789 893 1855; x_wconf 80' lang='lat' dir='ltr'><strong>habeat)</strong></span> <span class='ocrx_word' id='word_1_96' title='bbox 916 1793 1058 1841; x_wconf 88' lang='lat' dir='ltr'><strong>Dun.</strong></span> <span class='ocrx_word' id='word_1_97' title='bbox 1080 1791 1232 1843; x_wconf 83' lang='lat' dir='ltr'><strong>codd.</strong></span> <span class='ocrx_word' id='word_1_98' title='bbox 1266 1793 1501 1843; x_wconf 86' lang='lat' dir='ltr'><strong>omuibus</strong></span> <span class='ocrx_word' id='word_1_99' title='bbox 1526 1794 1665 1844; x_wconf 90' lang='lat' dir='ltr'><strong>Oud.</strong></span> <span class='ocrx_word' id='word_1_100' title='bbox 1688 1799 1742 1843; x_wconf 86' lang='lat' dir='ltr'><strong>et</strong></span> <span class='ocrx_word' id='word_1_101' title='bbox 1765 1793 1902 1844; x_wconf 87' lang='lat' dir='ltr'><strong>Edd.</strong></span> <span class='ocrx_word' id='word_1_102' title='bbox 1925 1795 2073 1844; x_wconf 86' lang='lat' dir='ltr'><strong>Vett.</strong></span> <span class='ocrx_word' id='word_1_103' title='bbox 2097 1792 2253 1843; x_wconf 84' lang='lat' dir='ltr'><strong>alium</strong></span> <span class='ocrx_word' id='word_1_104' title='bbox 2276 1791 2389 1842; x_wconf 89' lang='lat' dir='ltr'><strong>ord.</strong></span> <span class='ocrx_word' id='word_1_105' title='bbox 2411 1790 2518 1846; x_wconf 83' lang='lat' dir='ltr'><strong>dat,</strong></span> <span class='ocrx_word' id='word_1_106' title='bbox 2540 1789 2653 1840; x_wconf 89' lang='lat' dir='ltr'><strong>scil.</strong></span> <span class='ocrx_word' id='word_1_107' title='bbox 2674 1789 2729 1841; x_wconf 68' lang='grc' dir='ltr'><strong>ἐκ</strong></span> 
     </span>
     <span class='ocr_line' id='line_1_15' title="bbox 534 1852 2729 1920; baseline -0 -14"><span class='ocrx_word' id='word_1_108' title='bbox 534 1857 687 1906; x_wconf 66' lang='lat' dir='ltr'><strong>lentie.</strong></span> <span class='ocrx_word' id='word_1_109' title='bbox 708 1871 757 1905; x_wconf 80' lang='lat' dir='ltr'><strong>se</strong></span> <span class='ocrx_word' id='word_1_110' title='bbox 778 1858 957 1906; x_wconf 67' lang='grc' dir='ltr'><strong>ἰκανὸν.</strong></span> <span class='ocrx_word' id='word_1_111' title='bbox 982 1852 1130 1920; x_wconf 78' lang='lat' dir='ltr'><strong>quem</strong></span> <span class='ocrx_word' id='word_1_112' title='bbox 1149 1859 1378 1908; x_wconf 87' lang='lat' dir='ltr'><strong>restituit</strong></span> <span class='ocrx_word' id='word_1_113' title='bbox 1393 1860 1529 1909; x_wconf 89' lang='lat' dir='ltr'><strong>solus</strong></span> <span class='ocrx_word' id='word_1_114' title='bbox 1548 1859 1690 1910; x_wconf 88' lang='lat' dir='ltr'><strong>Oud.</strong></span> <span class='ocrx_word' id='word_1_115' title='bbox 1707 1860 1886 1910; x_wconf 83' lang='lat' dir='ltr'><strong>Edidit</strong></span> <span class='ocrx_word' id='word_1_116' title='bbox 1905 1860 2089 1909; x_wconf 87' lang='lat' dir='ltr'><strong>Pitisc.</strong></span> <span class='ocrx_word' id='word_1_117' title='bbox 2109 1874 2159 1908; x_wconf 82' lang='lat' dir='ltr'><strong>se</strong></span> <span class='ocrx_word' id='word_1_118' title='bbox 2178 1859 2232 1907; x_wconf 76' lang='lat' dir='ltr'><strong>in</strong></span> <span class='ocrx_word' id='word_1_119' title='bbox 2253 1858 2406 1908; x_wconf 76' lang='lat' dir='ltr'><strong>lectic.</strong></span> <span class='ocrx_word' id='word_1_120' title='bbox 2428 1856 2522 1906; x_wconf 89' lang='lat' dir='ltr'><strong>Ed.</strong></span> <span class='ocrx_word' id='word_1_121' title='bbox 2542 1857 2729 1920; x_wconf 80' lang='lat' dir='ltr'><strong>Camp-</strong></span> 
     </span>
     <span class='ocr_line' id='line_1_16' title="bbox 535 1921 2727 1988; baseline 0 -19"><span class='ocrx_word' id='word_1_122' title='bbox 535 1923 693 1972; x_wconf 85' lang='lat' dir='ltr'><strong>etiam</strong></span> <span class='ocrx_word' id='word_1_123' title='bbox 717 1923 1044 1972; x_wconf 63' lang='lat' dir='ltr'><strong>lecticam—3</strong></span> <span class='ocrx_word' id='word_1_124' title='bbox 1078 1923 1318 1974; x_wconf 70' lang='lat' dir='ltr'><strong>Diaeus-ni·</strong></span> <span class='ocrx_word' id='word_1_125' title='bbox 1343 1925 1491 1976; x_wconf 85' lang='lat' dir='ltr'><strong>Cort.</strong></span> <span class='ocrx_word' id='word_1_126' title='bbox 1515 1926 1694 1988; x_wconf 80' lang='lat' dir='ltr'><strong>Camp.</strong></span> <span class='ocrx_word' id='word_1_127' title='bbox 1731 1926 1858 1975; x_wconf 80' lang='lat' dir='ltr'><strong>Mox</strong></span> <span class='ocrx_word' id='word_1_128' title='bbox 1882 1941 1907 1974; x_wconf 84' lang='lat' dir='ltr'><strong>e</strong></span> <span class='ocrx_word' id='word_1_129' title='bbox 1926 1940 2055 1975; x_wconf 76' lang='lat' dir='ltr'><strong>max.</strong></span> <span class='ocrx_word' id='word_1_130' title='bbox 2078 1926 2293 1973; x_wconf 85' lang='lat' dir='ltr'><strong>Memm.</strong></span> <span class='ocrx_word' id='word_1_131' title='bbox 2315 1939 2378 1973; x_wconf 76' lang='lat' dir='ltr'><strong>ex</strong></span> <span class='ocrx_word' id='word_1_132' title='bbox 2397 1936 2572 1983; x_wconf 75' lang='lat' dir='ltr'><strong>magna</strong></span> <span class='ocrx_word' id='word_1_133' title='bbox 2594 1921 2727 1984; x_wconf 69' lang='lat' dir='ltr'><strong>Cop-</strong></span> 
     </span>
     <span class='ocr_line' id='line_1_17' title="bbox 537 1987 2729 2054; baseline 0 -19"><span class='ocrx_word' id='word_1_134' title='bbox 537 1988 705 2036; x_wconf 83' lang='lat' dir='ltr'><strong>Deest</strong></span> <span class='ocrx_word' id='word_1_135' title='bbox 729 2001 948 2050; x_wconf 89' lang='lat' dir='ltr'><strong>praepos.</strong></span> <span class='ocrx_word' id='word_1_136' title='bbox 972 1987 1166 2038; x_wconf 86' lang='lat' dir='ltr'><strong>Medic.</strong></span> <span class='ocrx_word' id='word_1_137' title='bbox 1192 1993 1238 2039; x_wconf 93' lang='lat'><strong>1.</strong></span> <span class='ocrx_word' id='word_1_138' title='bbox 1264 2005 1294 2038; x_wconf 82' lang='lat' dir='ltr'><strong>a</strong></span> <span class='ocrx_word' id='word_1_139' title='bbox 1316 2006 1382 2038; x_wconf 91' lang='lat' dir='ltr'><strong>m.</strong></span> <span class='ocrx_word' id='word_1_140' title='bbox 1406 1995 1581 2054; x_wconf 76' lang='lat' dir='ltr'><strong>pr.—4</strong></span> <span class='ocrx_word' id='word_1_141' title='bbox 1615 1991 1838 2040; x_wconf 80' lang='lat' dir='ltr'><strong>Fastidit</strong></span> <span class='ocrx_word' id='word_1_142' title='bbox 1864 1989 2017 2039; x_wconf 90' lang='lat' dir='ltr'><strong>Vind.</strong></span> <span class='ocrx_word' id='word_1_143' title='bbox 2045 1995 2089 2039; x_wconf 92' lang='lat'><strong>1.</strong></span> <span class='ocrx_word' id='word_1_144' title='bbox 2110 1988 2168 2037; x_wconf 72' lang='grc' dir='ltr'><strong>τὸ</strong></span> <span class='ocrx_word' id='word_1_145' title='bbox 2187 2004 2342 2052; x_wconf 79' lang='lat' dir='ltr'><strong>quam.</strong></span> <span class='ocrx_word' id='word_1_146' title='bbox 2386 1988 2521 2037; x_wconf 86' lang='lat' dir='ltr'><strong>Item</strong></span> <span class='ocrx_word' id='word_1_147' title='bbox 2539 1987 2729 2036; x_wconf 83' lang='lat' dir='ltr'><strong>absunt</strong></span> 
     </span>
     <span class='ocr_line' id='line_1_18' title="bbox 534 2052 2731 2118; baseline 0 -19"><span class='ocrx_word' id='word_1_148' title='bbox 534 2063 641 2099; x_wconf 77' lang='lat' dir='ltr'><strong>cum</strong></span> <span class='ocrx_word' id='word_1_149' title='bbox 659 2052 781 2112; x_wconf 82' lang='lat' dir='ltr'><strong>plur.</strong></span> <span class='ocrx_word' id='word_1_150' title='bbox 807 2067 837 2099; x_wconf 89' lang='lat' dir='ltr'><strong>a</strong></span> <span class='ocrx_word' id='word_1_151' title='bbox 861 2052 1002 2102; x_wconf 89' lang='lat' dir='ltr'><strong>Cort.</strong></span> <span class='ocrx_word' id='word_1_152' title='bbox 1027 2061 1080 2101; x_wconf 88' lang='lat' dir='ltr'><strong>et</strong></span> <span class='ocrx_word' id='word_1_153' title='bbox 1113 2053 1246 2105; x_wconf 81' lang='lat' dir='ltr'><strong>Edd.</strong></span> <span class='ocrx_word' id='word_1_154' title='bbox 1271 2056 1419 2104; x_wconf 85' lang='lat' dir='ltr'><strong>Rom.</strong></span> <span class='ocrx_word' id='word_1_155' title='bbox 1449 2071 1587 2117; x_wconf 81' lang='lat' dir='ltr'><strong>quam</strong></span> <span class='ocrx_word' id='word_1_156' title='bbox 1603 2058 1730 2118; x_wconf 81' lang='lat' dir='ltr'><strong>plur.</strong></span> <span class='ocrx_word' id='word_1_157' title='bbox 1767 2056 1934 2105; x_wconf 84' lang='lat' dir='ltr'><strong>Periz.</strong></span> <span class='ocrx_word' id='word_1_158' title='bbox 1988 2053 2124 2105; x_wconf 85' lang='lat' dir='ltr'><strong>Dein</strong></span> <span class='ocrx_word' id='word_1_159' title='bbox 2143 2061 2193 2103; x_wconf 82' lang='lat' dir='ltr'><strong>at</strong></span> <span class='ocrx_word' id='word_1_160' title='bbox 2215 2070 2274 2103; x_wconf 80' lang='lat' dir='ltr'><strong>ne</strong></span> <span class='ocrx_word' id='word_1_161' title='bbox 2298 2054 2457 2103; x_wconf 88' lang='lat' dir='ltr'><strong>Fouc.</strong></span> <span class='ocrx_word' id='word_1_162' title='bbox 2482 2052 2567 2115; x_wconf 89' lang='lat' dir='ltr'><strong>qui</strong></span> <span class='ocrx_word' id='word_1_163' title='bbox 2607 2064 2731 2100; x_wconf 80' lang='lat' dir='ltr'><strong>mox</strong></span> 
     </span>
     <span class='ocr_line' id='line_1_19' title="bbox 536 2119 2728 2181; baseline 0 -18"><span class='ocrx_word' id='word_1_164' title='bbox 536 2122 590 2163; x_wconf 78' lang='lat' dir='ltr'><strong>ut</strong></span> <span class='ocrx_word' id='word_1_165' title='bbox 614 2131 743 2164; x_wconf 77' lang='lat' dir='ltr'><strong>even.</strong></span> <span class='ocrx_word' id='word_1_166' title='bbox 767 2132 921 2181; x_wconf 67' lang='grc' dir='ltr'><strong>τροπῳ.</strong></span> <span class='ocrx_word' id='word_1_167' title='bbox 941 2133 1036 2165; x_wconf 76' lang='lat' dir='ltr'><strong>non</strong></span> <span class='ocrx_word' id='word_1_168' title='bbox 1050 2124 1246 2181; x_wconf 59' lang='lat' dir='ltr'><strong>poa—5</strong></span> <span class='ocrx_word' id='word_1_169' title='bbox 1286 2120 1417 2169; x_wconf 82' lang='lat' dir='ltr'><strong>Edd.</strong></span> <span class='ocrx_word' id='word_1_170' title='bbox 1440 2121 1590 2170; x_wconf 90' lang='lat' dir='ltr'><strong>Rom.</strong></span> <span class='ocrx_word' id='word_1_171' title='bbox 1616 2136 1717 2169; x_wconf 91' lang='lat' dir='ltr'><strong>non</strong></span> <span class='ocrx_word' id='word_1_172' title='bbox 1737 2120 1933 2170; x_wconf 88' lang='lat' dir='ltr'><strong>habent</strong></span> <span class='ocrx_word' id='word_1_173' title='bbox 1948 2121 2001 2168; x_wconf 75' lang='lat' dir='ltr'><strong>in</strong></span> <span class='ocrx_word' id='word_1_174' title='bbox 2023 2129 2140 2168; x_wconf 85' lang='lat' dir='ltr'><strong>ante</strong></span> <span class='ocrx_word' id='word_1_175' title='bbox 2163 2121 2261 2168; x_wconf 80' lang='lat' dir='ltr'><strong>illo.</strong></span> <span class='ocrx_word' id='word_1_176' title='bbox 2312 2119 2441 2168; x_wconf 89' lang='lat' dir='ltr'><strong>Tum</strong></span> <span class='ocrx_word' id='word_1_177' title='bbox 2464 2119 2728 2179; x_wconf 77' lang='lat' dir='ltr'><strong>reciperare</strong></span> 
     </span>
     <span class='ocr_line' id='line_1_20' title="bbox 539 2181 2734 2245; baseline -0.001 -16"><span class='ocrx_word' id='word_1_178' title='bbox 539 2181 752 2229; x_wconf 78' lang='lat' dir='ltr'><strong>Memm.</strong></span> <span class='ocrx_word' id='word_1_179' title='bbox 777 2197 869 2245; x_wconf 88' lang='lat' dir='ltr'><strong>pro</strong></span> <span class='ocrx_word' id='word_1_180' title='bbox 891 2197 1047 2245; x_wconf 75' lang='lat' dir='ltr'><strong>recup.</strong></span> <span class='ocrx_word' id='word_1_181' title='bbox 1070 2192 1123 2232; x_wconf 89' lang='lat' dir='ltr'><strong>et</strong></span> <span class='ocrx_word' id='word_1_182' title='bbox 1138 2185 1376 2233; x_wconf 74' lang='lat' dir='ltr'><strong>accessitis</strong></span> <span class='ocrx_word' id='word_1_183' title='bbox 1399 2185 1593 2235; x_wconf 84' lang='lat' dir='ltr'><strong>Medic.</strong></span> <span class='ocrx_word' id='word_1_184' title='bbox 1611 2187 1728 2238; x_wconf 87' lang='lat' dir='ltr'><strong>duo.</strong></span> <span class='ocrx_word' id='word_1_185' title='bbox 1746 2186 1917 2234; x_wconf 74' lang='lat' dir='ltr'><strong>Pei-iz.</strong></span> <span class='ocrx_word' id='word_1_186' title='bbox 1942 2185 2088 2235; x_wconf 90' lang='lat' dir='ltr'><strong>Cort.</strong></span> <span class='ocrx_word' id='word_1_187' title='bbox 2108 2183 2341 2233; x_wconf 77' lang='lat' dir='ltr'><strong>Har-lem.</strong></span> <span class='ocrx_word' id='word_1_188' title='bbox 2366 2190 2419 2231; x_wconf 92' lang='lat' dir='ltr'><strong>et</strong></span> <span class='ocrx_word' id='word_1_189' title='bbox 2437 2182 2571 2231; x_wconf 88' lang='lat' dir='ltr'><strong>Edd.</strong></span> <span class='ocrx_word' id='word_1_190' title='bbox 2590 2181 2734 2229; x_wconf 77' lang='lat' dir='ltr'><strong>vett.</strong></span> 
     </span>
     <span class='ocr_line' id='line_1_21' title="bbox 539 2246 2732 2314; baseline 0.001 -20"><span class='ocrx_word' id='word_1_191' title='bbox 539 2260 702 2310; x_wconf 89' lang='lat' dir='ltr'><strong>usque</strong></span> <span class='ocrx_word' id='word_1_192' title='bbox 741 2247 806 2296; x_wconf 85' lang='lat' dir='ltr'><strong>ad</strong></span> <span class='ocrx_word' id='word_1_193' title='bbox 843 2247 1061 2298; x_wconf 83' lang='lat' dir='ltr'><strong>Casaub.</strong></span> <span class='ocrx_word' id='word_1_194' title='bbox 1106 2249 1239 2299; x_wconf 83' lang='lat' dir='ltr'><strong>Item</strong></span> <span class='ocrx_word' id='word_1_195' title='bbox 1281 2250 1649 2314; x_wconf 68' lang='lat' dir='ltr'><strong>per-ducebatque</strong></span> <span class='ocrx_word' id='word_1_196' title='bbox 1692 2251 1911 2301; x_wconf 53' lang='lat' dir='ltr'><strong>Pina—6</strong></span> <span class='ocrx_word' id='word_1_197' title='bbox 1946 2251 2256 2300; x_wconf 72' lang='lat' dir='ltr'><strong>Inter-emtum</strong></span> <span class='ocrx_word' id='word_1_198' title='bbox 2295 2248 2542 2298; x_wconf 58' lang='lat' dir='ltr'><strong>Halm—⁷</strong></span> <span class='ocrx_word' id='word_1_199' title='bbox 2575 2246 2732 2297; x_wconf 70' lang='lat' dir='ltr'><strong>Torr.</strong></span> 
     </span>
    </p>
   </div>
   <div class='ocr_carea' id='block_1_6' title="bbox 1530 2447 1745 2500">
    <p class='ocr_par' dir='ltr' id='par_1_6' title="bbox 1530 2447 1745 2500">
     <span class='ocr_line' id='line_1_22' title="bbox 1530 2447 1745 2500; baseline 0.005 -2"><span class='ocrx_word' id='word_1_200' title='bbox 1530 2447 1745 2500; x_wconf 79' lang='lat' dir='ltr'>NOTAE</span> 
     </span>
    </p>
   </div>
   <div class='ocr_carea' id='block_1_7' title="bbox 541 2558 1603 3233">
    <p class='ocr_par' dir='ltr' id='par_1_7' title="bbox 541 2558 1603 3233">
     <span class='ocr_line' id='line_1_23' title="bbox 543 2558 1599 2624; baseline 0.007 -20"><span class='ocrx_word' id='word_1_201' title='bbox 543 2558 798 2621; x_wconf 84' lang='lat' dir='ltr'><strong>gumentis</strong></span> <span class='ocrx_word' id='word_1_202' title='bbox 830 2559 1034 2624; x_wconf 84' lang='lat' dir='ltr'><strong>probat,</strong></span> <span class='ocrx_word' id='word_1_203' title='bbox 1058 2559 1348 2611; x_wconf 71' lang='lat' dir='ltr'><strong>lecticulam</strong></span> <span class='ocrx_word' id='word_1_204' title='bbox 1371 2562 1498 2611; x_wconf 83' lang='lat' dir='ltr'><strong>hanc</strong></span> <span class='ocrx_word' id='word_1_205' title='bbox 1521 2561 1599 2611; x_wconf 88' lang='lat' dir='ltr'><strong>ln-</strong></span> 
     </span>
     <span class='ocr_line' id='line_1_24' title="bbox 541 2636 1600 2705; baseline 0.005 -21"><span class='ocrx_word' id='word_1_206' title='bbox 541 2636 889 2686; x_wconf 81' lang='lat' dir='ltr'><strong>cubratoriam</strong></span> <span class='ocrx_word' id='word_1_207' title='bbox 937 2639 1009 2687; x_wconf 89' lang='lat' dir='ltr'><strong>nil</strong></span> <span class='ocrx_word' id='word_1_208' title='bbox 1054 2639 1191 2687; x_wconf 87' lang='lat' dir='ltr'><strong>aliud</strong></span> <span class='ocrx_word' id='word_1_209' title='bbox 1235 2637 1412 2695; x_wconf 85' lang='lat' dir='ltr'><strong>fuisse,</strong></span> <span class='ocrx_word' id='word_1_210' title='bbox 1446 2655 1600 2705; x_wconf 86' lang='lat' dir='ltr'><strong>quam</strong></span> 
     </span>
     <span class='ocr_line' id='line_1_25' title="bbox 541 2710 1601 2781; baseline 0.008 -22"><span class='ocrx_word' id='word_1_211' title='bbox 541 2710 760 2761; x_wconf 87' lang='lat' dir='ltr'><strong>lectulos</strong></span> <span class='ocrx_word' id='word_1_212' title='bbox 795 2712 926 2775; x_wconf 84' lang='lat' dir='ltr'><strong>illos,</strong></span> <span class='ocrx_word' id='word_1_213' title='bbox 951 2714 1000 2762; x_wconf 89' lang='lat' dir='ltr'><strong>in</strong></span> <span class='ocrx_word' id='word_1_214' title='bbox 1044 2714 1225 2779; x_wconf 84' lang='lat' dir='ltr'><strong>quibus</strong></span> <span class='ocrx_word' id='word_1_215' title='bbox 1255 2716 1488 2781; x_wconf 87' lang='lat' dir='ltr'><strong>lectioni,</strong></span> <span class='ocrx_word' id='word_1_216' title='bbox 1509 2724 1601 2767; x_wconf 85' lang='lat' dir='ltr'><strong>aut</strong></span> 
     </span>
     <span class='ocr_line' id='line_1_26' title="bbox 542 2788 1602 2857; baseline 0.004 -20"><span class='ocrx_word' id='word_1_217' title='bbox 542 2788 863 2839; x_wconf 84' lang='lat' dir='ltr'><strong>meditationi</strong></span> <span class='ocrx_word' id='word_1_218' title='bbox 885 2804 1094 2854; x_wconf 88' lang='lat' dir='ltr'><strong>operam</strong></span> <span class='ocrx_word' id='word_1_219' title='bbox 1121 2791 1290 2842; x_wconf 85' lang='lat' dir='ltr'><strong>daturi</strong></span> <span class='ocrx_word' id='word_1_220' title='bbox 1315 2807 1370 2842; x_wconf 89' lang='lat' dir='ltr'><strong>se</strong></span> <span class='ocrx_word' id='word_1_221' title='bbox 1391 2807 1602 2857; x_wconf 89' lang='lat' dir='ltr'><strong>compo·</strong></span> 
     </span>
     <span class='ocr_line' id='line_1_27' title="bbox 542 2863 1602 2920; baseline 0.007 -8"><span class='ocrx_word' id='word_1_222' title='bbox 542 2863 755 2914; x_wconf 86' lang='lat' dir='ltr'><strong>nebant.</strong></span> <span class='ocrx_word' id='word_1_223' title='bbox 789 2865 971 2915; x_wconf 87' lang='lat' dir='ltr'><strong>Cicero</strong></span> <span class='ocrx_word' id='word_1_224' title='bbox 984 2867 1152 2916; x_wconf 61' lang='lat' dir='ltr'><strong>uude</strong></span> <span class='ocrx_word' id='word_1_225' title='bbox 1169 2866 1408 2920; x_wconf 78' lang='lat' dir='ltr'><strong>Orat.17.</strong></span> <span class='ocrx_word' id='word_1_226' title='bbox 1442 2870 1602 2919; x_wconf 84' lang='lat' dir='ltr'><strong>‘Cum</strong></span> 
     </span>
     <span class='ocr_line' id='line_1_28' title="bbox 543 2941 1603 3003; baseline 0.008 -15"><span class='ocrx_word' id='word_1_227' title='bbox 543 2941 722 2989; x_wconf 78' lang='lat' dir='ltr'><strong>dedita</strong></span> <span class='ocrx_word' id='word_1_228' title='bbox 741 2956 901 3003; x_wconf 84' lang='lat' dir='ltr'><strong>opera</strong></span> <span class='ocrx_word' id='word_1_229' title='bbox 923 2944 974 2991; x_wconf 88' lang='lat' dir='ltr'><strong>iu</strong></span> <span class='ocrx_word' id='word_1_230' title='bbox 997 2956 1108 2992; x_wconf 78' lang='lat' dir='ltr'><strong>eam</strong></span> <span class='ocrx_word' id='word_1_231' title='bbox 1132 2945 1409 2994; x_wconf 72' lang='lat' dir='ltr'><strong>exhedram</strong></span> <span class='ocrx_word' id='word_1_232' title='bbox 1433 2947 1603 3003; x_wconf 82' lang='lat' dir='ltr'><strong>venis-</strong></span> 
     </span>
     <span class='ocr_line' id='line_1_29' title="bbox 544 3016 1602 3084; baseline 0.006 -19"><span class='ocrx_word' id='word_1_233' title='bbox 544 3025 647 3076; x_wconf 82' lang='lat' dir='ltr'><strong>set,</strong></span> <span class='ocrx_word' id='word_1_234' title='bbox 672 3016 722 3065; x_wconf 88' lang='lat' dir='ltr'><strong>in</strong></span> <span class='ocrx_word' id='word_1_235' title='bbox 743 3032 846 3080; x_wconf 89' lang='lat' dir='ltr'><strong>qna</strong></span> <span class='ocrx_word' id='word_1_236' title='bbox 868 3017 1083 3067; x_wconf 75' lang='lat' dir='ltr'><strong>Crassus</strong></span> <span class='ocrx_word' id='word_1_237' title='bbox 1114 3020 1302 3069; x_wconf 83' lang='lat' dir='ltr'><strong>lectulo</strong></span> <span class='ocrx_word' id='word_1_238' title='bbox 1335 3022 1503 3084; x_wconf 89' lang='lat' dir='ltr'><strong>posito</strong></span> <span class='ocrx_word' id='word_1_239' title='bbox 1525 3037 1602 3071; x_wconf 84' lang='lat' dir='ltr'><strong>re·</strong></span> 
     </span>
     <span class='ocr_line' id='line_1_30' title="bbox 544 3092 1600 3158; baseline 0.001 -17"><span class='ocrx_word' id='word_1_240' title='bbox 544 3092 826 3151; x_wconf 86' lang='lat' dir='ltr'><strong>cubuisset,</strong></span> <span class='ocrx_word' id='word_1_241' title='bbox 848 3108 1067 3157; x_wconf 87' lang='lat' dir='ltr'><strong>eumque</strong></span> <span class='ocrx_word' id='word_1_242' title='bbox 1090 3095 1142 3144; x_wconf 88' lang='lat' dir='ltr'><strong>in</strong></span> <span class='ocrx_word' id='word_1_243' title='bbox 1172 3096 1489 3158; x_wconf 78' lang='lat' dir='ltr'><strong>cogitatione</strong></span> <span class='ocrx_word' id='word_1_244' title='bbox 1512 3097 1600 3146; x_wconf 72' lang='lat' dir='ltr'><strong>de.</strong></span> 
     </span>
     <span class='ocr_line' id='line_1_31' title="bbox 545 3166 1602 3233; baseline 0.005 -17"><span class='ocrx_word' id='word_1_245' title='bbox 545 3166 702 3216; x_wconf 82' lang='lat' dir='ltr'><strong>fixum</strong></span> <span class='ocrx_word' id='word_1_246' title='bbox 744 3182 861 3216; x_wconf 87' lang='lat' dir='ltr'><strong>esse</strong></span> <span class='ocrx_word' id='word_1_247' title='bbox 895 3169 1162 3233; x_wconf 86' lang='lat' dir='ltr'><strong>sensisset,</strong></span> <span class='ocrx_word' id='word_1_248' title='bbox 1207 3171 1383 3219; x_wconf 85' lang='lat' dir='ltr'><strong>statim</strong></span> <span class='ocrx_word' id='word_1_249' title='bbox 1431 3185 1602 3221; x_wconf 79' lang='lat' dir='ltr'><strong>reces-</strong></span> 
     </span>
    </p>
   </div>
   <div class='ocr_carea' id='block_1_8' title="bbox 542 3241 1604 3388">
    <p class='ocr_par' dir='ltr' id='par_1_8' title="bbox 542 3241 1604 3388">
     <span class='ocr_line' id='line_1_32' title="bbox 546 3241 1604 3301; baseline 0.007 -9"><span class='ocrx_word' id='word_1_250' title='bbox 546 3241 726 3293; x_wconf 72' lang='lat' dir='ltr'><strong>sisset’</strong></span> <span class='ocrx_word' id='word_1_251' title='bbox 757 3252 815 3293; x_wconf 85' lang='lat' dir='ltr'><strong>et</strong></span> <span class='ocrx_word' id='word_1_252' title='bbox 836 3243 928 3295; x_wconf 90' lang='lat' dir='ltr'><strong>lib.</strong></span> <span class='ocrx_word' id='word_1_253' title='bbox 952 3244 1019 3293; x_wconf 85' lang='lat' dir='ltr'><strong>de</strong></span> <span class='ocrx_word' id='word_1_254' title='bbox 1052 3245 1262 3296; x_wconf 85' lang='lat' dir='ltr'><strong>Senect.</strong></span> <span class='ocrx_word' id='word_1_255' title='bbox 1283 3251 1364 3298; x_wconf 72' lang='lat'><strong>88.</strong></span> <span class='ocrx_word' id='word_1_256' title='bbox 1429 3251 1444 3277; x_wconf 91' lang='lat'>‘</span> <span class='ocrx_word' id='word_1_257' title='bbox 1471 3250 1604 3301; x_wconf 69' lang='lat' dir='ltr'><strong>Qum</strong></span> 
     </span>
     <span class='ocr_line' id='line_1_33' title="bbox 542 3321 1603 3388; baseline 0.005 -16"><span class='ocrx_word' id='word_1_258' title='bbox 542 3321 588 3372; x_wconf 89' lang='lat' dir='ltr'><strong>si</strong></span> <span class='ocrx_word' id='word_1_259' title='bbox 610 3322 796 3387; x_wconf 83' lang='lat' dir='ltr'><strong>exequi</strong></span> <span class='ocrx_word' id='word_1_260' title='bbox 817 3323 1103 3388; x_wconf 83' lang='lat' dir='ltr'><strong>nequirem,</strong></span> <span class='ocrx_word' id='word_1_261' title='bbox 1137 3329 1307 3373; x_wconf 90' lang='lat' dir='ltr'><strong>tamen</strong></span> <span class='ocrx_word' id='word_1_262' title='bbox 1332 3340 1414 3375; x_wconf 87' lang='lat' dir='ltr'><strong>me</strong></span> <span class='ocrx_word' id='word_1_263' title='bbox 1438 3327 1603 3376; x_wconf 89' lang='lat' dir='ltr'><strong>lectu·</strong></span> 
     </span>
    </p>
   </div>
   <div class='ocr_carea' id='block_1_9' title="bbox 541 3402 1604 4390">
    <p class='ocr_par' dir='ltr' id='par_1_9' title="bbox 541 3402 1604 4390">
     <span class='ocr_line' id='line_1_34' title="bbox 544 3402 1603 3470; baseline 0.005 -19"><span class='ocrx_word' id='word_1_264' title='bbox 544 3404 627 3451; x_wconf 80' lang='lat' dir='ltr'><strong>lus</strong></span> <span class='ocrx_word' id='word_1_265' title='bbox 646 3402 933 3454; x_wconf 81' lang='lat' dir='ltr'><strong>oblectaret</strong></span> <span class='ocrx_word' id='word_1_266' title='bbox 956 3418 1119 3469; x_wconf 87' lang='lat' dir='ltr'><strong>meus,</strong></span> <span class='ocrx_word' id='word_1_267' title='bbox 1139 3419 1204 3453; x_wconf 87' lang='lat' dir='ltr'><strong>ea</strong></span> <span class='ocrx_word' id='word_1_268' title='bbox 1237 3405 1348 3470; x_wconf 85' lang='lat' dir='ltr'><strong>ipsa</strong></span> <span class='ocrx_word' id='word_1_269' title='bbox 1370 3406 1603 3470; x_wconf 80' lang='lat' dir='ltr'><strong>cogitau-</strong></span> 
     </span>
     <span class='ocr_line' id='line_1_35' title="bbox 547 3482 1603 3545; baseline 0.002 -15"><span class='ocrx_word' id='word_1_270' title='bbox 547 3488 659 3530; x_wconf 60' lang='lat' dir='ltr'><strong>tem,</strong></span> <span class='ocrx_word' id='word_1_271' title='bbox 679 3495 794 3544; x_wconf 78' lang='lat' dir='ltr'><strong>quae</strong></span> <span class='ocrx_word' id='word_1_272' title='bbox 820 3496 973 3545; x_wconf 76' lang='lat' dir='ltr'><strong>agere</strong></span> <span class='ocrx_word' id='word_1_273' title='bbox 995 3495 1094 3530; x_wconf 87' lang='lat' dir='ltr'><strong>non</strong></span> <span class='ocrx_word' id='word_1_274' title='bbox 1119 3482 1357 3544; x_wconf 58' lang='lat' dir='ltr'><strong>possem?</strong></span> <span class='ocrx_word' id='word_1_275' title='bbox 1419 3485 1603 3534; x_wconf 80' lang='lat' dir='ltr'><strong>Senec-</strong></span> 
     </span>
     <span class='ocr_line' id='line_1_36' title="bbox 547 3557 1602 3625; baseline 0.004 -20"><span class='ocrx_word' id='word_1_276' title='bbox 547 3557 704 3619; x_wconf 85' lang='lat' dir='ltr'><strong>epist.</strong></span> <span class='ocrx_word' id='word_1_277' title='bbox 724 3560 806 3607; x_wconf 76' lang='lat'><strong>72.</strong></span> <span class='ocrx_word' id='word_1_278' title='bbox 842 3565 857 3585; x_wconf 86' lang='lat'>‘</span> <span class='ocrx_word' id='word_1_279' title='bbox 882 3557 1116 3623; x_wconf 69' lang='lat' dir='ltr'><strong>quadam</strong></span> <span class='ocrx_word' id='word_1_280' title='bbox 1141 3567 1262 3609; x_wconf 88' lang='lat' dir='ltr'><strong>sunt</strong></span> <span class='ocrx_word' id='word_1_281' title='bbox 1300 3575 1414 3625; x_wconf 80' lang='lat' dir='ltr'><strong>quae</strong></span> <span class='ocrx_word' id='word_1_282' title='bbox 1439 3561 1602 3625; x_wconf 87' lang='lat' dir='ltr'><strong>possis</strong></span> 
     </span>
     <span class='ocr_line' id='line_1_37' title="bbox 545 3636 1601 3702; baseline 0.004 -17"><span class='ocrx_word' id='word_1_283' title='bbox 545 3643 601 3685; x_wconf 90' lang='lat' dir='ltr'><strong>et</strong></span> <span class='ocrx_word' id='word_1_284' title='bbox 625 3636 676 3684; x_wconf 91' lang='lat' dir='ltr'><strong>in</strong></span> <span class='ocrx_word' id='word_1_285' title='bbox 699 3636 827 3686; x_wconf 86' lang='lat' dir='ltr'><strong>cisio</strong></span> <span class='ocrx_word' id='word_1_286' title='bbox 850 3637 1100 3699; x_wconf 87' lang='lat' dir='ltr'><strong>scribere,</strong></span> <span class='ocrx_word' id='word_1_287' title='bbox 1138 3639 1373 3702; x_wconf 66' lang='lat' dir='ltr'><strong>quaedam</strong></span> <span class='ocrx_word' id='word_1_288' title='bbox 1408 3641 1601 3689; x_wconf 84' lang='lat' dir='ltr'><strong>lectum</strong></span> 
     </span>
     <span class='ocr_line' id='line_1_38' title="bbox 543 3713 1603 3765; baseline 0.003 -3"><span class='ocrx_word' id='word_1_289' title='bbox 543 3720 599 3762; x_wconf 90' lang='lat' dir='ltr'><strong>et</strong></span> <span class='ocrx_word' id='word_1_290' title='bbox 623 3719 878 3762; x_wconf 84' lang='lat' dir='ltr'><strong>secretum</strong></span> <span class='ocrx_word' id='word_1_291' title='bbox 901 3721 954 3763; x_wconf 86' lang='lat' dir='ltr'><strong>et</strong></span> <span class='ocrx_word' id='word_1_292' title='bbox 977 3714 1139 3762; x_wconf 87' lang='lat' dir='ltr'><strong>otium</strong></span> <span class='ocrx_word' id='word_1_293' title='bbox 1164 3713 1500 3765; x_wconf 61' lang='lat' dir='ltr'><strong>desiderant?</strong></span> <span class='ocrx_word' id='word_1_294' title='bbox 1534 3717 1603 3765; x_wconf 89' lang='lat' dir='ltr'><strong>Et</strong></span> 
     </span>
     <span class='ocr_line' id='line_1_39' title="bbox 544 3790 1599 3856; baseline 0.005 -18"><span class='ocrx_word' id='word_1_295' title='bbox 544 3790 700 3852; x_wconf 83' lang='lat' dir='ltr'><strong>epist.</strong></span> <span class='ocrx_word' id='word_1_296' title='bbox 723 3794 805 3839; x_wconf 80' lang='lat'><strong>67.</strong></span> <span class='ocrx_word' id='word_1_297' title='bbox 843 3800 898 3840; x_wconf 91' lang='lat' dir='ltr'><strong>et</strong></span> <span class='ocrx_word' id='word_1_298' title='bbox 931 3790 1131 3840; x_wconf 88' lang='lat' dir='ltr'><strong>Plinius</strong></span> <span class='ocrx_word' id='word_1_299' title='bbox 1170 3792 1262 3841; x_wconf 91' lang='lat' dir='ltr'><strong>lib.</strong></span> <span class='ocrx_word' id='word_1_300' title='bbox 1285 3805 1337 3842; x_wconf 87' lang='lat' dir='ltr'><strong>v.</strong></span> <span class='ocrx_word' id='word_1_301' title='bbox 1377 3794 1528 3856; x_wconf 85' lang='lat' dir='ltr'><strong>epist.</strong></span> <span class='ocrx_word' id='word_1_302' title='bbox 1550 3800 1599 3843; x_wconf 82' lang='lat'><strong>5.</strong></span> 
     </span>
     <span class='ocr_line' id='line_1_40' title="bbox 541 3866 1602 3932; baseline 0.002 -17"><span class='ocrx_word' id='word_1_303' title='bbox 541 3866 558 3895; x_wconf 76' lang='lat'><em>⁴</em></span> <span class='ocrx_word' id='word_1_304' title='bbox 582 3866 735 3915; x_wconf 85' lang='lat' dir='ltr'><strong>Visus</strong></span> <span class='ocrx_word' id='word_1_305' title='bbox 757 3873 840 3916; x_wconf 87' lang='lat' dir='ltr'><strong>est</strong></span> <span class='ocrx_word' id='word_1_306' title='bbox 862 3867 958 3917; x_wconf 87' lang='lat' dir='ltr'><strong>sibi</strong></span> <span class='ocrx_word' id='word_1_307' title='bbox 972 3867 1156 3932; x_wconf 85' lang='lat' dir='ltr'><strong>jacere</strong></span> <span class='ocrx_word' id='word_1_308' title='bbox 1190 3868 1241 3916; x_wconf 90' lang='lat' dir='ltr'><strong>in</strong></span> <span class='ocrx_word' id='word_1_309' title='bbox 1275 3868 1468 3917; x_wconf 89' lang='lat' dir='ltr'><strong>lectulo</strong></span> <span class='ocrx_word' id='word_1_310' title='bbox 1490 3883 1602 3931; x_wconf 89' lang='lat' dir='ltr'><strong>suo,</strong></span> 
     </span>
     <span class='ocr_line' id='line_1_41' title="bbox 545 3944 1601 4007; baseline 0.003 -15"><span class='ocrx_word' id='word_1_311' title='bbox 545 3945 860 4007; x_wconf 86' lang='lat' dir='ltr'><strong>compositus</strong></span> <span class='ocrx_word' id='word_1_312' title='bbox 920 3945 972 3993; x_wconf 88' lang='lat' dir='ltr'><strong>in</strong></span> <span class='ocrx_word' id='word_1_313' title='bbox 1038 3944 1244 3993; x_wconf 90' lang='lat' dir='ltr'><strong>modum</strong></span> <span class='ocrx_word' id='word_1_314' title='bbox 1305 3944 1601 3995; x_wconf 64' lang='lat' dir='ltr'><strong>studentis!</strong></span> 
     </span>
     <span class='ocr_line' id='line_1_42' title="bbox 547 4017 1600 4082; baseline 0.007 -17"><span class='ocrx_word' id='word_1_315' title='bbox 547 4017 705 4067; x_wconf 81' lang='lat' dir='ltr'><strong>ovid.</strong></span> <span class='ocrx_word' id='word_1_316' title='bbox 726 4018 884 4068; x_wconf 77' lang='lat' dir='ltr'><strong>Trist.</strong></span> <span class='ocrx_word' id='word_1_317' title='bbox 906 4018 1000 4070; x_wconf 90' lang='lat' dir='ltr'><strong>lib.</strong></span> <span class='ocrx_word' id='word_1_318' title='bbox 1024 4033 1063 4071; x_wconf 81' lang='grc' dir='ltr'><strong>ι.</strong></span> <span class='ocrx_word' id='word_1_319' title='bbox 1090 4020 1267 4082; x_wconf 82' lang='lat' dir='ltr'><strong>Elegia</strong></span> <span class='ocrx_word' id='word_1_320' title='bbox 1291 4024 1369 4070; x_wconf 83' lang='lat'><strong>10.</strong></span> <span class='ocrx_word' id='word_1_321' title='bbox 1437 4029 1451 4051; x_wconf 81' lang='lat'>⁶</span> <span class='ocrx_word' id='word_1_322' title='bbox 1478 4023 1600 4072; x_wconf 91' lang='lat' dir='ltr'><strong>Non</strong></span> 
     </span>
     <span class='ocr_line' id='line_1_43' title="bbox 546 4094 1598 4158; baseline 0.004 -16"><span class='ocrx_word' id='word_1_323' title='bbox 546 4094 658 4142; x_wconf 73' lang='lat' dir='ltr'><strong>liaec</strong></span> <span class='ocrx_word' id='word_1_324' title='bbox 695 4094 747 4142; x_wconf 88' lang='lat' dir='ltr'><strong>in</strong></span> <span class='ocrx_word' id='word_1_325' title='bbox 788 4095 991 4150; x_wconf 85' lang='lat' dir='ltr'><strong>nostris,</strong></span> <span class='ocrx_word' id='word_1_326' title='bbox 1029 4102 1085 4143; x_wconf 89' lang='lat' dir='ltr'><strong>ut</strong></span> <span class='ocrx_word' id='word_1_327' title='bbox 1121 4095 1397 4158; x_wconf 86' lang='lat' dir='ltr'><strong>quondam,</strong></span> <span class='ocrx_word' id='word_1_328' title='bbox 1419 4097 1598 4146; x_wconf 88' lang='lat' dir='ltr'><strong>scribi·</strong></span> 
     </span>
     <span class='ocr_line' id='line_1_44' title="bbox 542 4169 1601 4228; baseline 0.006 -10"><span class='ocrx_word' id='word_1_329' title='bbox 542 4183 659 4218; x_wconf 84' lang='lat' dir='ltr'><strong>mus</strong></span> <span class='ocrx_word' id='word_1_330' title='bbox 694 4169 871 4228; x_wconf 79' lang='lat' dir='ltr'><strong>hortis,</strong></span> <span class='ocrx_word' id='word_1_331' title='bbox 903 4170 1020 4218; x_wconf 86' lang='lat' dir='ltr'><strong>Nec.</strong></span> <span class='ocrx_word' id='word_1_332' title='bbox 1039 4180 1283 4220; x_wconf 84' lang='lat' dir='ltr'><strong>consuete</strong></span> <span class='ocrx_word' id='word_1_333' title='bbox 1309 4187 1473 4222; x_wconf 87' lang='lat' dir='ltr'><strong>meum</strong></span> <span class='ocrx_word' id='word_1_334' title='bbox 1495 4174 1601 4224; x_wconf 88' lang='lat' dir='ltr'><strong>lec-</strong></span> 
     </span>
     <span class='ocr_line' id='line_1_45' title="bbox 547 4243 1602 4306; baseline 0.006 -12"><span class='ocrx_word' id='word_1_335' title='bbox 547 4245 656 4294; x_wconf 88' lang='lat' dir='ltr'><strong>tule</strong></span> <span class='ocrx_word' id='word_1_336' title='bbox 674 4257 858 4306; x_wconf 86' lang='lat' dir='ltr'><strong>corpus</strong></span> <span class='ocrx_word' id='word_1_337' title='bbox 878 4243 1069 4294; x_wconf 55' lang='lat' dir='ltr'><strong>habes?</strong></span> <span class='ocrx_word' id='word_1_338' title='bbox 1093 4246 1234 4296; x_wconf 85' lang='lat' dir='ltr'><strong>Hinc</strong></span> <span class='ocrx_word' id='word_1_339' title='bbox 1255 4248 1520 4299; x_wconf 81' lang='lat' dir='ltr'><strong>Juvenalis</strong></span> <span class='ocrx_word' id='word_1_340' title='bbox 1536 4250 1602 4300; x_wconf 87' lang='lat' dir='ltr'><strong>de</strong></span> 
     </span>
     <span class='ocr_line' id='line_1_46' title="bbox 549 4319 1604 4390; baseline 0.007 -22"><span class='ocrx_word' id='word_1_341' title='bbox 549 4319 719 4390; x_wconf 68' lang='lat' dir='ltr'><strong>poetis</strong></span> <span class='ocrx_word' id='word_1_342' title='bbox 751 4326 807 4369; x_wconf 89' lang='lat' dir='ltr'><strong>et</strong></span> <span class='ocrx_word' id='word_1_343' title='bbox 842 4319 1094 4369; x_wconf 78' lang='lat' dir='ltr'><strong>historicis</strong></span> <span class='ocrx_word' id='word_1_344' title='bbox 1114 4322 1224 4372; x_wconf 81' lang='lat' dir='ltr'><strong>Sat.</strong></span> <span class='ocrx_word' id='word_1_345' title='bbox 1257 4337 1360 4379; x_wconf 77' lang='lat' dir='ltr'><strong>vu.</strong></span> <span class='ocrx_word' id='word_1_346' title='bbox 1390 4340 1466 4377; x_wconf 83' lang='lat' dir='ltr'><strong>vs.</strong></span> <span class='ocrx_word' id='word_1_347' title='bbox 1492 4332 1604 4379; x_wconf 84' lang='grc'><strong>105.</strong></span> 
     </span>
    </p>
   </div>
   <div class='ocr_carea' id='block_1_10' title="bbox 1676 2558 2745 4394">
    <p class='ocr_par' dir='ltr' id='par_1_10' title="bbox 1676 2558 2745 3920">
     <span class='ocr_line' id='line_1_47' title="bbox 1677 2558 2740 2627; baseline -0.002 -15"><span class='ocrx_word' id='word_1_348' title='bbox 1677 2563 1694 2591; x_wconf 86' lang='lat'>‘</span> <span class='ocrx_word' id='word_1_349' title='bbox 1709 2564 1806 2613; x_wconf 88' lang='lat' dir='ltr'><strong>Est</strong></span> <span class='ocrx_word' id='word_1_350' title='bbox 1825 2577 1989 2626; x_wconf 72' lang='lat' dir='ltr'><strong>genus</strong></span> <span class='ocrx_word' id='word_1_351' title='bbox 2014 2558 2420 2627; x_wconf 71' lang='lat' dir='ltr'><strong>ignavum,qnod</strong></span> <span class='ocrx_word' id='word_1_352' title='bbox 2445 2561 2585 2610; x_wconf 88' lang='lat' dir='ltr'><strong>lecto</strong></span> <span class='ocrx_word' id='word_1_353' title='bbox 2609 2574 2740 2622; x_wconf 46' lang='lat' dir='ltr'><strong>gau&lt;</strong></span> 
     </span>
     <span class='ocr_line' id='line_1_48' title="bbox 1678 2638 2737 2691; baseline -0.002 -1"><span class='ocrx_word' id='word_1_354' title='bbox 1678 2641 1768 2690; x_wconf 90' lang='lat' dir='ltr'><strong>det</strong></span> <span class='ocrx_word' id='word_1_355' title='bbox 1802 2649 1857 2691; x_wconf 90' lang='lat' dir='ltr'><strong>et</strong></span> <span class='ocrx_word' id='word_1_356' title='bbox 1894 2638 2112 2690; x_wconf 84' lang='lat' dir='ltr'><strong>umbra.&#39;</strong></span> <span class='ocrx_word' id='word_1_357' title='bbox 2177 2640 2369 2689; x_wconf 78' lang='lat' dir='ltr'><strong>Saltem</strong></span> <span class='ocrx_word' id='word_1_358' title='bbox 2407 2651 2471 2686; x_wconf 87' lang='lat' dir='ltr'><strong>ex</strong></span> <span class='ocrx_word' id='word_1_359' title='bbox 2510 2638 2737 2688; x_wconf 85' lang='lat' dir='ltr'><strong>lectione</strong></span> 
     </span>
     <span class='ocr_line' id='line_1_49' title="bbox 1679 2715 2735 2781; baseline -0.003 -13"><span class='ocrx_word' id='word_1_360' title='bbox 1679 2719 1964 2768; x_wconf 82' lang='lat' dir='ltr'><strong>Casauboni</strong></span> <span class='ocrx_word' id='word_1_361' title='bbox 1987 2732 2003 2779; x_wconf 88' lang='lat'><strong>;</strong></span> <span class='ocrx_word' id='word_1_362' title='bbox 2029 2718 2205 2781; x_wconf 75' lang='lat' dir='ltr'><strong>legunt</strong></span> <span class='ocrx_word' id='word_1_363' title='bbox 2228 2717 2359 2764; x_wconf 85' lang='lat' dir='ltr'><strong>enim</strong></span> <span class='ocrx_word' id='word_1_364' title='bbox 2376 2715 2459 2764; x_wconf 90' lang='lat' dir='ltr'><strong>alii</strong></span> <span class='ocrx_word' id='word_1_365' title='bbox 2478 2719 2619 2770; x_wconf 74' lang='lat' dir='ltr'><strong>tecto,</strong></span> <span class='ocrx_word' id='word_1_366' title='bbox 2633 2729 2735 2765; x_wconf 87' lang='lat' dir='ltr'><strong>non</strong></span> 
     </span>
     <span class='ocr_line' id='line_1_50' title="bbox 1677 2780 2739 2844; baseline -0.005 0"><span class='ocrx_word' id='word_1_367' title='bbox 1677 2796 1825 2844; x_wconf 79' lang='lat' dir='ltr'><strong>lecto.-</strong></span> <span class='ocrx_word' id='word_1_368' title='bbox 1860 2795 1960 2843; x_wconf 90' lang='lat' dir='ltr'><strong>huc</strong></span> <span class='ocrx_word' id='word_1_369' title='bbox 1983 2794 2138 2843; x_wconf 88' lang='lat' dir='ltr'><strong>etiam</strong></span> <span class='ocrx_word' id='word_1_370' title='bbox 2160 2793 2316 2843; x_wconf 83' lang='lat' dir='ltr'><strong>trahit</strong></span> <span class='ocrx_word' id='word_1_371' title='bbox 2339 2806 2539 2840; x_wconf 82' lang='lat' dir='ltr'><strong>versum</strong></span> <span class='ocrx_word' id='word_1_372' title='bbox 2568 2780 2739 2840; x_wconf 84' lang='lat' dir='ltr'><strong>Persii</strong></span> 
     </span>
     <span class='ocr_line' id='line_1_51' title="bbox 1676 2866 2736 2933; baseline -0.006 -11"><span class='ocrx_word' id='word_1_373' title='bbox 1676 2873 1729 2922; x_wconf 87' lang='lat' dir='ltr'><strong>in</strong></span> <span class='ocrx_word' id='word_1_374' title='bbox 1764 2874 1874 2922; x_wconf 86' lang='lat' dir='ltr'><strong>Sat.</strong></span> <span class='ocrx_word' id='word_1_375' title='bbox 1911 2886 1946 2921; x_wconf 86' lang='lat'><strong>1.</strong></span> <span class='ocrx_word' id='word_1_376' title='bbox 2030 2873 2047 2901; x_wconf 89' lang='lat'>‘</span> <span class='ocrx_word' id='word_1_377' title='bbox 2073 2871 2191 2920; x_wconf 88' lang='lat' dir='ltr'><strong>Non</strong></span> <span class='ocrx_word' id='word_1_378' title='bbox 2226 2866 2467 2933; x_wconf 86' lang='lat' dir='ltr'><strong>quicquid</strong></span> <span class='ocrx_word' id='word_1_379' title='bbox 2512 2868 2736 2932; x_wconf 88' lang='lat' dir='ltr'><strong>denique</strong></span> 
     </span>
     <span class='ocr_line' id='line_1_52' title="bbox 1676 2944 2737 3009; baseline -0.007 -10"><span class='ocrx_word' id='word_1_380' title='bbox 1676 2951 1824 3000; x_wconf 81' lang='lat' dir='ltr'><strong>lectis</strong></span> <span class='ocrx_word' id='word_1_381' title='bbox 1845 2947 2102 2999; x_wconf 78' lang='lat' dir='ltr'><strong>scribitur</strong></span> <span class='ocrx_word' id='word_1_382' title='bbox 2124 2948 2175 2996; x_wconf 94' lang='lat' dir='ltr'><strong>in</strong></span> <span class='ocrx_word' id='word_1_383' title='bbox 2199 2944 2407 3009; x_wconf 84' lang='lat' dir='ltr'><strong>citreis,’</strong></span> <span class='ocrx_word' id='word_1_384' title='bbox 2426 2948 2527 2994; x_wconf 70' lang='grc' dir='ltr'><strong>διο.</strong></span> <span class='ocrx_word' id='word_1_385' title='bbox 2569 2945 2737 2996; x_wconf 82' lang='lat' dir='ltr'><strong>Quam</strong></span> 
     </span>
     <span class='ocr_line' id='line_1_53' title="bbox 1680 3021 2739 3076; baseline -0.006 0"><span class='ocrx_word' id='word_1_386' title='bbox 1680 3035 1850 3076; x_wconf 80' lang='lat' dir='ltr'><strong>tamen</strong></span> <span class='ocrx_word' id='word_1_387' title='bbox 1874 3027 1937 3074; x_wconf 86' lang='lat' dir='ltr'><strong>de</strong></span> <span class='ocrx_word' id='word_1_388' title='bbox 1960 3025 2110 3075; x_wconf 82' lang='lat' dir='ltr'><strong>lectis</strong></span> <span class='ocrx_word' id='word_1_389' title='bbox 2134 3021 2502 3074; x_wconf 75' lang='lat' dir='ltr'><strong>tricliniaribus</strong></span> <span class='ocrx_word' id='word_1_390' title='bbox 2525 3022 2610 3071; x_wconf 86' lang='lat' dir='ltr'><strong>alii</strong></span> <span class='ocrx_word' id='word_1_391' title='bbox 2635 3035 2739 3071; x_wconf 83' lang='lat' dir='ltr'><strong>non</strong></span> 
     </span>
     <span class='ocr_line' id='line_1_54' title="bbox 1682 3098 2741 3166; baseline -0.006 -14"><span class='ocrx_word' id='word_1_392' title='bbox 1682 3103 1858 3166; x_wconf 84' lang='lat' dir='ltr'><strong>inepte</strong></span> <span class='ocrx_word' id='word_1_393' title='bbox 1895 3102 2209 3164; x_wconf 81' lang='lat' dir='ltr'><strong>intelligunt.</strong></span> <span class='ocrx_word' id='word_1_394' title='bbox 2292 3098 2421 3151; x_wconf 81' lang='lat' dir='ltr'><strong>Qnae</strong></span> <span class='ocrx_word' id='word_1_395' title='bbox 2469 3098 2642 3147; x_wconf 81' lang='lat' dir='ltr'><strong>omnia</strong></span> <span class='ocrx_word' id='word_1_396' title='bbox 2683 3103 2741 3147; x_wconf 87' lang='lat' dir='ltr'><strong>et</strong></span> 
     </span>
     <span class='ocr_line' id='line_1_55' title="bbox 1681 3175 2742 3229; baseline -0.001 -3"><span class='ocrx_word' id='word_1_397' title='bbox 1681 3179 1833 3227; x_wconf 83' lang='lat' dir='ltr'><strong>variis</strong></span> <span class='ocrx_word' id='word_1_398' title='bbox 1874 3179 2174 3229; x_wconf 68' lang='lat' dir='ltr'><strong>Graecorum</strong></span> <span class='ocrx_word' id='word_1_399' title='bbox 2214 3175 2524 3226; x_wconf 85' lang='lat' dir='ltr'><strong>testimoniis</strong></span> <span class='ocrx_word' id='word_1_400' title='bbox 2554 3175 2742 3225; x_wconf 79' lang='lat' dir='ltr'><strong>confir-</strong></span> 
     </span>
     <span class='ocr_line' id='line_1_56' title="bbox 1681 3250 2740 3316; baseline -0.003 -12"><span class='ocrx_word' id='word_1_401' title='bbox 1681 3262 1789 3305; x_wconf 84' lang='lat' dir='ltr'><strong>mat</strong></span> <span class='ocrx_word' id='word_1_402' title='bbox 1831 3255 1967 3304; x_wconf 90' lang='lat' dir='ltr'><strong>idem</strong></span> <span class='ocrx_word' id='word_1_403' title='bbox 2007 3252 2365 3314; x_wconf 77' lang='lat' dir='ltr'><strong>casaubonus,</strong></span> <span class='ocrx_word' id='word_1_404' title='bbox 2408 3250 2544 3316; x_wconf 83' lang='lat' dir='ltr'><strong>apud</strong></span> <span class='ocrx_word' id='word_1_405' title='bbox 2587 3267 2740 3316; x_wconf 71' lang='lat' dir='ltr'><strong>quem</strong></span> 
     </span>
     <span class='ocr_line' id='line_1_57' title="bbox 1680 3327 2742 3394; baseline -0.003 -14"><span class='ocrx_word' id='word_1_406' title='bbox 1680 3345 1837 3381; x_wconf 84' lang='lat' dir='ltr'><strong>causa</strong></span> <span class='ocrx_word' id='word_1_407' title='bbox 1853 3330 2116 3394; x_wconf 63' lang='lat' dir='ltr'><strong>praecipue</strong></span> <span class='ocrx_word' id='word_1_408' title='bbox 2137 3327 2362 3378; x_wconf 86' lang='lat' dir='ltr'><strong>notanda</strong></span> <span class='ocrx_word' id='word_1_409' title='bbox 2381 3335 2463 3377; x_wconf 88' lang='lat' dir='ltr'><strong>est</strong></span> <span class='ocrx_word' id='word_1_410' title='bbox 2484 3342 2565 3390; x_wconf 85' lang='lat' dir='ltr'><strong>ea,</strong></span> <span class='ocrx_word' id='word_1_411' title='bbox 2585 3344 2742 3393; x_wconf 67' lang='lat' dir='ltr'><strong>quiam</strong></span> 
     </span>
     <span class='ocr_line' id='line_1_58' title="bbox 1685 3404 2741 3457; baseline -0.002 0"><span class='ocrx_word' id='word_1_412' title='bbox 1685 3423 1747 3457; x_wconf 85' lang='lat' dir='ltr'><strong>ex</strong></span> <span class='ocrx_word' id='word_1_413' title='bbox 1771 3408 1953 3457; x_wconf 86' lang='lat' dir='ltr'><strong>Galeui</strong></span> <span class='ocrx_word' id='word_1_414' title='bbox 1971 3407 2061 3456; x_wconf 86' lang='lat' dir='ltr'><strong>lib.</strong></span> <span class='ocrx_word' id='word_1_415' title='bbox 2082 3420 2169 3455; x_wconf 84' lang='lat' dir='ltr'><strong>m.</strong></span> <span class='ocrx_word' id='word_1_416' title='bbox 2185 3406 2249 3454; x_wconf 89' lang='lat' dir='ltr'><strong>de</strong></span> <span class='ocrx_word' id='word_1_417' title='bbox 2266 3406 2374 3454; x_wconf 90' lang='lat' dir='ltr'><strong>Usu</strong></span> <span class='ocrx_word' id='word_1_418' title='bbox 2395 3405 2631 3454; x_wconf 82' lang='lat' dir='ltr'><strong>Partium</strong></span> <span class='ocrx_word' id='word_1_419' title='bbox 2653 3404 2741 3455; x_wconf 83' lang='lat' dir='ltr'><strong>ad-</strong></span> 
     </span>
     <span class='ocr_line' id='line_1_59' title="bbox 1684 3482 2742 3548; baseline -0.002 -15"><span class='ocrx_word' id='word_1_420' title='bbox 1684 3484 1858 3534; x_wconf 84' lang='lat' dir='ltr'><strong>ducit:</strong></span> <span class='ocrx_word' id='word_1_421' title='bbox 1896 3484 2014 3534; x_wconf 87' lang='lat' dir='ltr'><strong>ideo</strong></span> <span class='ocrx_word' id='word_1_422' title='bbox 2030 3484 2225 3548; x_wconf 87' lang='lat' dir='ltr'><strong>qnippe</strong></span> <span class='ocrx_word' id='word_1_423' title='bbox 2245 3489 2449 3532; x_wconf 86' lang='lat' dir='ltr'><strong>veteres</strong></span> <span class='ocrx_word' id='word_1_424' title='bbox 2471 3482 2742 3546; x_wconf 82' lang='lat' dir='ltr'><strong>scriptioni</strong></span> 
     </span>
     <span class='ocr_line' id='line_1_60' title="bbox 1683 3558 2742 3626; baseline -0.001 -15"><span class='ocrx_word' id='word_1_425' title='bbox 1683 3576 1894 3626; x_wconf 85' lang='lat' dir='ltr'><strong>operam</strong></span> <span class='ocrx_word' id='word_1_426' title='bbox 1920 3561 2113 3622; x_wconf 83' lang='lat' dir='ltr'><strong>daturi,</strong></span> <span class='ocrx_word' id='word_1_427' title='bbox 2129 3560 2180 3610; x_wconf 87' lang='lat' dir='ltr'><strong>in</strong></span> <span class='ocrx_word' id='word_1_428' title='bbox 2201 3558 2451 3625; x_wconf 81' lang='lat' dir='ltr'><strong>ejusmodi</strong></span> <span class='ocrx_word' id='word_1_429' title='bbox 2471 3561 2742 3610; x_wconf 86' lang='lat' dir='ltr'><strong>lecticulas</strong></span> 
     </span>
     <span class='ocr_line' id='line_1_61' title="bbox 1683 3635 2743 3701; baseline -0.002 -14"><span class='ocrx_word' id='word_1_430' title='bbox 1683 3652 1738 3687; x_wconf 91' lang='lat' dir='ltr'><strong>se</strong></span> <span class='ocrx_word' id='word_1_431' title='bbox 1761 3637 2104 3701; x_wconf 84' lang='lat' dir='ltr'><strong>recipiebant,</strong></span> <span class='ocrx_word' id='word_1_432' title='bbox 2127 3635 2266 3701; x_wconf 91' lang='lat' dir='ltr'><strong>quod</strong></span> <span class='ocrx_word' id='word_1_433' title='bbox 2289 3650 2389 3684; x_wconf 89' lang='lat' dir='ltr'><strong>non</strong></span> <span class='ocrx_word' id='word_1_434' title='bbox 2412 3647 2571 3698; x_wconf 87' lang='lat' dir='ltr'><strong>snper</strong></span> <span class='ocrx_word' id='word_1_435' title='bbox 2599 3650 2743 3685; x_wconf 90' lang='lat' dir='ltr'><strong>men·</strong></span> 
     </span>
     <span class='ocr_line' id='line_1_62' title="bbox 1681 3712 2745 3777; baseline -0.004 -13"><span class='ocrx_word' id='word_1_436' title='bbox 1681 3715 1751 3765; x_wconf 91' lang='lat' dir='ltr'><strong>sis</strong></span> <span class='ocrx_word' id='word_1_437' title='bbox 1796 3716 1877 3763; x_wconf 90' lang='lat' dir='ltr'><strong>vel</strong></span> <span class='ocrx_word' id='word_1_438' title='bbox 1922 3712 2131 3777; x_wconf 90' lang='lat' dir='ltr'><strong>pluteis,</strong></span> <span class='ocrx_word' id='word_1_439' title='bbox 2174 3721 2233 3763; x_wconf 89' lang='lat' dir='ltr'><strong>ut</strong></span> <span class='ocrx_word' id='word_1_440' title='bbox 2280 3712 2518 3776; x_wconf 87' lang='lat' dir='ltr'><strong>plerique</strong></span> <span class='ocrx_word' id='word_1_441' title='bbox 2570 3712 2745 3775; x_wconf 78' lang='lat' dir='ltr'><strong>bodie,</strong></span> 
     </span>
     <span class='ocr_line' id='line_1_63' title="bbox 1680 3787 2742 3855; baseline -0.003 -14"><span class='ocrx_word' id='word_1_442' title='bbox 1680 3791 2057 3855; x_wconf 85' lang='lat' dir='ltr'><strong>scriptitarent,</strong></span> <span class='ocrx_word' id='word_1_443' title='bbox 2077 3789 2168 3838; x_wconf 88' lang='lat' dir='ltr'><strong>sed</strong></span> <span class='ocrx_word' id='word_1_444' title='bbox 2188 3803 2344 3853; x_wconf 90' lang='lat' dir='ltr'><strong>snper</strong></span> <span class='ocrx_word' id='word_1_445' title='bbox 2364 3787 2559 3839; x_wconf 87' lang='lat' dir='ltr'><strong>femore</strong></span> <span class='ocrx_word' id='word_1_446' title='bbox 2582 3790 2742 3838; x_wconf 88' lang='lat' dir='ltr'><strong>collo-</strong></span> 
     </span>
     <span class='ocr_line' id='line_1_64' title="bbox 1680 3870 2022 3920; baseline -0.003 0"><span class='ocrx_word' id='word_1_447' title='bbox 1680 3877 1800 3920; x_wconf 85' lang='lat' dir='ltr'><strong>cata</strong></span> <span class='ocrx_word' id='word_1_448' title='bbox 1823 3870 2022 3920; x_wconf 80' lang='lat' dir='ltr'><strong>charta.</strong></span> 
     </span>
    </p>

    <p class='ocr_par' dir='ltr' id='par_1_11' title="bbox 1680 3944 2742 4086">
     <span class='ocr_line' id='line_1_65' title="bbox 1744 3944 2742 4012; baseline -0.001 -16"><span class='ocrx_word' id='word_1_449' title='bbox 1744 3955 1768 3980; x_wconf 87' lang='lat'>⁰</span> <span class='ocrx_word' id='word_1_450' title='bbox 1801 3946 1985 3996; x_wconf 73' lang='lat' dir='ltr'><strong>Dim-m·</strong></span> <span class='ocrx_word' id='word_1_451' title='bbox 2004 3945 2163 4012; x_wconf 74' lang='lat' dir='ltr'><strong>actus]</strong></span> <span class='ocrx_word' id='word_1_452' title='bbox 2199 3945 2327 4010; x_wconf 87' lang='lat' dir='ltr'><strong>Ejus</strong></span> <span class='ocrx_word' id='word_1_453' title='bbox 2361 3944 2529 4008; x_wconf 86' lang='lat' dir='ltr'><strong>diarii,</strong></span> <span class='ocrx_word' id='word_1_454' title='bbox 2550 3944 2617 3995; x_wconf 85' lang='lat' dir='ltr'><strong>de</strong></span> <span class='ocrx_word' id='word_1_455' title='bbox 2639 3958 2742 4011; x_wconf 88' lang='lat' dir='ltr'><strong>quo</strong></span> 
     </span>
     <span class='ocr_line' id='line_1_66' title="bbox 1680 4026 2005 4086; baseline -0.006 -13"><span class='ocrx_word' id='word_1_456' title='bbox 1680 4037 1836 4086; x_wconf 86' lang='lat' dir='ltr'><strong>supra</strong></span> <span class='ocrx_word' id='word_1_457' title='bbox 1856 4037 1903 4072; x_wconf 90' lang='lat' dir='ltr'><strong>c.</strong></span> <span class='ocrx_word' id='word_1_458' title='bbox 1925 4026 2005 4072; x_wconf 77' lang='lat'><strong>64.</strong></span> 
     </span>
    </p>

    <p class='ocr_par' dir='ltr' id='par_1_12' title="bbox 1684 4095 2740 4394">
     <span class='ocr_line' id='line_1_67' title="bbox 1745 4095 2740 4160; baseline 0.001 -13"><span class='ocrx_word' id='word_1_459' title='bbox 1745 4107 1771 4140; x_wconf 73' lang='grc' dir='ltr'>Ρ</span> <span class='ocrx_word' id='word_1_460' title='bbox 1804 4098 1941 4147; x_wconf 77' lang='lat' dir='ltr'><strong>Sacri</strong></span> <span class='ocrx_word' id='word_1_461' title='bbox 1962 4095 2127 4160; x_wconf 72' lang='lat' dir='ltr'><strong>caasa]</strong></span> <span class='ocrx_word' id='word_1_462' title='bbox 2167 4095 2434 4160; x_wconf 86' lang='lat' dir='ltr'><strong>Ejusmodi</strong></span> <span class='ocrx_word' id='word_1_463' title='bbox 2454 4095 2740 4148; x_wconf 85' lang='lat' dir='ltr'><strong>officiorum</strong></span> 
     </span>
     <span class='ocr_line' id='line_1_68' title="bbox 1684 4173 2738 4238; baseline 0 -14"><span class='ocrx_word' id='word_1_464' title='bbox 1684 4182 1739 4224; x_wconf 83' lang='lat' dir='ltr'><strong>et</strong></span> <span class='ocrx_word' id='word_1_465' title='bbox 1762 4189 2020 4224; x_wconf 87' lang='lat' dir='ltr'><strong>sacrorum</strong></span> <span class='ocrx_word' id='word_1_466' title='bbox 2063 4187 2217 4223; x_wconf 87' lang='lat' dir='ltr'><strong>cansa</strong></span> <span class='ocrx_word' id='word_1_467' title='bbox 2254 4173 2509 4237; x_wconf 75' lang='lat' dir='ltr'><strong>intellige,</strong></span> <span class='ocrx_word' id='word_1_468' title='bbox 2539 4173 2607 4224; x_wconf 89' lang='lat' dir='ltr'><strong>de</strong></span> <span class='ocrx_word' id='word_1_469' title='bbox 2631 4176 2738 4238; x_wconf 85' lang='lat' dir='ltr'><strong>qui·</strong></span> 
     </span>
     <span class='ocr_line' id='line_1_69' title="bbox 1685 4248 2737 4315; baseline -0.002 -14"><span class='ocrx_word' id='word_1_470' title='bbox 1685 4252 1780 4301; x_wconf 80' lang='lat' dir='ltr'><strong>bus</strong></span> <span class='ocrx_word' id='word_1_471' title='bbox 1824 4266 1981 4315; x_wconf 86' lang='lat' dir='ltr'><strong>supra</strong></span> <span class='ocrx_word' id='word_1_472' title='bbox 2019 4266 2066 4301; x_wconf 94' lang='lat' dir='ltr'><strong>c.</strong></span> <span class='ocrx_word' id='word_1_473' title='bbox 2110 4254 2193 4299; x_wconf 72' lang='lat'><strong>58.</strong></span> <span class='ocrx_word' id='word_1_474' title='bbox 2238 4248 2388 4306; x_wconf 76' lang='lat' dir='ltr'><strong>dixit,</strong></span> <span class='ocrx_word' id='word_1_475' title='bbox 2431 4250 2737 4301; x_wconf 85' lang='lat' dir='ltr'><strong>civilitatem</strong></span> 
     </span>
     <span class='ocr_line' id='line_1_70' title="bbox 1685 4325 2735 4394; baseline 0 -17"><span class='ocrx_word' id='word_1_476' title='bbox 1685 4329 1799 4394; x_wconf 89' lang='lat' dir='ltr'><strong>ejus</strong></span> <span class='ocrx_word' id='word_1_477' title='bbox 1813 4330 2050 4378; x_wconf 81' lang='lat' dir='ltr'><strong>narrans.</strong></span> <span class='ocrx_word' id='word_1_478' title='bbox 2106 4325 2270 4380; x_wconf 82' lang='lat' dir='ltr'><strong>Erant</strong></span> <span class='ocrx_word' id='word_1_479' title='bbox 2288 4325 2424 4381; x_wconf 82' lang='lat' dir='ltr'><strong>euim</strong></span> <span class='ocrx_word' id='word_1_480' title='bbox 2447 4340 2565 4391; x_wconf 82' lang='lat' dir='ltr'><strong>quae</strong></span> <span class='ocrx_word' id='word_1_481' title='bbox 2591 4341 2622 4381; x_wconf 85' lang='lat' dir='ltr'><strong>a</strong></span> <span class='ocrx_word' id='word_1_482' title='bbox 2637 4340 2735 4378; x_wconf 86' lang='lat' dir='ltr'><strong>me·</strong></span> 
     </span>
    </p>
   </div>
  </div>
 </body>
</html>
