3019 4922
1254 420 1554 472 sumus·
2315 436 2322 441 ·
2412 412 2499 489 35

301 563 523 647 gentis
541 570 564 609 ³
610 560 874 629 familia
901 566 1007 628 est·
1032 569 1276 632 nostra.
1364 566 1495 631 Est
1526 576 1680 649 ergo
1709 566 2050 649 ingonem
2077 546 2146 634 et
2176 572 2506 639 sanctitas

298 686 552 750 regum,
583 667 702 750 qui
747 666 1111 750 plurimum
1155 669 1326 734 inter
1361 669 1670 734 homines
1700 671 1975 755 pollent,
2008 680 2081 739 et
2127 674 2509 743 caerimonia

307 771 636 847 Deorum,
665 788 944 852 quorum
971 770 1108 854 ipsi
1136 772 1204 836 in
1230 777 1562 857 potestate
1590 779 1744 839 sunt
1771 775 2010 858 reges?
2053 775 2138 840 In
2166 774 2503 845 Corneliae

308 881 535 939 autem
562 873 788 938 locum
811 872 1208 959 Pompeiam
1238 875 1484 955 duxit,†
1509 873 1598 954 Q.
1622 875 1936 960 Pompeii
1964 877 2198 957 filiam,
2219 879 2332 946 L.4
2352 879 2509 964 Syl-

305 979 392 1042 1ae
420 983 732 1060 neptem:
780 996 930 1041 cum
959 997 1095 1061 qua
1141 970 1378 1044 deinde
1421 979 1783 1047 divortium
1827 981 2017 1060 fecit,
2065 981 2509 1049 adulteratam

308 1082 623 1164 opinatus
671 1099 715 1145 a
761 1078 845 1144 P.
876 1079 1117 1146 Clodio
1138 1072 1174 1162 ;v
1209 1101 1411 1165 quem
1464 1081 1633 1147 inter
1685 1082 1995 1164 publicas
2045 1085 2509 1152 caerimonias‘

311 1187 701 1264 penetrasse
761 1181 850 1245 ad
904 1201 1051 1247 eam
1103 1183 1414 1248 muliebri
1470 1191 1719 1263 veste,⁵
1772 1189 1904 1250 tam
1961 1191 2280 1251 constans
2331 1188 2512 1254 fama

314 1289 477 1362 erat,
507 1290 585 1347 ut
616 1284 902 1348 Senatus
939 1287 1380 1368 quaestionem
1411 1286 1497 1350 de
1529 1287 1809 1372 pollutis
1852 1289 2066 1353 sacris
2097 1288 2510 1356 decreverit.⁶

313 1386 429 1471 [7.]
462 1387 808 1467 Quaestori
832 1387 1099 1453 ulterior
1123 1388 1506 1476 Hispaniay
1539 1390 1847 1456 obvenit:
1877 1391 1996 1455 ubi
2020 1411 2169 1456 cum
2189 1395 2509 1459 mandatu

310 1489 674 1556 Praetoris⁷
693 1497 716 1524 ²
750 1490 901 1575 jure
931 1491 1223 1557 dicundo
1242 1491 1306 1532 ⁶⁸
1351 1503 1764 1559 conventusa
1792 1494 2221 1575 circumiret,⁹
2252 1495 2513 1562 Gades-

314 1613 443 1676 que
464 1591 560 1632 101’
621 1594 945 1673 venisset,
1007 1595 1479 1663 animadversa
1557 1596 1740 1680 apud
1802 1596 2123 1663 Herculis
2190 1598 2511 1681 templum

373 1790 396 1822 ⁹
424 1782 606 1846 Aajnae
626 1786 894 1839 dicendum.

1231 1917 1589 1941 onoceeoeeeo

304 2018 335 2063 3
372 2013 578 2065 Generis
600 2016 788 2079 CopeS.
825 2015 1015 2066 Manus
1048 2015 1206 2067 docta
1237 2016 1302 2065 ad
1340 2015 1441 2065 Ed.
1477 2017 1663 2080 Steph.
1703 2016 2012 2079 ascripserat
2042 2017 2096 2066 in
2125 2031 2297 2079 genere
2318 2022 2514 2077 nostro,

304 2080 396 2128 sed
422 2081 613 2130 nullius
637 2081 894 2131 exstantis
915 2081 1032 2132 cod.
1054 2081 1194 2131 freta
1216 2082 1651 2131 auctoritate.-4
1671 2082 1731 2130 L.
1753 2081 1902 2130 deest
1922 2082 2252 2130 Harlem.—5
2280 2082 2355 2131 In.
2380 2098 2443 2130 m.
2464 2098 2512 2131 v.

304 2144 461 2194 Huls.
485 2145 675 2209 Copes.
699 2146 892 2196 Medic.
918 2151 966 2197 1.
989 2147 1148 2196 Bern.
1176 2152 1221 2195 1.
1245 2146 1381 2211 quod
1406 2146 1544 2195 Oud.
1581 2152 1636 2195 et
1669 2146 1975 2195 Ruhnkenio
2001 2146 2355 2212 placebat.-6
2387 2147 2513 2198 Qui-

284 2209 424 2258 [dam
461 2211 728 2261 malebant
762 2214 1047 2272 decerneret,
1082 2212 1263 2275 inepte
1295 2218 1354 2260 ut
1373 2210 1560 2261 Wolfio
1598 2211 1824 2267 videtur,
1858 2211 1996 2262 sicut
2030 2218 2087 2261 et
2110 2211 2216 2271 suit
2258 2226 2350 2274 pro
2388 2216 2510 2260 erat.

304 2278 402 2322 —7
435 2276 679 2325 Mandata
700 2277 763 2326 P.
787 2277 852 2328 R.
874 2277 1085 2329 Memm.
1109 2277 1234 2325 Par.
1257 2289 1433 2325 omnes
1455 2284 1511 2325 et
1540 2277 1832 2339 Ursiniani5
1867 2277 1990 2326 item
2022 2277 2089 2327 P.
2114 2276 2180 2325 R.
2206 2277 2258 2324 in
2280 2277 2437 2324 vind.
2463 2280 2513 2325 2.

303 2338 588 2403 Mediceis,
611 2347 665 2389 et
690 2341 837 2391 Cort.
904 2341 1082 2405 Populi
1106 2342 1312 2390 Romani
1340 2341 1454 2390 Pal.
1480 2349 1609 2403 tres,
1640 2342 1827 2406 Copes.
1850 2350 1902 2391 et
1926 2341 2024 2391 Ed.
2050 2342 2197 2391 Rom.
2225 2340 2513 2404 Reipublicae

303 2403 461 2454 vind.
488 2410 537 2455 1.
579 2406 677 2455 Ed.
715 2405 927 2456 Medici.
965 2413 1201 2471 utraque,
1232 2404 1381 2456 Cald.
1411 2406 1562 2457 Junt.
1591 2405 1712 2456 Ald.
1736 2407 1974 2469 aliaeque,
1999 2407 2085 2454 Pr.
2124 2406 2308 2470 Steph.
2331 2406 2512 2468 Camp.

301 2468 447 2520 Hinc
481 2471 604 2521 Car.
640 2472 880 2535 Sigonius
923 2472 1155 2522 restituit
1192 2472 1446 2533 Proetoris,
1480 2471 1819 2535 probantibus
1856 2472 2099 2534 Tor-rent.
2132 2472 2251 2520 Urs.
2290 2472 2511 2520 Casaub.

303 2533 466 2586 Wolf.
534 2536 641 2587 Sed
666 2537 912 2587 Barthius
936 2536 1071 2587 Adv.
1096 2550 1222 2588 XLV.
1247 2543 1292 2585 1.
1332 2537 1630 2600 suspicatur
1664 2538 1760 2586 viri
1792 2551 1979 2587 nomen
2017 2536 2281 2600 proprium
2304 2535 2356 2585 h.
2381 2536 2415 2585 l.
2443 2536 2513 2583 la-

301 2603 439 2651 tere.
497 2600 708 2651 Deinde
730 2617 829 2667 pro
849 2604 1075 2651 mndata
1095 2601 1288 2651 habent
1312 2602 1501 2664 Copes.
1526 2602 1677 2654 Junt.
1702 2601 1821 2650 Ald.
1855 2602 1946 2651 Ste
1987 2602 2036 2651 Ιι.
2056 2615 2117 2651 ac
2141 2601 2255 2650 aliae
2276 2602 2518 2662 mandato,

303 2664 398 2713 sed
421 2665 553 2714 illud
578 2667 858 2716 restituunt
877 2667 1016 2717 Oud.
1036 2667 1440 2729 Burm.Baumg.
1461 2666 1829 2716 accedentibus
1846 2667 1935 2716 Me
1977 2700 1990 2714 .
2006 2670 2056 2716 2.
2074 2666 2222 2714 Voss.
2236 2671 2295 2711 et
2313 2664 2514 2727 Obsop.

302 2733 402 2778 -8
438 2729 659 2780 Dicendo
694 2732 839 2781 Med.
877 2731 1000 2796 duo,
1032 2731 1234 2794 Obsop.
1256 2730 1418 2781 Vind.
1442 2736 1490 2781 1.
1533 2731 1709 2781 Per-iz.
1750 2730 1941 2794 Copes.
1974 2730 2204 2779 Har-lem.
2230 2729 2363 2778 Ven.
2389 2736 2514 2789 tres,

305 2792 490 2860 Stepb.
521 2796 669 2848 Junt.
701 2796 823 2847 Ald.
872 2796 1020 2847 Cald.
1059 2795 1378 2848 Mediol.—9
1415 2796 1653 2860 circuiret
1686 2795 1883 2847 Medic.
1921 2799 1976 2845 2.
2009 2794 2085 2844 uti
2119 2792 2286 2843 edidit
2331 2794 2512 2842 Burm.

1307 2927 1529 3005 Now

304 3022 529 3073 “Romam
571 3024 857 3089 transtulit,
895 3037 956 3076 ac
991 3026 1044 3076 in
1081 3032 1258 3092 patres
1282 3040 1370 3075 co·

311 3101 534 3165 optavit.

372 3187 397 3234 *l*
433 3177 501 3228 Α.
523 3179 594 3228 U.
621 3180 681 3229 C.
713 3185 825 3231 687.

365 3259 396 3285 ¹
432 3254 658 3304 Publicus
670 3258 986 3323 ccerimonias]
1020 3258 1278 3322 Intelligit
1295 3274 1374 3327 sa·

315 3344 400 3380 cra
421 3331 577 3380 bonae
602 3334 756 3392 Deae,
792 3335 1030 3398 quoniam
1068 3351 1097 3384 a
1123 3335 1371 3384 matronis

315 3420 405 3469 pro
428 3408 623 3471 populo
645 3408 903 3457 celebrari
925 3409 1269 3460 dicebantur:
1305 3410 1371 3458 ri-

314 3489 396 3533 tus
427 3491 606 3534 autem
637 3485 834 3535 illarum
858 3488 1156 3552 praecipuus
1179 3494 1293 3536 erat
1318 3492 1375 3536 ut

314 3559 430 3611 inde
455 3575 633 3610 omnes
667 3561 764 3610 viri
793 3576 916 3612 cura
945 3577 1132 3627 magna
1154 3577 1374 3612 summo·

316 3645 579 3700 verentur,
621 3638 746 3702 quin
786 3646 840 3688 et
879 3640 1004 3704 ipsse
1032 3641 1374 3690 masculorum

318 3716 608 3764 animalium
634 3714 881 3780 imagines
899 3723 1217 3781 tegerentur.
1245 3716 1375 3774 Cum

321 3798 487 3841 antem
532 3790 733 3841 ‘fierent
788 3795 838 3841 in
896 3792 1048 3842 domo
1105 3791 1377 3842 Pontificis

316 3864 553 3929 Maximi,
577 3866 789 3917 Clodius
827 3869 1065 3918 Psaltriae
1107 3875 1251 3917 veste
1290 3883 1375 3917 oc-

322 3941 543 3991 cultatus
585 3942 874 4006 deprensus
914 3950 996 3993 est
1041 3944 1094 3992 in
1137 3943 1378 3994 cubiculo

321 4018 464 4067 unius
497 4033 564 4068 ex
597 4019 868 4081 Pompeiae
904 4034 1056 4085 quam
1097 4019 1373 4082 deperibat

327 4095 536 4147 ancillis.
580 4096 893 4145 Plutarchus
913 4110 1016 4145 non
1040 4097 1093 4145 in
1117 4096 1374 4158 cubiculo,
1408 4149 1413 4154 ,

324 4170 409 4219 sed
433 4172 578 4234 alibi,
599 4179 655 4221 et
679 4174 742 4221 ab
763 4173 880 4235 ipsa
903 4172 1213 4241 deprensum
1234 4174 1376 4236 puel-

328 4247 376 4296 la
411 4249 553 4301 dicit.
618 4250 737 4302 Qua
771 4252 836 4298 de
877 4264 1032 4299 cansa
1073 4251 1376 4301 violatarum

331 4325 728 4380 caerimoniarum
750 4334 1021 4378 accusatus
1043 4335 1140 4378 est.

1515 3034 1539 3069 ν
1580 3025 1792 3075 Ulterior
1817 3022 2076 3087 Hispania]
2100 3020 2303 3072 Baetica
2332 3034 2422 3070 seu
2461 3018 2517 3069 il·

1452 3104 1518 3154 1ae
1543 3110 1664 3153 sunt
1689 3104 1959 3167 Hispania>
1984 3104 2219 3167 regiones
2245 3117 2358 3168 quae
2383 3102 2517 3151 Gra-

1454 3181 1655 3230 natensi
1670 3187 1725 3230 et
1739 3181 2020 3231 Lusitaniae
2042 3179 2211 3244 regnis
2228 3178 2381 3229 hodie
2400 3192 2519 3227 con·

1458 3260 1710 3308 tinentur.
2421 3307 2422 3310 Ἴ

1520 3342 1541 3366 ²
1566 3336 1801 3385 Mandata
1822 3334 2059 3385 Praetoris
2081 3334 2173 3406 [P.
2194 3332 2283 3396 R.]
2307 3334 2514 3396 Legunt

1455 3410 1543 3459 alii
1579 3412 1741 3473 populi
1762 3412 1987 3473 Romani,
2009 3410 2096 3460 alii
2118 3425 2240 3461 vero
2259 3409 2485 3474 proetoris
2499 3427 2515 3457 .-

1453 3486 1550 3536 hoc
1572 3487 1802 3550 pluribus
1823 3487 2267 3552 arridet,maxime
2286 3501 2401 3535 cum
2422 3483 2517 3534 sub

1457 3562 1688 3612 Antistio
1715 3571 1945 3627 praetore
1965 3569 2281 3627 quaesturam
2300 3573 2518 3624 exercu-

1457 3640 1557 3689 isse
1575 3644 1784 3689 constet
1807 3654 1873 3688 ex
1892 3640 2112 3689 Velleio.

1522 3722 1546 3748 ¹²
1571 3712 1863 3777 Conventus]
1888 3715 1967 3763 Ea
1983 3725 2170 3776 nempe
2191 3712 2306 3760 loca
2328 3710 2380 3759 iu
2404 3724 2517 3780 quae

1456 3791 1626 3840 litium
1663 3806 1819 3840 causa
1850 3790 2028 3854 populi
2065 3785 2443 3838 conveniebant
2465 3793 2522 3835 et

1457 3868 1494 3919 J
1499 3867 1687 3917 uridici
1728 3866 2069 3931 magistratus
2115 3864 2178 3914 ad
2213 3864 2301 3928 jus
2347 3863 2519 3913 dicen·

1461 3945 1603 3994 dum.

1520 4022 1544 4055 b
1600 4021 1863 4084 Gadesque,
1914 4019 2023 4084 ξω]
2085 4018 2225 4069 Urbs
2274 4017 2524 4084 primaria

1457 4095 1694 4161 ejusdem
1716 4095 1935 4146 nominis
1959 4097 2136 4145 insulae
2160 4099 2275 4145 700.
2298 4108 2399 4144 non
2417 4109 2521 4144 am-

1458 4174 1593 4239 plius
1621 4173 1839 4237 pedibus
1862 4190 1890 4223 a
1915 4172 2204 4223 continenti
2247 4172 2526 4234 sejunctae,

1459 4257 1613 4298 extra
1645 4249 1770 4299 freti
1806 4250 2056 4300 Herculei
2082 4247 2361 4311 angustias,
2383 4248 2522 4297 unde

1462 4327 1601 4378 dicta
1625 4336 1708 4378 est
1725 4329 1816 4377 illa
1838 4328 2020 4377 civitas
2037 4326 2280 4376 itinerum
2302 4338 2363 4374 ac
2380 4324 2521 4374 labo·
