3019 4922
535 393 665 461 480
1386 409 1449 459 ο.
1492 408 1843 459 susroun

540 556 857 640 teposuit,
887 557 974 620 ob
1005 560 1275 638 epotam
1317 555 1383 619 iu
1421 555 1756 633 convivio,
1801 554 2197 638 propinante
2245 572 2340 631 se,
2382 552 2523 618 vini
2569 571 2712 657 aru-³

539 659 871 742 phorum-¹²
957 655 1263 722 Asellio4
1289 658 1540 723 Sabino
1585 658 1893 723 sestertia
1933 658 2217 722 ducenta
2237 665 2264 691 V
2293 655 2567 720 donavit
2593 672 2706 737 pro

541 759 874 843 dialogo,W
901 761 967 825 iu
998 780 1132 845 quo
1161 760 1421 835 boleti‚¹
1448 767 1519 823 et
1546 759 1905 837 ficedulae,y
1951 766 2014 824 et
2057 765 2347 838 ostreae,¹⁵
2389 763 2456 822 et
2496 755 2709 820 turdi*

542 867 872 927 certamen
911 863 1286 928 induxerat.
1376 861 1647 926 Novum
1689 861 1977 946 denique
2021 860 2311 926 officinm
2358 858 2645 924 instituit
2670 875 2711 921 a

542 958 1054 1047 voluptatibuS,¹’
1108 964 1513 1048 praeposito⁵
1573 965 1818 1048 Equite
1881 964 2212 1042 Romano,
2267 964 2351 1027 T.
2397 959 2711 1027 Caesonio

545 1064 806 1131 Prisco.
891 1066 1060 1151 [43]
1102 1066 1389 1132 Secessn
1432 1086 1594 1133 vero
1625 1067 1995 1152 Capreensi
2012 1064 2040 1107 ⁶
2071 1066 2275 1133 etiam
2307 1064 2713 1131 sellariam⁷⁶

1383 1253 1809 1284 eeeeeeeeeeeee

540 1411 593 1447 se
614 1396 966 1448 Medie.1.—4
997 1393 1061 1448 In
1082 1412 1182 1447 nno
1210 1395 1302 1449 lib.
1322 1398 1469 1448 Torr.
1492 1398 1560 1448 Δ.
1585 1398 1746 1449 Senio.
1810 1398 1949 1448 Delu
1982 1398 2131 1448 ostric
2166 1397 2379 1446 Merum.
2408 1400 2568 1445 ostrea
2605 1395 2716 1446 Me·

545 1462 646 1511 dic.
668 1467 712 1512 1.
733 1467 781 1512 3.
801 1463 927 1525 Cop.
949 1470 1004 1512 et
1030 1463 1203 1513 Culleti
1227 1462 1455 1512 Harlem.
1488 1462 1600 1528 (qui
1628 1471 1679 1512 et
1706 1462 1858 1527 trudi)
1883 1463 1981 1512 Ed.
2002 1465 2136 1514 Ven.
2162 1468 2209 1512 l.
2276 1462 2336 1511 Iu
2365 1461 2563 1512 Medic.
2590 1465 2638 1509 1.
2672 1462 2718 1507 3.

543 1527 834 1583 indixerant,
867 1528 998 1590 Cop.
1022 1528 1174 1577 Huls.
1192 1526 1546 1578 indixerat.-5
1585 1528 1783 1590 Propos.
1806 1527 1975 1578 Periz.
2000 1528 2229 1578 Harlem.
2262 1526 2394 1575 Edd.
2418 1527 2551 1573 Ven.
2569 1524 2715 1600 Med.

546 1591 694 1640 Cald.
721 1592 884 1654 Lugd.
903 1592 1051 1643 Jnnt.
1071 1592 1192 1642 Ald.
1217 1592 1269 1640 in
1299 1592 1484 1656 quibus
1520 1607 1632 1641 cum
1665 1592 1777 1641 aliis
1801 1599 1855 1641 et
1877 1608 1977 1641 uuo
2000 1592 2128 1642 Cod.
2147 1593 2291 1642 Torr.
2310 1596 2356 1640 et
2385 1592 2608 1639 Censorio
2631 1589 2721 1664 Prt

550 1655 730 1719 Camp.
755 1661 801 1704 et
828 1658 1056 1714 Coesonio,
1102 1657 1265 1721 Lugd.
1314 1657 1348 1708 J
1355 1663 1464 1706 unt.
1514 1658 1568 1706 Τ.
1610 1658 1793 1706 C'oeson.
1838 1657 1958 1721 Cuj.
1992 1658 2100 1706 Tito
2145 1655 2457 1705 Cervam—6
2493 1655 2722 1716 cupreum

540 1719 759 1769 ‘Memm.
796 1721 989 1771 Medic.
1009 1725 1058 1770 3.
1090 1728 1306 1784 uterque
1328 1721 1483 1771 vind.
1509 1722 1654 1771 Cort.
1679 1722 1828 1771 Voss.
1857 1722 2012 1771 Foue.
2052 1721 2219 1770 Periz-
2260 1721 2488 1769 Harlem.
2512 1717 2643 1780 Cop.
2660 1723 2720 1792 'et

544 1783 680 1833 Edd.
700 1786 939 1836 Vota—⁷
963 1786 1166 1836 Sellaria
1188 1786 1400 1836 Memm.
1421 1786 1539 1836 Pal.
1559 1790 1605 1834 1.
1624 1789 1674 1834 2.
1691 1799 1806 1834 cum
1828 1785 1982 1835 duob.
2003 1785 2338 1849 exemplarib.
2359 1783 2504 1833 Torr.
2529 1780 2723 1830 Medic.

548 1851 596 1898 l.
618 1852 667 1899 3.
689 1849 858 1900 Vatic.
881 1850 1014 1901 Edd.
1039 1851 1278 1901 Beroald.
1302 1850 1423 1900 Ald.
1447 1864 1662 1915 eamque
1684 1850 1805 1901 lect.
1831 1851 2067 1915 probavit
2087 1851 2235 1900 Torr.
2283 1848 2520 1899 Selium
2541 1846 2654 1897 Pal.
2678 1849 2724 1895 3.

1534 2031 1747 2082 No'rAE

611 2143 635 2172 ἵ·
667 2133 977 2208 Amphor-am]
1012 2137 1146 2194 Hoec
1179 2148 1260 2194 est
1284 2143 1596 2210 liquidorum
1677 2144 1790 2195 ficis
1802 2145 1987 2206 alatur,
2003 2144 2044 2193 si
2065 2142 2359 2200 Martialem
2383 2139 2582 2198 audias,
2609 2139 2724 2205 Epi·

546 2228 804 2279 mensura,
841 2233 1052 2281 quarum
1092 2208 1264 2284 partes
1294 2222 1385 2271 has
1438 2220 1603 2272 refert
1681 2228 1963 2285 grammate
1986 2221 2248 2285 sequenti:
2283 2220 2444 2269 ‘Cum
2480 2232 2564 2268 me
2601 2216 2723 2267 ficus

549 2292 774 2343 Budaeus
811 2294 901 2345 lib.
945 2310 1000 2347 v.
1022 2297 1089 2346 de
1141 2297 1296 2349 Asse.
1345 2299 1602 2363 Capiebat
1677 2297 1800 2360 alat,
1822 2304 1876 2346 et
1902 2310 2086 2359 pascar
2107 2294 2342 2344 dulcibus
2358 2294 2487 2351 uvis,
2511 2292 2620 2342 C‘ur
2641 2306 2726 2342 no·

548 2383 704 2418 urnas
726 2368 876 2436 duas,
898 2372 1095 2423 modios
1115 2378 1241 2434 tres,
1266 2375 1477 2439 congios
1517 2389 1603 2425 oc·
1673 2377 1795 2423 'men
1821 2374 1988 2437 potius
2013 2385 2111 2421 non
2139 2371 2284 2421 dedit
2308 2386 2407 2420 uva
2430 2370 2554 2419 mihi
2569 2369 2604 2418 ?’

549 2452 625 2510 to,
645 2448 896 2499 sextarios
914 2451 1261 2516 qnadraginta
1285 2463 1425 2503 octo.
1478 2453 1630 2504 Sex·.
1742 2459 1764 2486 ¹
1798 2451 2005 2516 Ostreoe]
2060 2450 2139 2501 De
2193 2450 2270 2499 bis
2315 2447 2477 2498 multa
2543 2445 2727 2511 passim

549 2523 713 2572 tarius
736 2532 906 2575 autem
935 2529 1214 2585 Romanus,
1237 2536 1295 2580 ut
1330 2531 1603 2593 experien·
1676 2528 1811 2593 apud
1846 2534 2096 2577 auctores.
2161 2526 2555 2576 Laudatissimae
2593 2522 2724 2586 apud

550 2599 626 2648 tia
649 2600 914 2651 abeodem
937 2601 1078 2652 facta
1109 2612 1166 2654 et
1207 2605 1399 2654 ibidem
1438 2607 1606 2655 relata
1681 2606 1908 2656 Circeios
1963 2604 2103 2653 Latii
2141 2601 2544 2667 promontorium
2593 2599 2728 2648 idem

551 2677 825 2739 colligitur,
849 2680 1092 2729 nostratis
1125 2681 1279 2743 pinta
1307 2681 1435 2745 (qua
1469 2681 1604 2730 scili·
1683 2682 1931 2732 Horatius
1976 2682 2086 2730 Sat.
2129 2684 2178 2730 4.
2222 2679 2310 2729 lib.
2354 2691 2421 2727 n.
2464 2690 2601 2726 vers.
2650 2678 2730 2724 33.

551 2759 639 2802 cet
655 2753 864 2802 Parisiis
887 2762 1238 2818 cauponantes
1260 2756 1503 2822 utuntur)
1518 2757 1605 2805 do·

549 2828 784 2880 drentem
809 2832 968 2894 capit,
987 2833 1085 2882 hoc
1106 2838 1205 2896 est,
1228 2840 1332 2883 tres
1366 2835 1608 2884 semisex-

551 2904 777 2954 tariolos.
837 2906 956 2958 Qua
978 2908 1178 2958 ratione
1201 2908 1496 2972 amphoram
1521 2910 1606 2972 qui

553 2980 917 3038 exsiccaverit,
947 2981 1081 3033 hunc
1105 2984 1322 3046 triginta
1361 2999 1452 3033 sex
1493 2999 1609 3033 nos-

553 3061 716 3105 trates
732 3057 894 3118 piatas
915 3058 1144 3108 hausisse
1163 3059 1398 3122 oportuit
1420 3075 1434 3108 e
1471 3061 1607 3123 quod

555 3138 615 3252 gt
665 3130 803 3179 idem
863 3131 1089 3181 Budaeus
1165 3134 1294 3183 dicit
1351 3134 1605 3184 credibile

599 3204 692 3253 eri.

618 3288 642 3314 v
675 3281 911 3332 Sestertio
944 3284 1167 3348 ducenta]
1193 3286 1310 3336 Hoc
1345 3293 1444 3351 est,
1466 3292 1613 3342 8750.

553 3356 645 3408 lib.
681 3357 895 3422 Singula
917 3360 1052 3409 enim
1077 3361 1319 3413 sestertia
1349 3364 1488 3413 mille
1507 3379 1615 3415 ses-

554 3433 737 3483 tertios
765 3435 956 3500 valent,
982 3443 1039 3485 ut
1061 3452 1216 3501 supra
1248 3439 1299 3488 in
1320 3438 1461 3491 Julio
1491 3455 1610 3506 cap.

524 3558 527 3561 ,
558 3513 642 3560 26.
664 3516 893 3560 notatum
918 3518 1015 3560 est.
1313 3540 1317 3544 ·

619 3593 653 3618 W
686 3585 1063 3648 Dm30110u0
1107 3588 1197 3639 illa
1242 3589 1614 3642 introducebat

554 3658 814 3710 festiviter
841 3662 979 3711 inter
1015 3678 1071 3713 se
1093 3666 1351 3715 certantia
1380 3666 1445 3715 de
1462 3682 1611 3730 sapo-

553 3737 624 3787 ris
646 3737 887 3788 bonitate
909 3745 965 3788 et
987 3753 1273 3791 mensarum
1294 3742 1483 3805 palma.

618 3819 645 3844 ¹
678 3813 866 3876 Boleti]
934 3814 1280 3878 Ghampignon.
1373 3818 1613 3867 Boletum

555 3894 1010 3954 auroargeutoqne
1031 3891 1386 3953 pretiosiorem
1421 3893 1614 3942 indicat

553 3965 817 4015 Martialis
852 3966 906 4015 in
929 3966 1117 4016 Xeniis
1142 3969 1296 4033 Epig.
1316 3973 1417 4019 ⁴⁷.
1479 3972 1495 3998 ⁸
1515 3969 1614 4019 Ar·

558 4045 769 4102 gentum
810 4049 965 4107 atque
1004 4058 1203 4101 aurum,
1239 4044 1393 4095 facile
1415 4047 1612 4107 est,la-

559 4132 802 4182 namque,
825 4127 1100 4186 togamque
1138 4122 1378 4187 Mittere,
1412 4124 1613 4175 boletos

558 4193 772 4243 mittere
790 4194 999 4247 difficile
1020 4198 1136 4249 est.’

622 4275 647 4312 ¹
662 4269 927 4335 Ficeduloe]
948 4274 1192 4341 Beccusse,
1211 4276 1287 4328 sic
1305 4276 1464 4338 dicta,
1478 4277 1615 4344 quod

1679 2760 1694 2787 ‘
1720 2760 1912 2809 Ostrea
1973 2757 2186 2818 Circeis,
2247 2755 2436 2805 Miseni
2499 2753 2732 2803 oriuntur

1681 2833 1904 2890 ecbinL’.
1932 2833 2012 2884 Ac
2034 2833 2321 2897 praesertim
2344 2829 2480 2894 apud
2505 2828 2731 2880 Plinium

1682 2911 1749 2960 de
1765 2909 1843 2959 his
1868 2909 2029 2972 plura.

1747 2993 1772 3020 ⁸
1806 2986 1978 3049 Turdi]
2008 2985 2213 3034 Turdus
2245 2999 2336 3034 une
2370 2982 2539 3033 Grive.
2606 2982 2733 3030 Tur·

1684 3061 1778 3110 dos
1817 3062 1971 3110 variis
2002 3060 2163 3110 modis
2196 3061 2251 3109 in
2302 3059 2533 3108 tui-dario
2576 3057 2642 3107 ad
2684 3055 2732 3104 id

1686 3144 1953 3187 exstructo
1967 3135 2284 3200 saginabant.
2319 3137 2398 3185 De
2416 3135 2494 3184 bis
2512 3140 2570 3184 et
2593 3135 2734 3183 Mar-

1681 3214 1822 3262 tialis
1854 3213 2045 3263 ibidem
2081 3213 2345 3276 Epigram.
2379 3217 2464 3262 60.
2499 3218 2557 3261 et
2596 3209 2732 3273 apud

1687 3289 1961 3339 Horatium
1996 3289 2220 3339 Moenius
2247 3289 2435 3338 Scurra
2469 3287 2639 3350 Epist.
2659 3290 2734 3334 15.

1686 3367 1776 3416 lib.
1808 3381 1847 3418 1.
1902 3368 2054 3418 ‘cum
2098 3366 2165 3416 sit
2206 3364 2363 3415 obeso
2406 3364 2496 3414 Nil
2554 3362 2732 3413 melius

1689 3441 1876 3493 turdo.’

1747 3516 1771 3550 ¹³
1836 3515 2187 3580 Voluptatibus]
2276 3514 2451 3567 Officii
2537 3528 2738 3587 nomen,

1686 3593 2116 3657 quemadmodum
2152 3607 2183 3642 a
2203 3606 2375 3653 manu,
2407 3605 2438 3640 a
2467 3589 2734 3650 memoria,

1685 3672 1784 3719 διο.
1820 3669 1886 3718 de
1917 3668 2102 3733 quibus
2137 3681 2314 3730 supra.
2376 3667 2587 3716 Xerxes
2617 3679 2735 3738 pro·

1686 3750 1931 3808 posuerat
1952 3744 2075 3794 olim
2115 3743 2382 3807 praemium
2419 3742 2490 3804 ei,
2527 3742 2614 3806 qui
2655 3755 2737 3790 vo·

1686 3820 1900 3885 luptatis
1957 3834 2141 3868 novum
2208 3833 2368 3882 genus
2425 3818 2734 3867 invenisset=

1687 3896 1824 3961 quod
1849 3903 1905 3946 et
1928 3895 1995 3946 de
2019 3895 2365 3958 Heliogabalo
2386 3901 2568 3944 inerrat
2592 3896 2736 3944 Lam·

1727 3973 1904 4023 ridius.

1686 3988 1722 4037 p
1751 4056 1774 4083 ⁶
1808 4047 2086 4111 Sellariam]
2140 4049 2351 4111 Legunt
2407 4047 2496 4095 alii
2535 4044 2735 4105 naaria,

1686 4132 1956 4189 utrumque
1986 4139 2016 4173 a
2050 4123 2281 4173 sedendo
2316 4122 2532 4172 dictum.
2599 4122 2733 4169 Loca

1688 4201 1883 4251 suntin
1907 4199 2091 4265 quibus
2129 4199 2269 4249 sellae
2293 4204 2440 4249 erant
2474 4194 2731 4246 ad'libidi·

1688 4292 1807 4329 nem
1851 4277 2032 4328 ordine
2072 4275 2356 4341 dispositae.
2422 4273 2530 4324 Alii
2560 4274 2729 4336 legunt
