<?xml version="1.0" encoding="UTF-8"?>
<!DOCTYPE html PUBLIC "-//W3C//DTD XHTML 1.0 Transitional//EN"
    "http://www.w3.org/TR/xhtml1/DTD/xhtml1-transitional.dtd">
<html xmlns="http://www.w3.org/1999/xhtml" xml:lang="en" lang="en">
 <head>
  <title>
</title>
<meta http-equiv="Content-Type" content="text/html;charset=utf-8" />
  <meta name='ocr-system' content='tesseract 3.04.00' />
  <meta name='ocr-capabilities' content='ocr_page ocr_carea ocr_par ocr_line ocrx_word'/>
</head>
<body>
  <div class='ocr_page' id='page_1' title='image "./operaomniaexedi04suetgoog_0512.png"; bbox 0 0 3019 4922; ppageno 0'>
   <div class='ocr_carea' id='block_1_1' title="bbox 498 424 1828 488">
    <p class='ocr_par' dir='ltr' id='par_1_1' title="bbox 498 424 1828 488">
     <span class='ocr_line' id='line_1_1' title="bbox 498 424 1828 488; baseline -0.006 0"><span class='ocrx_word' id='word_1_1' title='bbox 498 424 627 488; x_wconf 78' lang='lat'><strong>500</strong></span> <span class='ocrx_word' id='word_1_2' title='bbox 1358 433 1423 480; x_wconf 81' lang='lat' dir='ltr'><strong>c.</strong></span> <span class='ocrx_word' id='word_1_3' title='bbox 1469 430 1828 481; x_wconf 67' lang='lat' dir='ltr'><strong>sumana</strong></span> 
     </span>
    </p>
   </div>
   <div class='ocr_carea' id='block_1_2' title="bbox 501 573 2702 1275">
    <p class='ocr_par' dir='ltr' id='par_1_2' title="bbox 501 573 2702 1275">
     <span class='ocr_line' id='line_1_2' title="bbox 501 573 2696 664; baseline -0.005 -16"><span class='ocrx_word' id='word_1_4' title='bbox 501 579 850 664; x_wconf 75' lang='lat' dir='ltr'>compulit.</span> <span class='ocrx_word' id='word_1_5' title='bbox 939 573 1105 661; x_wconf 87' lang='lat'><strong>[57.]</strong></span> <span class='ocrx_word' id='word_1_6' title='bbox 1152 575 1353 640; x_wconf 85' lang='lat' dir='ltr'><strong>Saeva</strong></span> <span class='ocrx_word' id='word_1_7' title='bbox 1386 596 1465 640; x_wconf 90' lang='lat' dir='ltr'><strong>ac</strong></span> <span class='ocrx_word' id='word_1_8' title='bbox 1496 574 1724 641; x_wconf 81' lang='lat' dir='ltr'><strong>lentab</strong></span> <span class='ocrx_word' id='word_1_9' title='bbox 1767 582 2008 639; x_wconf 86' lang='lat' dir='ltr'><strong>natura</strong></span> <span class='ocrx_word' id='word_1_10' title='bbox 2036 582 2053 611; x_wconf 84' lang='lat'>¹</span> <span class='ocrx_word' id='word_1_11' title='bbox 2102 594 2187 638; x_wconf 89' lang='lat' dir='ltr'><strong>ne</strong></span> <span class='ocrx_word' id='word_1_12' title='bbox 2218 574 2284 638; x_wconf 80' lang='lat' dir='ltr'><strong>in</strong></span> <span class='ocrx_word' id='word_1_13' title='bbox 2317 593 2526 657; x_wconf 90' lang='lat' dir='ltr'><strong>puero</strong></span> <span class='ocrx_word' id='word_1_14' title='bbox 2556 575 2696 659; x_wconf 75' lang='lat' dir='ltr'><strong>qui-</strong></span> 
     </span>
     <span class='ocr_line' id='line_1_3' title="bbox 504 677 2698 764; baseline -0.005 -14"><span class='ocrx_word' id='word_1_15' title='bbox 504 686 655 749; x_wconf 89' lang='lat' dir='ltr'><strong>dem</strong></span> <span class='ocrx_word' id='word_1_16' title='bbox 705 682 940 747; x_wconf 86' lang='lat' dir='ltr'><strong>latuit:</strong></span> <span class='ocrx_word' id='word_1_17' title='bbox 999 700 1199 764; x_wconf 87' lang='lat' dir='ltr'><strong>quam</strong></span> <span class='ocrx_word' id='word_1_18' title='bbox 1251 678 1644 744; x_wconf 88' lang='lat' dir='ltr'><strong>Theodorus</strong></span> <span class='ocrx_word' id='word_1_19' title='bbox 1689 677 2094 755; x_wconf 61' lang='lat' dir='ltr'><strong>Gadareus:</strong></span> <span class='ocrx_word' id='word_1_20' title='bbox 2138 677 2482 743; x_wconf 79' lang='lat' dir='ltr'><strong>rhetoricae</strong></span> <span class='ocrx_word' id='word_1_21' title='bbox 2530 681 2698 759; x_wconf 49' lang='lat' dir='ltr'><strong>prae*</strong></span> 
     </span>
     <span class='ocr_line' id='line_1_4' title="bbox 503 780 2692 870; baseline -0.005 -18"><span class='ocrx_word' id='word_1_22' title='bbox 503 796 759 870; x_wconf 84' lang='lat' dir='ltr'><strong>ceptor,</strong></span> <span class='ocrx_word' id='word_1_23' title='bbox 802 790 864 848; x_wconf 87' lang='lat' dir='ltr'><strong>et</strong></span> <span class='ocrx_word' id='word_1_24' title='bbox 908 785 1388 866; x_wconf 83' lang='lat' dir='ltr'><strong>perspexisse²</strong></span> <span class='ocrx_word' id='word_1_25' title='bbox 1434 783 1688 866; x_wconf 90' lang='lat' dir='ltr'><strong>primus</strong></span> <span class='ocrx_word' id='word_1_26' title='bbox 1735 783 2089 864; x_wconf 74' lang='lat' dir='ltr'><strong>sagaciter,</strong></span> <span class='ocrx_word' id='word_1_27' title='bbox 2139 787 2204 845; x_wconf 91' lang='lat' dir='ltr'><strong>et</strong></span> <span class='ocrx_word' id='word_1_28' title='bbox 2252 780 2692 844; x_wconf 78' lang='lat' dir='ltr'><strong>assimulasse</strong></span> 
     </span>
     <span class='ocr_line' id='line_1_5' title="bbox 501 880 2695 972; baseline -0.005 -18"><span class='ocrx_word' id='word_1_29' title='bbox 501 888 852 972; x_wconf 81' lang='lat' dir='ltr'><strong>aptissime</strong></span> <span class='ocrx_word' id='word_1_30' title='bbox 885 887 1072 950; x_wconf 84' lang='lat' dir='ltr'><strong>visus</strong></span> <span class='ocrx_word' id='word_1_31' title='bbox 1102 891 1228 961; x_wconf 90' lang='lat' dir='ltr'><strong>est,</strong></span> <span class='ocrx_word' id='word_1_32' title='bbox 1260 884 1542 949; x_wconf 82' lang='lat' dir='ltr'><strong>subinde</strong></span> <span class='ocrx_word' id='word_1_33' title='bbox 1569 884 1637 947; x_wconf 87' lang='lat' dir='ltr'><strong>in</strong></span> <span class='ocrx_word' id='word_1_34' title='bbox 1670 880 2126 967; x_wconf 81' lang='lat' dir='ltr'><strong>objurgandod</strong></span> <span class='ocrx_word' id='word_1_35' title='bbox 2157 883 2516 966; x_wconf 82' lang='lat' dir='ltr'><strong>appellans</strong></span> <span class='ocrx_word' id='word_1_36' title='bbox 2548 902 2695 946; x_wconf 91' lang='lat' dir='ltr'><strong>eum</strong></span> 
     </span>
     <span class='ocr_line' id='line_1_6' title="bbox 501 984 2700 1073; baseline -0.004 -19"><span class='ocrx_word' id='word_1_37' title='bbox 501 991 677 1069; x_wconf 66' lang='grc' dir='ltr'>πηλὸν</span> <span class='ocrx_word' id='word_1_38' title='bbox 724 989 928 1071; x_wconf 75' lang='grc' dir='ltr'><em>αἵματι</em></span> <span class='ocrx_word' id='word_1_39' title='bbox 976 986 1370 1073; x_wconf 70' lang='grc' dir='ltr'><strong>πεφυρμένον.3</strong></span> <span class='ocrx_word' id='word_1_40' title='bbox 1463 986 1596 1051; x_wconf 86' lang='lat' dir='ltr'><strong>Sed</strong></span> <span class='ocrx_word' id='word_1_41' title='bbox 1632 988 1973 1071; x_wconf 85' lang='lat' dir='ltr'><strong>aliquanto</strong></span> <span class='ocrx_word' id='word_1_42' title='bbox 2017 986 2230 1068; x_wconf 85' lang='lat' dir='ltr'><strong>magis</strong></span> <span class='ocrx_word' id='word_1_43' title='bbox 2273 987 2339 1049; x_wconf 91' lang='lat' dir='ltr'><strong>in</strong></span> <span class='ocrx_word' id='word_1_44' title='bbox 2387 984 2700 1066; x_wconf 79' lang='lat' dir='ltr'>Principe</span> 
     </span>
     <span class='ocr_line' id='line_1_7' title="bbox 504 1087 2701 1170; baseline -0.004 -11"><span class='ocrx_word' id='word_1_45' title='bbox 504 1094 744 1170; x_wconf 83' lang='lat' dir='ltr'><strong>eluxit,</strong></span> <span class='ocrx_word' id='word_1_46' title='bbox 777 1094 983 1157; x_wconf 88' lang='lat' dir='ltr'><strong>etiam</strong></span> <span class='ocrx_word' id='word_1_47' title='bbox 1026 1091 1200 1155; x_wconf 87' lang='lat' dir='ltr'><strong>inter</strong></span> <span class='ocrx_word' id='word_1_48' title='bbox 1244 1090 1463 1167; x_wconf 84' lang='lat' dir='ltr'><strong>initia,</strong></span> <span class='ocrx_word' id='word_1_49' title='bbox 1509 1110 1666 1155; x_wconf 88' lang='lat' dir='ltr'><strong>cum</strong></span> <span class='ocrx_word' id='word_1_50' title='bbox 1711 1089 1928 1153; x_wconf 87' lang='lat' dir='ltr'><strong>adhuc</strong></span> <span class='ocrx_word' id='word_1_51' title='bbox 1972 1089 2265 1153; x_wconf 86' lang='lat' dir='ltr'><strong>favorem</strong></span> <span class='ocrx_word' id='word_1_52' title='bbox 2311 1087 2701 1150; x_wconf 70' lang='lat' dir='ltr'><strong>hominum4</strong></span> 
     </span>
     <span class='ocr_line' id='line_1_8' title="bbox 502 1190 2702 1275; baseline -0.004 -14"><span class='ocrx_word' id='word_1_53' title='bbox 502 1193 981 1261; x_wconf 87' lang='lat' dir='ltr'><strong>moderationis</strong></span> <span class='ocrx_word' id='word_1_54' title='bbox 1004 1191 1482 1257; x_wconf 67' lang='lat' dir='ltr'><strong>simulationes</strong></span> <span class='ocrx_word' id='word_1_55' title='bbox 1532 1198 1853 1275; x_wconf 84' lang='lat' dir='ltr'><strong>captaret.</strong></span> <span class='ocrx_word' id='word_1_56' title='bbox 1945 1191 2321 1262; x_wconf 73' lang='lat' dir='ltr'><strong>Scurram,⁶</strong></span> <span class='ocrx_word' id='word_1_57' title='bbox 2353 1190 2493 1272; x_wconf 89' lang='lat' dir='ltr'><strong>qui,</strong></span> <span class='ocrx_word' id='word_1_58' title='bbox 2527 1208 2702 1271; x_wconf 87' lang='lat' dir='ltr'><strong>prae-·</strong></span> 
     </span>
    </p>
   </div>
   <div class='ocr_carea' id='block_1_3' title="bbox 1419 1372 1780 1393">
    <p class='ocr_par' dir='ltr' id='par_1_3' title="bbox 1419 1372 1780 1393">
     <span class='ocr_line' id='line_1_9' title="bbox 1419 1372 1780 1393; baseline -0.003 -1"><span class='ocrx_word' id='word_1_59' title='bbox 1419 1372 1780 1393; x_wconf 49' lang='lat' dir='ltr'><strong>‘testeum&#39;</strong></span> 
     </span>
    </p>
   </div>
   <div class='ocr_carea' id='block_1_4' title="bbox 498 1463 2704 2512">
    <p class='ocr_par' dir='ltr' id='par_1_4' title="bbox 498 1463 2704 2512">
     <span class='ocr_line' id='line_1_10' title="bbox 503 1463 2700 1537; baseline -0.003 -10"><span class='ocrx_word' id='word_1_60' title='bbox 503 1471 662 1528; x_wconf 59' lang='lat' dir='ltr'><strong>‘arent</strong></span> <span class='ocrx_word' id='word_1_61' title='bbox 687 1473 841 1525; x_wconf 89' lang='lat' dir='ltr'><strong>Vind.</strong></span> <span class='ocrx_word' id='word_1_62' title='bbox 858 1478 998 1522; x_wconf 89' lang='grc'><strong>2.-1</strong></span> <span class='ocrx_word' id='word_1_63' title='bbox 1027 1473 1202 1521; x_wconf 86' lang='lat' dir='ltr'><strong>Burm.</strong></span> <span class='ocrx_word' id='word_1_64' title='bbox 1226 1473 1445 1537; x_wconf 84' lang='lat' dir='ltr'><strong>putabat</strong></span> <span class='ocrx_word' id='word_1_65' title='bbox 1467 1471 1724 1522; x_wconf 80' lang='lat' dir='ltr'><strong>scribend.</strong></span> <span class='ocrx_word' id='word_1_66' title='bbox 1748 1488 1872 1522; x_wconf 77' lang='lat' dir='ltr'><strong>soeva</strong></span> <span class='ocrx_word' id='word_1_67' title='bbox 1894 1488 1950 1521; x_wconf 86' lang='lat' dir='ltr'><strong>ac</strong></span> <span class='ocrx_word' id='word_1_68' title='bbox 1971 1474 2234 1532; x_wconf 75' lang='lat' dir='ltr'><strong>truculenta</strong></span> <span class='ocrx_word' id='word_1_69' title='bbox 2255 1477 2355 1522; x_wconf 80' lang='lat' dir='ltr'><strong>nat.</strong></span> <span class='ocrx_word' id='word_1_70' title='bbox 2381 1475 2553 1522; x_wconf 86' lang='lat' dir='ltr'><strong>tamen</strong></span> <span class='ocrx_word' id='word_1_71' title='bbox 2578 1463 2700 1520; x_wconf 81' lang='lat' dir='ltr'><strong>nihil</strong></span> 
     </span>
     <span class='ocr_line' id='line_1_11' title="bbox 502 1533 2702 1605; baseline -0.003 -14"><span class='ocrx_word' id='word_1_72' title='bbox 502 1551 689 1605; x_wconf 87' lang='lat' dir='ltr'><strong>postea</strong></span> <span class='ocrx_word' id='word_1_73' title='bbox 714 1546 964 1587; x_wconf 84' lang='lat' dir='ltr'><strong>mutatum</strong></span> <span class='ocrx_word' id='word_1_74' title='bbox 984 1538 1206 1586; x_wconf 85' lang='lat' dir='ltr'><strong>volebat.</strong></span> <span class='ocrx_word' id='word_1_75' title='bbox 1273 1538 1469 1587; x_wconf 85' lang='lat' dir='ltr'>Postea</span> <span class='ocrx_word' id='word_1_76' title='bbox 1497 1539 1738 1586; x_wconf 77' lang='lat' dir='ltr'><strong><em>Gadareus</em></strong></span> <span class='ocrx_word' id='word_1_77' title='bbox 1761 1538 1955 1587; x_wconf 89' lang='lat' dir='ltr'><strong>Medic.</strong></span> <span class='ocrx_word' id='word_1_78' title='bbox 1979 1533 2135 1588; x_wconf 83' lang='lat' dir='ltr'><strong>Polit.</strong></span> <span class='ocrx_word' id='word_1_79' title='bbox 2154 1537 2309 1586; x_wconf 83' lang='lat' dir='ltr'><strong>vind.</strong></span> <span class='ocrx_word' id='word_1_80' title='bbox 2334 1537 2462 1600; x_wconf 87' lang='lat' dir='ltr'><strong>Cop.</strong></span> <span class='ocrx_word' id='word_1_81' title='bbox 2489 1543 2544 1597; x_wconf 83' lang='lat' dir='ltr'><strong>et</strong></span> <span class='ocrx_word' id='word_1_82' title='bbox 2570 1537 2702 1586; x_wconf 82' lang='lat' dir='ltr'><strong>Edd.</strong></span> 
     </span>
     <span class='ocr_line' id='line_1_12' title="bbox 504 1602 2702 1670; baseline -0.003 -15"><span class='ocrx_word' id='word_1_83' title='bbox 504 1607 720 1670; x_wconf 79' lang='lat' dir='ltr'><strong>aliquot,</strong></span> <span class='ocrx_word' id='word_1_84' title='bbox 759 1607 990 1653; x_wconf 79' lang='lat' dir='ltr'><strong>Calareas</strong></span> <span class='ocrx_word' id='word_1_85' title='bbox 1030 1603 1184 1652; x_wconf 81' lang='lat' dir='ltr'><strong>Huls.</strong></span> <span class='ocrx_word' id='word_1_86' title='bbox 1223 1603 1459 1652; x_wconf 81' lang='lat' dir='ltr'><strong>Cadereus</strong></span> <span class='ocrx_word' id='word_1_87' title='bbox 1494 1602 1628 1651; x_wconf 88' lang='lat' dir='ltr'><strong>Edd.</strong></span> <span class='ocrx_word' id='word_1_88' title='bbox 1662 1603 1811 1652; x_wconf 88' lang='lat' dir='ltr'><strong>Rom.</strong></span> <span class='ocrx_word' id='word_1_89' title='bbox 1856 1604 2097 1652; x_wconf 67' lang='lat' dir='ltr'><strong>Gadareus</strong></span> <span class='ocrx_word' id='word_1_90' title='bbox 2135 1603 2308 1652; x_wconf 81' lang='lat' dir='ltr'><strong>Graev.</strong></span> <span class='ocrx_word' id='word_1_91' title='bbox 2343 1617 2420 1666; x_wconf 84' lang='lat' dir='ltr'><strong>pr.</strong></span> <span class='ocrx_word' id='word_1_92' title='bbox 2458 1603 2702 1650; x_wconf 69' lang='lat' dir='ltr'><strong>Burm—</strong></span> 
     </span>
     <span class='ocr_line' id='line_1_13' title="bbox 502 1667 2700 1732; baseline -0.003 -13"><span class='ocrx_word' id='word_1_93' title='bbox 502 1675 535 1719; x_wconf 91' lang='grc'><strong>2</strong></span> <span class='ocrx_word' id='word_1_94' title='bbox 568 1672 653 1719; x_wconf 88' lang='lat' dir='ltr'><strong>Sic</strong></span> <span class='ocrx_word' id='word_1_95' title='bbox 692 1671 882 1732; x_wconf 88' lang='lat' dir='ltr'><strong>primus</strong></span> <span class='ocrx_word' id='word_1_96' title='bbox 918 1669 1147 1731; x_wconf 82' lang='lat' dir='ltr'><strong>reposuit</strong></span> <span class='ocrx_word' id='word_1_97' title='bbox 1184 1668 1402 1717; x_wconf 87' lang='lat' dir='ltr'><strong>Casaub.</strong></span> <span class='ocrx_word' id='word_1_98' title='bbox 1440 1673 1495 1716; x_wconf 86' lang='lat' dir='ltr'><strong>et</strong></span> <span class='ocrx_word' id='word_1_99' title='bbox 1527 1668 1599 1716; x_wconf 87' lang='lat' dir='ltr'><strong>ita</strong></span> <span class='ocrx_word' id='word_1_100' title='bbox 1626 1668 1840 1717; x_wconf 91' lang='lat' dir='ltr'><strong>Memm.</strong></span> <span class='ocrx_word' id='word_1_101' title='bbox 1863 1669 2022 1718; x_wconf 82' lang='lat' dir='ltr'><strong>vind.</strong></span> <span class='ocrx_word' id='word_1_102' title='bbox 2047 1672 2096 1717; x_wconf 91' lang='grc'><strong>2.</strong></span> <span class='ocrx_word' id='word_1_103' title='bbox 2121 1668 2237 1730; x_wconf 85' lang='lat' dir='ltr'><strong>Cuj.</strong></span> <span class='ocrx_word' id='word_1_104' title='bbox 2272 1682 2385 1716; x_wconf 88' lang='lat' dir='ltr'><strong>cum</strong></span> <span class='ocrx_word' id='word_1_105' title='bbox 2422 1673 2532 1728; x_wconf 87' lang='lat' dir='ltr'><strong>opt.</strong></span> <span class='ocrx_word' id='word_1_106' title='bbox 2552 1667 2700 1715; x_wconf 87' lang='lat' dir='ltr'><strong>Torr.</strong></span> 
     </span>
     <span class='ocr_line' id='line_1_14' title="bbox 503 1729 2699 1796; baseline -0.003 -11"><span class='ocrx_word' id='word_1_107' title='bbox 503 1735 770 1785; x_wconf 85' lang='lat' dir='ltr'><strong>exhibent.</strong></span> <span class='ocrx_word' id='word_1_108' title='bbox 837 1734 897 1781; x_wconf 89' lang='lat' dir='ltr'><strong>In</strong></span> <span class='ocrx_word' id='word_1_109' title='bbox 929 1734 1117 1781; x_wconf 88' lang='lat' dir='ltr'><strong>ceteris</strong></span> <span class='ocrx_word' id='word_1_110' title='bbox 1140 1733 1209 1781; x_wconf 93' lang='lat' dir='ltr'><strong>O.</strong></span> <span class='ocrx_word' id='word_1_111' title='bbox 1235 1739 1314 1782; x_wconf 85' lang='lat' dir='ltr'><strong>est</strong></span> <span class='ocrx_word' id='word_1_112' title='bbox 1334 1747 1550 1796; x_wconf 76' lang='lat' dir='ltr'><strong>prospex.</strong></span> <span class='ocrx_word' id='word_1_113' title='bbox 1574 1729 1707 1782; x_wconf 87' lang='lat' dir='ltr'><strong>Edd.</strong></span> <span class='ocrx_word' id='word_1_114' title='bbox 1733 1732 1851 1782; x_wconf 72' lang='lat' dir='ltr'><strong>And.</strong></span> <span class='ocrx_word' id='word_1_115' title='bbox 1874 1733 1999 1782; x_wconf 88' lang='lat' dir='ltr'><strong>Bas.</strong></span> <span class='ocrx_word' id='word_1_116' title='bbox 2021 1733 2362 1796; x_wconf 77' lang='lat' dir='ltr'><strong>prospexisset.</strong></span> <span class='ocrx_word' id='word_1_117' title='bbox 2429 1731 2559 1780; x_wconf 85' lang='lat' dir='ltr'><strong>Mox</strong></span> <span class='ocrx_word' id='word_1_118' title='bbox 2580 1734 2699 1780; x_wconf 73' lang='lat' dir='ltr'><strong>assi-</strong></span> 
     </span>
     <span class='ocr_line' id='line_1_15' title="bbox 502 1795 2700 1860; baseline -0 -12"><span class='ocrx_word' id='word_1_119' title='bbox 502 1800 604 1849; x_wconf 86' lang='lat' dir='ltr'><strong>mil.</strong></span> <span class='ocrx_word' id='word_1_120' title='bbox 628 1800 761 1848; x_wconf 90' lang='lat' dir='ltr'><strong>Edd.</strong></span> <span class='ocrx_word' id='word_1_121' title='bbox 787 1798 1063 1859; x_wconf 83' lang='lat' dir='ltr'><strong>nonnullae,</strong></span> <span class='ocrx_word' id='word_1_122' title='bbox 1085 1805 1140 1846; x_wconf 88' lang='lat' dir='ltr'><strong>et</strong></span> <span class='ocrx_word' id='word_1_123' title='bbox 1161 1800 1422 1860; x_wconf 77' lang='lat' dir='ltr'><strong>appellatus</strong></span> <span class='ocrx_word' id='word_1_124' title='bbox 1443 1797 1598 1846; x_wconf 83' lang='lat' dir='ltr'><strong>vind.</strong></span> <span class='ocrx_word' id='word_1_125' title='bbox 1616 1801 1764 1847; x_wconf 77' lang='grc'><strong>2.-3</strong></span> <span class='ocrx_word' id='word_1_126' title='bbox 1791 1799 1923 1847; x_wconf 70' lang='lat' dir='ltr'><strong>Haec</strong></span> <span class='ocrx_word' id='word_1_127' title='bbox 1942 1806 2024 1847; x_wconf 86' lang='lat' dir='ltr'><strong>est</strong></span> <span class='ocrx_word' id='word_1_128' title='bbox 2044 1798 2203 1847; x_wconf 89' lang='lat' dir='ltr'><strong>lectio</strong></span> <span class='ocrx_word' id='word_1_129' title='bbox 2225 1797 2375 1847; x_wconf 86' lang='lat' dir='ltr'><strong>unius</strong></span> <span class='ocrx_word' id='word_1_130' title='bbox 2399 1795 2527 1845; x_wconf 84' lang='lat' dir='ltr'><strong>Cod.</strong></span> <span class='ocrx_word' id='word_1_131' title='bbox 2552 1797 2700 1847; x_wconf 75' lang='lat' dir='ltr'><strong>Torr-</strong></span> 
     </span>
     <span class='ocr_line' id='line_1_16' title="bbox 502 1862 2702 1928; baseline -0.001 -17"><span class='ocrx_word' id='word_1_132' title='bbox 502 1864 722 1928; x_wconf 81' lang='lat' dir='ltr'><strong>probata</strong></span> <span class='ocrx_word' id='word_1_133' title='bbox 745 1864 897 1911; x_wconf 84' lang='lat' dir='ltr'><strong>etiam</strong></span> <span class='ocrx_word' id='word_1_134' title='bbox 919 1879 950 1911; x_wconf 88' lang='lat' dir='ltr'><strong>a</strong></span> <span class='ocrx_word' id='word_1_135' title='bbox 968 1862 1111 1910; x_wconf 85' lang='lat' dir='ltr'><strong>an.</strong></span> <span class='ocrx_word' id='word_1_136' title='bbox 1131 1862 1196 1910; x_wconf 88' lang='lat' dir='ltr'><strong>ad</strong></span> <span class='ocrx_word' id='word_1_137' title='bbox 1217 1864 1373 1912; x_wconf 87' lang='lat' dir='ltr'><strong>Thuc.</strong></span> <span class='ocrx_word' id='word_1_138' title='bbox 1399 1876 1483 1911; x_wconf 81' lang='grc' dir='ltr'><strong>ιιι.</strong></span> <span class='ocrx_word' id='word_1_139' title='bbox 1500 1867 1581 1912; x_wconf 82' lang='grc'><strong>49.</strong></span> <span class='ocrx_word' id='word_1_140' title='bbox 1600 1863 1724 1912; x_wconf 91' lang='lat' dir='ltr'><strong>Ern.</strong></span> <span class='ocrx_word' id='word_1_141' title='bbox 1750 1871 1805 1912; x_wconf 88' lang='lat' dir='ltr'><strong>et</strong></span> <span class='ocrx_word' id='word_1_142' title='bbox 1824 1864 2042 1923; x_wconf 80' lang='lat' dir='ltr'><strong>Banmg.</strong></span> <span class='ocrx_word' id='word_1_143' title='bbox 2065 1863 2127 1911; x_wconf 88' lang='lat' dir='ltr'><strong>ad</strong></span> <span class='ocrx_word' id='word_1_144' title='bbox 2149 1864 2248 1912; x_wconf 88' lang='lat' dir='ltr'><strong>loc.</strong></span> <span class='ocrx_word' id='word_1_145' title='bbox 2275 1869 2329 1911; x_wconf 89' lang='lat' dir='ltr'><strong>et</strong></span> <span class='ocrx_word' id='word_1_146' title='bbox 2361 1862 2435 1911; x_wconf 91' lang='lat' dir='ltr'><strong>ita</strong></span> <span class='ocrx_word' id='word_1_147' title='bbox 2458 1862 2652 1910; x_wconf 84' lang='lat' dir='ltr'><strong>citatur</strong></span> <span class='ocrx_word' id='word_1_148' title='bbox 2673 1877 2702 1909; x_wconf 87' lang='lat' dir='ltr'><strong>a</strong></span> 
     </span>
     <span class='ocr_line' id='line_1_17' title="bbox 503 1926 2704 1989; baseline -0.001 -11"><span class='ocrx_word' id='word_1_149' title='bbox 503 1930 677 1978; x_wconf 83' lang='lat' dir='ltr'><strong>Suida.</strong></span> <span class='ocrx_word' id='word_1_150' title='bbox 744 1929 927 1989; x_wconf 80' lang='lat' dir='ltr'><strong>Steph.</strong></span> <span class='ocrx_word' id='word_1_151' title='bbox 960 1942 1073 1975; x_wconf 87' lang='lat' dir='ltr'><strong>cum</strong></span> <span class='ocrx_word' id='word_1_152' title='bbox 1108 1927 1331 1976; x_wconf 85' lang='lat' dir='ltr'><strong>Turneb.</strong></span> <span class='ocrx_word' id='word_1_153' title='bbox 1365 1926 1503 1976; x_wconf 86' lang='lat' dir='ltr'><strong>Adv.</strong></span> <span class='ocrx_word' id='word_1_154' title='bbox 1529 1941 1646 1977; x_wconf 73' lang='lat' dir='ltr'><strong>xiv·</strong></span> <span class='ocrx_word' id='word_1_155' title='bbox 1670 1932 1751 1977; x_wconf 82' lang='grc'><strong>17.</strong></span> <span class='ocrx_word' id='word_1_156' title='bbox 1787 1928 1958 1977; x_wconf 91' lang='lat' dir='ltr'><strong>Pulm.</strong></span> <span class='ocrx_word' id='word_1_157' title='bbox 1991 1928 2223 1977; x_wconf 81' lang='lat' dir='ltr'><strong>Freinsh.</strong></span> <span class='ocrx_word' id='word_1_158' title='bbox 2262 1929 2325 1976; x_wconf 86' lang='lat' dir='ltr'><strong>ad</strong></span> <span class='ocrx_word' id='word_1_159' title='bbox 2359 1928 2600 1976; x_wconf 90' lang='lat' dir='ltr'><strong>Curt.1v.</strong></span> <span class='ocrx_word' id='word_1_160' title='bbox 2628 1932 2704 1976; x_wconf 84' lang='lat'><strong>11.</strong></span> 
     </span>
     <span class='ocr_line' id='line_1_18' title="bbox 504 1990 2703 2055; baseline -0 -14"><span class='ocrx_word' id='word_1_161' title='bbox 504 1993 724 2041; x_wconf 85' lang='lat' dir='ltr'><strong>Casaub.</strong></span> <span class='ocrx_word' id='word_1_162' title='bbox 748 1993 920 2041; x_wconf 86' lang='lat' dir='ltr'><strong>Plant.</strong></span> <span class='ocrx_word' id='word_1_163' title='bbox 943 1991 1266 2041; x_wconf 88' lang='lat' dir='ltr'><strong>accedentib.</strong></span> <span class='ocrx_word' id='word_1_164' title='bbox 1291 1992 1411 2042; x_wconf 90' lang='lat' dir='ltr'><strong>trib.</strong></span> <span class='ocrx_word' id='word_1_165' title='bbox 1448 1993 1560 2040; x_wconf 88' lang='lat' dir='ltr'><strong>Pal.</strong></span> <span class='ocrx_word' id='word_1_166' title='bbox 1582 1990 1906 2054; x_wconf 76' lang='grc' dir='ltr'>πεφυραμένον</span> <span class='ocrx_word' id='word_1_167' title='bbox 1925 1993 2287 2050; x_wconf 82' lang='lat' dir='ltr'><strong>exhibuerunt,</strong></span> <span class='ocrx_word' id='word_1_168' title='bbox 2311 1999 2365 2041; x_wconf 88' lang='lat' dir='ltr'><strong>et</strong></span> <span class='ocrx_word' id='word_1_169' title='bbox 2390 1999 2703 2055; x_wconf 77' lang='lat' dir='ltr'><strong>receperunt</strong></span> 
     </span>
     <span class='ocr_line' id='line_1_19' title="bbox 504 2055 2703 2119; baseline -0.002 -12"><span class='ocrx_word' id='word_1_170' title='bbox 504 2060 679 2107; x_wconf 88' lang='lat' dir='ltr'><strong>Plant.</strong></span> <span class='ocrx_word' id='word_1_171' title='bbox 705 2057 844 2104; x_wconf 85' lang='lat' dir='ltr'><strong>Oud.</strong></span> <span class='ocrx_word' id='word_1_172' title='bbox 865 2055 1021 2105; x_wconf 85' lang='lat' dir='ltr'><strong>Wolf.</strong></span> <span class='ocrx_word' id='word_1_173' title='bbox 1043 2057 1105 2104; x_wconf 87' lang='lat' dir='ltr'><strong>al.</strong></span> <span class='ocrx_word' id='word_1_174' title='bbox 1143 2058 1288 2106; x_wconf 86' lang='lat' dir='ltr'><strong>Dant</strong></span> <span class='ocrx_word' id='word_1_175' title='bbox 1327 2057 1744 2119; x_wconf 76' lang='grc' dir='ltr'>συμπεφυραμένον</span> <span class='ocrx_word' id='word_1_176' title='bbox 1781 2058 1979 2107; x_wconf 84' lang='lat' dir='ltr'><strong>Medic.</strong></span> <span class='ocrx_word' id='word_1_177' title='bbox 2012 2057 2166 2106; x_wconf 85' lang='lat' dir='ltr'><strong>Vind.</strong></span> <span class='ocrx_word' id='word_1_178' title='bbox 2191 2062 2240 2106; x_wconf 83' lang='lat'><strong>2.</strong></span> <span class='ocrx_word' id='word_1_179' title='bbox 2281 2057 2449 2106; x_wconf 86' lang='lat' dir='ltr'><strong>Periz.</strong></span> <span class='ocrx_word' id='word_1_180' title='bbox 2479 2063 2535 2106; x_wconf 90' lang='lat' dir='ltr'><strong>et</strong></span> <span class='ocrx_word' id='word_1_181' title='bbox 2570 2056 2703 2105; x_wconf 89' lang='lat' dir='ltr'><strong>Edd.</strong></span> 
     </span>
     <span class='ocr_line' id='line_1_20' title="bbox 501 2121 2702 2185; baseline -0.001 -13"><span class='ocrx_word' id='word_1_182' title='bbox 501 2125 651 2171; x_wconf 88' lang='lat' dir='ltr'><strong>Vett.</strong></span> <span class='ocrx_word' id='word_1_183' title='bbox 679 2121 789 2169; x_wconf 89' lang='lat' dir='ltr'><strong>fere</strong></span> <span class='ocrx_word' id='word_1_184' title='bbox 813 2121 880 2169; x_wconf 91' lang='grc' dir='ltr'><strong>Ο.</strong></span> <span class='ocrx_word' id='word_1_185' title='bbox 950 2122 1012 2169; x_wconf 88' lang='lat' dir='ltr'><strong>In</strong></span> <span class='ocrx_word' id='word_1_186' title='bbox 1035 2122 1245 2170; x_wconf 88' lang='lat' dir='ltr'><strong>Memm.</strong></span> <span class='ocrx_word' id='word_1_187' title='bbox 1270 2121 1475 2170; x_wconf 86' lang='lat' dir='ltr'><strong>Viterb.</strong></span> <span class='ocrx_word' id='word_1_188' title='bbox 1508 2123 1651 2170; x_wconf 85' lang='lat' dir='ltr'><strong>Pith.</strong></span> <span class='ocrx_word' id='word_1_189' title='bbox 1693 2123 1860 2171; x_wconf 87' lang='lat' dir='ltr'><strong>Periz.</strong></span> <span class='ocrx_word' id='word_1_190' title='bbox 1897 2122 2100 2183; x_wconf 85' lang='lat' dir='ltr'><strong>adjecta</strong></span> <span class='ocrx_word' id='word_1_191' title='bbox 2137 2130 2220 2171; x_wconf 88' lang='lat' dir='ltr'><strong>est</strong></span> <span class='ocrx_word' id='word_1_192' title='bbox 2257 2121 2621 2185; x_wconf 80' lang='lat' dir='ltr'><strong>interpretatio</strong></span> <span class='ocrx_word' id='word_1_193' title='bbox 2652 2122 2702 2169; x_wconf 77' lang='lat' dir='ltr'><strong>ia</strong></span> 
     </span>
     <span class='ocr_line' id='line_1_21' title="bbox 501 2184 2702 2249; baseline -0.002 -12"><span class='ocrx_word' id='word_1_194' title='bbox 501 2193 590 2249; x_wconf 79' lang='lat' dir='ltr'><strong>est,</strong></span> <span class='ocrx_word' id='word_1_195' title='bbox 624 2187 773 2234; x_wconf 78' lang='lat' dir='ltr'><strong>lutum</strong></span> <span class='ocrx_word' id='word_1_196' title='bbox 796 2199 825 2232; x_wconf 86' lang='lat' dir='ltr'><strong>a</strong></span> <span class='ocrx_word' id='word_1_197' title='bbox 843 2185 1076 2245; x_wconf 76' lang='lat' dir='ltr'><strong>sanguine</strong></span> <span class='ocrx_word' id='word_1_198' title='bbox 1097 2191 1396 2242; x_wconf 84' lang='lat' dir='ltr'><strong>maceratum,</strong></span> <span class='ocrx_word' id='word_1_199' title='bbox 1433 2186 1588 2234; x_wconf 85' lang='lat' dir='ltr'><strong>etiam</strong></span> <span class='ocrx_word' id='word_1_200' title='bbox 1616 2186 1665 2233; x_wconf 90' lang='lat' dir='ltr'><strong>in</strong></span> <span class='ocrx_word' id='word_1_201' title='bbox 1692 2188 1819 2235; x_wconf 89' lang='lat' dir='ltr'><strong>Mss.</strong></span> <span class='ocrx_word' id='word_1_202' title='bbox 1845 2187 1984 2237; x_wconf 88' lang='lat' dir='ltr'><strong>Oud.</strong></span> <span class='ocrx_word' id='word_1_203' title='bbox 2009 2194 2062 2235; x_wconf 87' lang='lat' dir='ltr'><strong>et</strong></span> <span class='ocrx_word' id='word_1_204' title='bbox 2093 2188 2228 2236; x_wconf 88' lang='lat' dir='ltr'><strong>Edd.</strong></span> <span class='ocrx_word' id='word_1_205' title='bbox 2256 2187 2403 2236; x_wconf 85' lang='lat' dir='ltr'><strong>vett.</strong></span> <span class='ocrx_word' id='word_1_206' title='bbox 2435 2187 2531 2234; x_wconf 86' lang='lat' dir='ltr'><strong>nisi</strong></span> <span class='ocrx_word' id='word_1_207' title='bbox 2568 2184 2702 2248; x_wconf 88' lang='lat' dir='ltr'><strong>quod</strong></span> 
     </span>
     <span class='ocr_line' id='line_1_22' title="bbox 498 2250 2704 2315; baseline -0 -15"><span class='ocrx_word' id='word_1_208' title='bbox 498 2251 658 2306; x_wconf 83' lang='lat' dir='ltr'><strong>Vind.</strong></span> <span class='ocrx_word' id='word_1_209' title='bbox 678 2256 722 2298; x_wconf 89' lang='lat'><strong>1.</strong></span> <span class='ocrx_word' id='word_1_210' title='bbox 749 2250 890 2298; x_wconf 84' lang='lat' dir='ltr'><strong>Cort.</strong></span> <span class='ocrx_word' id='word_1_211' title='bbox 918 2252 1068 2298; x_wconf 83' lang='lat' dir='ltr'><strong>Fouc.</strong></span> <span class='ocrx_word' id='word_1_212' title='bbox 1096 2265 1195 2298; x_wconf 89' lang='lat' dir='ltr'><strong>non</strong></span> <span class='ocrx_word' id='word_1_213' title='bbox 1220 2257 1503 2305; x_wconf 65' lang='lat' dir='ltr'><strong>agnoscant</strong></span> <span class='ocrx_word' id='word_1_214' title='bbox 1528 2250 1736 2310; x_wconf 63' lang='lat' dir='ltr'><strong>Graeca,</strong></span> <span class='ocrx_word' id='word_1_215' title='bbox 1761 2266 1854 2300; x_wconf 89' lang='lat' dir='ltr'><strong>nec</strong></span> <span class='ocrx_word' id='word_1_216' title='bbox 1880 2252 2147 2315; x_wconf 81' lang='lat' dir='ltr'><strong>praeposit.</strong></span> <span class='ocrx_word' id='word_1_217' title='bbox 2164 2267 2213 2311; x_wconf 90' lang='lat' dir='ltr'><strong>a,</strong></span> <span class='ocrx_word' id='word_1_218' title='bbox 2234 2266 2348 2313; x_wconf 80' lang='lat' dir='ltr'><strong>quae</strong></span> <span class='ocrx_word' id='word_1_219' title='bbox 2373 2251 2521 2300; x_wconf 82' lang='lat' dir='ltr'><strong>abest</strong></span> <span class='ocrx_word' id='word_1_220' title='bbox 2546 2252 2704 2299; x_wconf 83' lang='lat' dir='ltr'><strong>etiam</strong></span> 
     </span>
     <span class='ocr_line' id='line_1_23' title="bbox 505 2314 2703 2376; baseline 0 -12"><span class='ocrx_word' id='word_1_221' title='bbox 505 2317 570 2365; x_wconf 92' lang='lat' dir='ltr'><strong>ab</strong></span> <span class='ocrx_word' id='word_1_222' title='bbox 593 2316 726 2365; x_wconf 84' lang='lat' dir='ltr'><strong>Edd.</strong></span> <span class='ocrx_word' id='word_1_223' title='bbox 758 2314 878 2363; x_wconf 85' lang='lat' dir='ltr'><strong>Bas.</strong></span> <span class='ocrx_word' id='word_1_224' title='bbox 906 2315 1202 2376; x_wconf 55' lang='grc' dir='ltr'><strong>(ξηρὴ-4</strong></span> <span class='ocrx_word' id='word_1_225' title='bbox 1237 2315 1384 2363; x_wconf 87' lang='lat' dir='ltr'><strong>Hom.</strong></span> <span class='ocrx_word' id='word_1_226' title='bbox 1412 2315 1563 2363; x_wconf 78' lang='lat' dir='ltr'><strong>deest</strong></span> <span class='ocrx_word' id='word_1_227' title='bbox 1596 2316 1792 2365; x_wconf 88' lang='lat' dir='ltr'><strong>Medic.</strong></span> <span class='ocrx_word' id='word_1_228' title='bbox 1823 2320 1872 2366; x_wconf 94' lang='grc'><strong>2.</strong></span> <span class='ocrx_word' id='word_1_229' title='bbox 1912 2317 2068 2365; x_wconf 88' lang='lat' dir='ltr'><strong>Vind.</strong></span> <span class='ocrx_word' id='word_1_230' title='bbox 2093 2321 2141 2365; x_wconf 90' lang='lat'><strong>1.</strong></span> <span class='ocrx_word' id='word_1_231' title='bbox 2175 2317 2347 2365; x_wconf 84' lang='lat' dir='ltr'><strong>Periz.</strong></span> <span class='ocrx_word' id='word_1_232' title='bbox 2392 2315 2620 2364; x_wconf 86' lang='lat' dir='ltr'><strong>Harlem.</strong></span> <span class='ocrx_word' id='word_1_233' title='bbox 2649 2324 2703 2365; x_wconf 86' lang='lat' dir='ltr'><strong>et</strong></span> 
     </span>
     <span class='ocr_line' id='line_1_24' title="bbox 504 2378 2702 2431; baseline 0 -1"><span class='ocrx_word' id='word_1_234' title='bbox 504 2380 640 2430; x_wconf 89' lang='lat' dir='ltr'><strong>Edd.</strong></span> <span class='ocrx_word' id='word_1_235' title='bbox 676 2380 744 2428; x_wconf 93' lang='grc' dir='ltr'><strong>Ο.</strong></span> <span class='ocrx_word' id='word_1_236' title='bbox 778 2387 899 2427; x_wconf 81' lang='lat' dir='ltr'><strong>ante</strong></span> <span class='ocrx_word' id='word_1_237' title='bbox 932 2379 1150 2429; x_wconf 78' lang='lat' dir='ltr'><strong>Casanb.</strong></span> <span class='ocrx_word' id='word_1_238' title='bbox 1178 2378 1379 2428; x_wconf 77' lang='lat' dir='ltr'><strong>amnium</strong></span> <span class='ocrx_word' id='word_1_239' title='bbox 1405 2380 1563 2429; x_wconf 87' lang='lat' dir='ltr'><strong>Vind.</strong></span> <span class='ocrx_word' id='word_1_240' title='bbox 1594 2384 1641 2430; x_wconf 90' lang='grc'><strong>2.</strong></span> <span class='ocrx_word' id='word_1_241' title='bbox 1674 2382 1924 2430; x_wconf 88' lang='lat' dir='ltr'><strong>Fouc.—6</strong></span> <span class='ocrx_word' id='word_1_242' title='bbox 1961 2381 2325 2431; x_wconf 65' lang='lat' dir='ltr'><strong>Assimalatione</strong></span> <span class='ocrx_word' id='word_1_243' title='bbox 2349 2381 2509 2429; x_wconf 86' lang='lat' dir='ltr'><strong>Polit.</strong></span> <span class='ocrx_word' id='word_1_244' title='bbox 2534 2381 2702 2431; x_wconf 83' lang='lat' dir='ltr'><strong>Periz.</strong></span> 
     </span>
     <span class='ocr_line' id='line_1_25' title="bbox 502 2444 2702 2512; baseline -0 -16"><span class='ocrx_word' id='word_1_245' title='bbox 502 2446 737 2496; x_wconf 87' lang='lat' dir='ltr'><strong>Harlem.</strong></span> <span class='ocrx_word' id='word_1_246' title='bbox 761 2444 917 2494; x_wconf 83' lang='lat' dir='ltr'><strong>vind.</strong></span> <span class='ocrx_word' id='word_1_247' title='bbox 943 2451 1183 2509; x_wconf 79' lang='lat' dir='ltr'><strong>uterque,</strong></span> <span class='ocrx_word' id='word_1_248' title='bbox 1206 2446 1347 2494; x_wconf 89' lang='lat' dir='ltr'><strong>Cort.</strong></span> <span class='ocrx_word' id='word_1_249' title='bbox 1373 2444 1506 2496; x_wconf 88' lang='lat' dir='ltr'><strong>Edd.</strong></span> <span class='ocrx_word' id='word_1_250' title='bbox 1532 2447 1679 2496; x_wconf 84' lang='lat' dir='ltr'><strong>Vett.</strong></span> <span class='ocrx_word' id='word_1_251' title='bbox 1716 2452 1910 2512; x_wconf 80' lang='lat' dir='ltr'><strong>praeter</strong></span> <span class='ocrx_word' id='word_1_252' title='bbox 1937 2447 2059 2496; x_wconf 86' lang='lat' dir='ltr'><strong>Bas.</strong></span> <span class='ocrx_word' id='word_1_253' title='bbox 2084 2446 2282 2511; x_wconf 73' lang='lat' dir='ltr'><strong>Gryph·</strong></span> <span class='ocrx_word' id='word_1_254' title='bbox 2306 2446 2403 2496; x_wconf 87' lang='lat' dir='ltr'><strong>nisi</strong></span> <span class='ocrx_word' id='word_1_255' title='bbox 2427 2445 2565 2511; x_wconf 84' lang='lat' dir='ltr'><strong>qnod</strong></span> <span class='ocrx_word' id='word_1_256' title='bbox 2589 2446 2702 2496; x_wconf 64' lang='lat' dir='ltr'><strong>assi⁴</strong></span> 
     </span>
    </p>
   </div>
   <div class='ocr_carea' id='block_1_5' title="bbox 1471 2601 1687 2651">
    <p class='ocr_par' dir='ltr' id='par_1_5' title="bbox 1471 2601 1687 2651">
     <span class='ocr_line' id='line_1_26' title="bbox 1471 2601 1687 2651; baseline 0 0"><span class='ocrx_word' id='word_1_257' title='bbox 1471 2601 1687 2651; x_wconf 81' lang='lat' dir='ltr'><strong>NOTAE</strong></span> 
     </span>
    </p>
   </div>
   <div class='ocr_carea' id='block_1_6' title="bbox 1643 2699 2705 2838">
    <p class='ocr_par' dir='ltr' id='par_1_6' title="bbox 1643 2699 2705 2838">
     <span class='ocr_line' id='line_1_27' title="bbox 1643 2699 2705 2761; baseline -0.003 -11"><span class='ocrx_word' id='word_1_258' title='bbox 1643 2701 1709 2750; x_wconf 90' lang='lat' dir='ltr'><strong>be</strong></span> <span class='ocrx_word' id='word_1_259' title='bbox 1748 2701 2065 2761; x_wconf 79' lang='lat' dir='ltr'><strong>Palestinae3</strong></span> <span class='ocrx_word' id='word_1_260' title='bbox 2101 2700 2256 2749; x_wconf 85' lang='lat' dir='ltr'><strong>etiam</strong></span> <span class='ocrx_word' id='word_1_261' title='bbox 2296 2699 2449 2749; x_wconf 84' lang='lat' dir='ltr'><strong>hodie</strong></span> <span class='ocrx_word' id='word_1_262' title='bbox 2489 2700 2705 2759; x_wconf 80' lang='lat' dir='ltr'><strong>Gadara,</strong></span> 
     </span>
     <span class='ocr_line' id='line_1_28' title="bbox 1644 2777 2702 2838; baseline -0.003 -12"><span class='ocrx_word' id='word_1_263' title='bbox 1644 2778 1734 2826; x_wconf 85' lang='lat' dir='ltr'><strong>sed</strong></span> <span class='ocrx_word' id='word_1_264' title='bbox 1756 2779 1947 2828; x_wconf 82' lang='lat' dir='ltr'><strong>excisa.</strong></span> <span class='ocrx_word' id='word_1_265' title='bbox 1980 2777 2216 2827; x_wconf 84' lang='lat' dir='ltr'><strong>Celebris</strong></span> <span class='ocrx_word' id='word_1_266' title='bbox 2233 2777 2321 2827; x_wconf 86' lang='lat' dir='ltr'><strong>ille</strong></span> <span class='ocrx_word' id='word_1_267' title='bbox 2338 2777 2457 2837; x_wconf 85' lang='lat' dir='ltr'><strong>fnit,</strong></span> <span class='ocrx_word' id='word_1_268' title='bbox 2479 2784 2536 2825; x_wconf 91' lang='lat' dir='ltr'><strong>ut</strong></span> <span class='ocrx_word' id='word_1_269' title='bbox 2557 2782 2702 2838; x_wconf 85' lang='lat' dir='ltr'><strong>patet</strong></span> 
     </span>
    </p>
   </div>
   <div class='ocr_carea' id='block_1_7' title="bbox 499 2678 1563 2842">
    <p class='ocr_par' dir='ltr' id='par_1_7' title="bbox 499 2678 1563 2842">
     <span class='ocr_line' id='line_1_29' title="bbox 564 2678 1563 2765; baseline -0.003 -14"><span class='ocrx_word' id='word_1_270' title='bbox 564 2701 588 2736; x_wconf 64' lang='grc' dir='ltr'><strong>Ι)</strong></span> <span class='ocrx_word' id='word_1_271' title='bbox 622 2701 801 2765; x_wconf 78' lang='lat' dir='ltr'><strong>Lenta]</strong></span> <span class='ocrx_word' id='word_1_272' title='bbox 862 2701 1168 2765; x_wconf 84' lang='lat' dir='ltr'><strong>Suspicatur</strong></span> <span class='ocrx_word' id='word_1_273' title='bbox 1226 2678 1563 2752; x_wconf 82' lang='lat' dir='ltr'><strong>Casaubonus</strong></span> 
     </span>
     <span class='ocr_line' id='line_1_30' title="bbox 499 2777 1562 2842; baseline 0.001 -17"><span class='ocrx_word' id='word_1_274' title='bbox 499 2777 774 2840; x_wconf 81' lang='lat' dir='ltr'><strong>legendum</strong></span> <span class='ocrx_word' id='word_1_275' title='bbox 795 2791 910 2826; x_wconf 89' lang='lat' dir='ltr'><strong>esse</strong></span> <span class='ocrx_word' id='word_1_276' title='bbox 942 2779 1221 2834; x_wconf 73' lang='lat' dir='ltr'><strong>truculenta,</strong></span> <span class='ocrx_word' id='word_1_277' title='bbox 1254 2777 1344 2826; x_wconf 90' lang='lat' dir='ltr'><strong>sed</strong></span> <span class='ocrx_word' id='word_1_278' title='bbox 1376 2791 1562 2842; x_wconf 77' lang='lat' dir='ltr'><strong>repug-</strong></span> 
     </span>
    </p>
   </div>
   <div class='ocr_carea' id='block_1_8' title="bbox 495 2852 1566 4354">
    <p class='ocr_par' dir='ltr' id='par_1_8' title="bbox 495 2852 1566 4208">
     <span class='ocr_line' id='line_1_31' title="bbox 498 2852 1563 2915; baseline -0.001 -14"><span class='ocrx_word' id='word_1_279' title='bbox 498 2861 626 2902; x_wconf 85' lang='lat' dir='ltr'><strong>nant</strong></span> <span class='ocrx_word' id='word_1_280' title='bbox 659 2852 865 2902; x_wconf 86' lang='lat' dir='ltr'><strong>codices</strong></span> <span class='ocrx_word' id='word_1_281' title='bbox 896 2860 951 2901; x_wconf 88' lang='lat' dir='ltr'><strong>et</strong></span> <span class='ocrx_word' id='word_1_282' title='bbox 984 2853 1098 2915; x_wconf 86' lang='lat' dir='ltr'><strong>ipsa</strong></span> <span class='ocrx_word' id='word_1_283' title='bbox 1120 2852 1362 2902; x_wconf 81' lang='lat' dir='ltr'><strong>Auctoris</strong></span> <span class='ocrx_word' id='word_1_284' title='bbox 1394 2853 1563 2901; x_wconf 85' lang='lat' dir='ltr'><strong>brevi·</strong></span> 
     </span>
     <span class='ocr_line' id='line_1_32' title="bbox 500 2928 1563 2992; baseline 0 -15"><span class='ocrx_word' id='word_1_285' title='bbox 500 2934 614 2989; x_wconf 88' lang='lat' dir='ltr'><strong>tas;</strong></span> <span class='ocrx_word' id='word_1_286' title='bbox 649 2929 731 2978; x_wconf 87' lang='lat' dir='ltr'><strong>cui</strong></span> <span class='ocrx_word' id='word_1_287' title='bbox 754 2928 956 2977; x_wconf 89' lang='lat' dir='ltr'><strong>accedit</strong></span> <span class='ocrx_word' id='word_1_288' title='bbox 977 2930 1132 2978; x_wconf 87' lang='lat' dir='ltr'><strong>etiam</strong></span> <span class='ocrx_word' id='word_1_289' title='bbox 1168 2929 1303 2992; x_wconf 88' lang='lat' dir='ltr'><strong>quod</strong></span> <span class='ocrx_word' id='word_1_290' title='bbox 1328 2930 1563 2992; x_wconf 86' lang='lat' dir='ltr'><strong>apprime</strong></span> 
     </span>
     <span class='ocr_line' id='line_1_33' title="bbox 500 3004 1564 3066; baseline 0.002 -14"><span class='ocrx_word' id='word_1_291' title='bbox 500 3004 732 3053; x_wconf 76' lang='lat' dir='ltr'><strong>coba-:ret</strong></span> <span class='ocrx_word' id='word_1_292' title='bbox 748 3018 864 3052; x_wconf 89' lang='lat' dir='ltr'><strong>cum</strong></span> <span class='ocrx_word' id='word_1_293' title='bbox 890 3004 950 3051; x_wconf 86' lang='lat' dir='ltr'><strong>iis</strong></span> <span class='ocrx_word' id='word_1_294' title='bbox 975 3018 1090 3066; x_wconf 81' lang='lat' dir='ltr'><strong>quae</strong></span> <span class='ocrx_word' id='word_1_295' title='bbox 1112 3018 1267 3066; x_wconf 87' lang='lat' dir='ltr'><strong>supra</strong></span> <span class='ocrx_word' id='word_1_296' title='bbox 1287 3004 1428 3052; x_wconf 87' lang='lat' dir='ltr'><strong>dicta</strong></span> <span class='ocrx_word' id='word_1_297' title='bbox 1445 3011 1564 3054; x_wconf 87' lang='lat' dir='ltr'><strong>sunt</strong></span> 
     </span>
     <span class='ocr_line' id='line_1_34' title="bbox 501 3078 1566 3142; baseline 0.001 -15"><span class='ocrx_word' id='word_1_298' title='bbox 501 3078 565 3127; x_wconf 89' lang='lat' dir='ltr'><strong>de</strong></span> <span class='ocrx_word' id='word_1_299' title='bbox 585 3080 691 3140; x_wconf 91' lang='lat' dir='ltr'><strong>illo,</strong></span> <span class='ocrx_word' id='word_1_300' title='bbox 713 3094 825 3142; x_wconf 90' lang='lat' dir='ltr'><strong>cap.</strong></span> <span class='ocrx_word' id='word_1_301' title='bbox 850 3084 928 3127; x_wconf 86' lang='lat'><strong>21.</strong></span> <span class='ocrx_word' id='word_1_302' title='bbox 960 3094 1020 3128; x_wconf 89' lang='lat' dir='ltr'><strong>ac</strong></span> <span class='ocrx_word' id='word_1_303' title='bbox 1045 3079 1109 3128; x_wconf 86' lang='lat' dir='ltr'><strong>de</strong></span> <span class='ocrx_word' id='word_1_304' title='bbox 1135 3080 1446 3128; x_wconf 86' lang='lat' dir='ltr'><strong>lentitudine</strong></span> <span class='ocrx_word' id='word_1_305' title='bbox 1476 3081 1566 3128; x_wconf 88' lang='lat' dir='ltr'><strong>illa</strong></span> 
     </span>
     <span class='ocr_line' id='line_1_35' title="bbox 502 3156 1564 3220; baseline 0.001 -16"><span class='ocrx_word' id='word_1_306' title='bbox 502 3156 918 3218; x_wconf 87' lang='lat' dir='ltr'><strong>intelligendum,</strong></span> <span class='ocrx_word' id='word_1_307' title='bbox 965 3171 1064 3204; x_wconf 91' lang='lat' dir='ltr'><strong>non</strong></span> <span class='ocrx_word' id='word_1_308' title='bbox 1102 3171 1218 3219; x_wconf 85' lang='lat' dir='ltr'><strong>quae</strong></span> <span class='ocrx_word' id='word_1_309' title='bbox 1257 3156 1406 3205; x_wconf 80' lang='lat' dir='ltr'><strong>irasci</strong></span> <span class='ocrx_word' id='word_1_310' title='bbox 1442 3171 1564 3220; x_wconf 89' lang='lat' dir='ltr'><strong>quo-</strong></span> 
     </span>
     <span class='ocr_line' id='line_1_36' title="bbox 501 3231 1563 3295; baseline -0.001 -14"><span class='ocrx_word' id='word_1_311' title='bbox 501 3231 776 3281; x_wconf 87' lang='lat' dir='ltr'><strong>dammodo</strong></span> <span class='ocrx_word' id='word_1_312' title='bbox 801 3231 1017 3295; x_wconf 87' lang='lat' dir='ltr'><strong>nesciat,</strong></span> <span class='ocrx_word' id='word_1_313' title='bbox 1039 3231 1131 3281; x_wconf 88' lang='lat' dir='ltr'><strong>sed</strong></span> <span class='ocrx_word' id='word_1_314' title='bbox 1157 3246 1271 3295; x_wconf 88' lang='lat' dir='ltr'><strong>quae</strong></span> <span class='ocrx_word' id='word_1_315' title='bbox 1298 3232 1457 3281; x_wconf 82' lang='lat' dir='ltr'><strong>veluti</strong></span> <span class='ocrx_word' id='word_1_316' title='bbox 1482 3247 1563 3280; x_wconf 89' lang='lat' dir='ltr'><strong>so·-</strong></span> 
     </span>
     <span class='ocr_line' id='line_1_37' title="bbox 498 3306 1564 3372; baseline -0.003 -14"><span class='ocrx_word' id='word_1_317' title='bbox 498 3310 614 3372; x_wconf 86' lang='lat' dir='ltr'><strong>pita</strong></span> <span class='ocrx_word' id='word_1_318' title='bbox 651 3306 886 3371; x_wconf 85' lang='lat' dir='ltr'><strong>quaedam</strong></span> <span class='ocrx_word' id='word_1_319' title='bbox 924 3307 1001 3355; x_wconf 86' lang='lat' dir='ltr'><strong>ira</strong></span> <span class='ocrx_word' id='word_1_320' title='bbox 1039 3315 1139 3369; x_wconf 86' lang='lat' dir='ltr'><strong>est,</strong></span> <span class='ocrx_word' id='word_1_321' title='bbox 1177 3322 1324 3370; x_wconf 86' lang='lat' dir='ltr'><strong>quam</strong></span> <span class='ocrx_word' id='word_1_322' title='bbox 1363 3308 1564 3356; x_wconf 84' lang='lat' dir='ltr'><strong>Seneca</strong></span> 
     </span>
     <span class='ocr_line' id='line_1_38' title="bbox 497 3384 1562 3448; baseline 0 -15"><span class='ocrx_word' id='word_1_323' title='bbox 497 3386 591 3434; x_wconf 86' lang='lat' dir='ltr'><strong>lib.</strong></span> <span class='ocrx_word' id='word_1_324' title='bbox 619 3384 682 3433; x_wconf 88' lang='lat' dir='ltr'><strong>de</strong></span> <span class='ocrx_word' id='word_1_325' title='bbox 705 3384 811 3448; x_wconf 88' lang='lat' dir='ltr'><strong>Ira,</strong></span> <span class='ocrx_word' id='word_1_326' title='bbox 836 3399 986 3432; x_wconf 86' lang='lat' dir='ltr'><strong>manu</strong></span> <span class='ocrx_word' id='word_1_327' title='bbox 1012 3400 1220 3447; x_wconf 83' lang='lat' dir='ltr'><strong>saevam,</strong></span> <span class='ocrx_word' id='word_1_328' title='bbox 1244 3385 1415 3433; x_wconf 84' lang='lat' dir='ltr'><strong>verbis</strong></span> <span class='ocrx_word' id='word_1_329' title='bbox 1446 3400 1562 3447; x_wconf 85' lang='lat' dir='ltr'><strong>par-</strong></span> 
     </span>
     <span class='ocr_line' id='line_1_39' title="bbox 499 3460 1562 3525; baseline 0 -14"><span class='ocrx_word' id='word_1_330' title='bbox 499 3463 692 3511; x_wconf 88' lang='lat' dir='ltr'><strong>ciorem</strong></span> <span class='ocrx_word' id='word_1_331' title='bbox 712 3475 824 3509; x_wconf 88' lang='lat' dir='ltr'><strong>esse</strong></span> <span class='ocrx_word' id='word_1_332' title='bbox 850 3461 995 3517; x_wconf 87' lang='lat' dir='ltr'><strong>dicit,</strong></span> <span class='ocrx_word' id='word_1_333' title='bbox 1015 3460 1080 3509; x_wconf 90' lang='lat' dir='ltr'><strong>de</strong></span> <span class='ocrx_word' id='word_1_334' title='bbox 1097 3477 1197 3525; x_wconf 88' lang='lat' dir='ltr'><strong>qua</strong></span> <span class='ocrx_word' id='word_1_335' title='bbox 1212 3462 1392 3511; x_wconf 85' lang='lat' dir='ltr'><strong>Cicero</strong></span> <span class='ocrx_word' id='word_1_336' title='bbox 1416 3462 1501 3510; x_wconf 91' lang='lat' dir='ltr'><strong>lib.</strong></span> <span class='ocrx_word' id='word_1_337' title='bbox 1522 3476 1562 3511; x_wconf 89' lang='lat'><strong>1.</strong></span> 
     </span>
     <span class='ocr_line' id='line_1_40' title="bbox 499 3537 1562 3601; baseline 0 -14"><span class='ocrx_word' id='word_1_338' title='bbox 499 3538 564 3587; x_wconf 92' lang='lat' dir='ltr'><strong>ad</strong></span> <span class='ocrx_word' id='word_1_339' title='bbox 604 3537 838 3586; x_wconf 80' lang='lat' dir='ltr'><strong>Atticum</strong></span> <span class='ocrx_word' id='word_1_340' title='bbox 872 3538 1037 3600; x_wconf 84' lang='lat' dir='ltr'><strong>Epist.</strong></span> <span class='ocrx_word' id='word_1_341' title='bbox 1063 3542 1140 3587; x_wconf 92' lang='grc'><strong>11.</strong></span> <span class='ocrx_word' id='word_1_342' title='bbox 1181 3537 1304 3587; x_wconf 87' lang='lat' dir='ltr'><strong>‘Nil</strong></span> <span class='ocrx_word' id='word_1_343' title='bbox 1342 3552 1438 3601; x_wconf 85' lang='lat' dir='ltr'><strong>ego</strong></span> <span class='ocrx_word' id='word_1_344' title='bbox 1471 3539 1562 3587; x_wconf 90' lang='lat' dir='ltr'><strong>illo</strong></span> 
     </span>
     <span class='ocr_line' id='line_1_41' title="bbox 497 3613 1560 3679; baseline -0.003 -16"><span class='ocrx_word' id='word_1_345' title='bbox 497 3614 869 3679; x_wconf 81' lang='lat' dir='ltr'><strong>impudentius,</strong></span> <span class='ocrx_word' id='word_1_346' title='bbox 905 3615 1146 3676; x_wconf 84' lang='lat' dir='ltr'><strong>astutius,</strong></span> <span class='ocrx_word' id='word_1_347' title='bbox 1181 3616 1388 3675; x_wconf 82' lang='lat' dir='ltr'><strong>lentius,</strong></span> <span class='ocrx_word' id='word_1_348' title='bbox 1412 3613 1560 3662; x_wconf 89' lang='lat' dir='ltr'><strong>novi.&#39;</strong></span> 
     </span>
     <span class='ocr_line' id='line_1_42' title="bbox 498 3691 1559 3755; baseline -0.001 -15"><span class='ocrx_word' id='word_1_349' title='bbox 498 3692 674 3755; x_wconf 86' lang='lat' dir='ltr'><strong>Hujus</strong></span> <span class='ocrx_word' id='word_1_350' title='bbox 694 3692 805 3740; x_wconf 84' lang='lat' dir='ltr'><strong>vitii</strong></span> <span class='ocrx_word' id='word_1_351' title='bbox 824 3691 1399 3754; x_wconf 85' lang='lat' dir='ltr'><strong>comparatione,virtus</strong></span> <span class='ocrx_word' id='word_1_352' title='bbox 1421 3691 1559 3739; x_wconf 89' lang='lat' dir='ltr'><strong>dica·</strong></span> 
     </span>
     <span class='ocr_line' id='line_1_43' title="bbox 500 3767 1556 3830; baseline -0.004 -12"><span class='ocrx_word' id='word_1_353' title='bbox 500 3774 583 3818; x_wconf 87' lang='lat' dir='ltr'><strong>tur</strong></span> <span class='ocrx_word' id='word_1_354' title='bbox 615 3768 693 3816; x_wconf 83' lang='lat' dir='ltr'><strong>ira</strong></span> <span class='ocrx_word' id='word_1_355' title='bbox 726 3768 830 3829; x_wconf 87' lang='lat' dir='ltr'><strong>illa,</strong></span> <span class='ocrx_word' id='word_1_356' title='bbox 866 3782 981 3830; x_wconf 83' lang='lat' dir='ltr'><strong>quae</strong></span> <span class='ocrx_word' id='word_1_357' title='bbox 1028 3781 1083 3815; x_wconf 89' lang='lat' dir='ltr'><strong>se</strong></span> <span class='ocrx_word' id='word_1_358' title='bbox 1126 3767 1302 3816; x_wconf 80' lang='lat' dir='ltr'><strong>statim</strong></span> <span class='ocrx_word' id='word_1_359' title='bbox 1339 3767 1556 3830; x_wconf 86' lang='lat' dir='ltr'><strong>promit3</strong></span> 
     </span>
     <span class='ocr_line' id='line_1_44' title="bbox 496 3843 1555 3907; baseline 0 -14"><span class='ocrx_word' id='word_1_360' title='bbox 496 3843 637 3893; x_wconf 90' lang='lat' dir='ltr'><strong>unde</strong></span> <span class='ocrx_word' id='word_1_361' title='bbox 663 3843 848 3894; x_wconf 85' lang='lat' dir='ltr'><strong>Cicero</strong></span> <span class='ocrx_word' id='word_1_362' title='bbox 873 3858 911 3893; x_wconf 89' lang='lat'><strong>1.</strong></span> <span class='ocrx_word' id='word_1_363' title='bbox 935 3843 1003 3891; x_wconf 89' lang='lat' dir='ltr'><strong>de</strong></span> <span class='ocrx_word' id='word_1_364' title='bbox 1036 3844 1276 3907; x_wconf 77' lang='lat' dir='ltr'><strong>Legibus,</strong></span> <span class='ocrx_word' id='word_1_365' title='bbox 1308 3844 1555 3893; x_wconf 83' lang='lat' dir='ltr'><strong>bonorum</strong></span> 
     </span>
     <span class='ocr_line' id='line_1_45' title="bbox 495 3920 1558 3972; baseline 0.004 -5"><span class='ocrx_word' id='word_1_366' title='bbox 495 3921 721 3970; x_wconf 79' lang='lat' dir='ltr'><strong>virorum</strong></span> <span class='ocrx_word' id='word_1_367' title='bbox 746 3934 869 3969; x_wconf 76' lang='lat' dir='ltr'><strong>esse</strong></span> <span class='ocrx_word' id='word_1_368' title='bbox 904 3920 1038 3970; x_wconf 87' lang='lat' dir='ltr'><strong>dicit</strong></span> <span class='ocrx_word' id='word_1_369' title='bbox 1078 3920 1349 3970; x_wconf 83' lang='lat' dir='ltr'><strong>admodum</strong></span> <span class='ocrx_word' id='word_1_370' title='bbox 1388 3922 1558 3972; x_wconf 88' lang='lat' dir='ltr'><strong>irasci.</strong></span> 
     </span>
     <span class='ocr_line' id='line_1_46' title="bbox 495 3994 1555 4054; baseline 0.003 -11"><span class='ocrx_word' id='word_1_371' title='bbox 495 3994 567 4044; x_wconf 89' lang='lat' dir='ltr'><strong>Et</strong></span> <span class='ocrx_word' id='word_1_372' title='bbox 589 3996 654 4045; x_wconf 87' lang='lat' dir='ltr'><strong>ad</strong></span> <span class='ocrx_word' id='word_1_373' title='bbox 680 3995 934 4054; x_wconf 80' lang='lat' dir='ltr'><strong>Atticum,</strong></span> <span class='ocrx_word' id='word_1_374' title='bbox 957 3996 975 4023; x_wconf 87' lang='lat'>‘</span> <span class='ocrx_word' id='word_1_375' title='bbox 997 3996 1284 4046; x_wconf 86' lang='lat' dir='ltr'><strong>Irritabiles</strong></span> <span class='ocrx_word' id='word_1_376' title='bbox 1305 4012 1422 4047; x_wconf 86' lang='lat' dir='ltr'><strong>esse</strong></span> <span class='ocrx_word' id='word_1_377' title='bbox 1445 3999 1555 4047; x_wconf 86' lang='lat' dir='ltr'><strong>ani·</strong></span> 
     </span>
     <span class='ocr_line' id='line_1_47' title="bbox 495 4073 1555 4137; baseline 0.005 -18"><span class='ocrx_word' id='word_1_378' title='bbox 495 4085 604 4119; x_wconf 87' lang='lat' dir='ltr'><strong>mos</strong></span> <span class='ocrx_word' id='word_1_379' title='bbox 650 4073 961 4134; x_wconf 86' lang='lat' dir='ltr'><strong>optimorum</strong></span> <span class='ocrx_word' id='word_1_380' title='bbox 1006 4088 1148 4137; x_wconf 81' lang='lat' dir='ltr'><strong>soepe</strong></span> <span class='ocrx_word' id='word_1_381' title='bbox 1192 4074 1450 4123; x_wconf 86' lang='lat' dir='ltr'><strong>hominum</strong></span> <span class='ocrx_word' id='word_1_382' title='bbox 1498 4081 1555 4124; x_wconf 89' lang='lat' dir='ltr'><strong>et</strong></span> 
     </span>
     <span class='ocr_line' id='line_1_48' title="bbox 496 4146 1162 4208; baseline 0.008 -16"><span class='ocrx_word' id='word_1_383' title='bbox 496 4146 705 4194; x_wconf 77' lang='lat' dir='ltr'><strong>eosdem</strong></span> <span class='ocrx_word' id='word_1_384' title='bbox 728 4147 1041 4208; x_wconf 85' lang='lat' dir='ltr'><strong>placabiles,’</strong></span> <span class='ocrx_word' id='word_1_385' title='bbox 1062 4152 1162 4199; x_wconf 75' lang='grc' dir='ltr'><strong>διο.</strong></span> 
     </span>
    </p>

    <p class='ocr_par' dir='ltr' id='par_1_9' title="bbox 498 4221 1554 4354">
     <span class='ocr_line' id='line_1_49' title="bbox 562 4221 1554 4285; baseline 0.01 -19"><span class='ocrx_word' id='word_1_386' title='bbox 562 4227 584 4252; x_wconf 74' lang='lat'><strong>0</strong></span> <span class='ocrx_word' id='word_1_387' title='bbox 622 4221 892 4285; x_wconf 75' lang='lat' dir='ltr'><strong>Gadareus]</strong></span> <span class='ocrx_word' id='word_1_388' title='bbox 925 4223 1190 4274; x_wconf 87' lang='lat' dir='ltr'><strong>Oriundus</strong></span> <span class='ocrx_word' id='word_1_389' title='bbox 1214 4226 1426 4277; x_wconf 80' lang='lat' dir='ltr'><strong>Gadara</strong></span> <span class='ocrx_word' id='word_1_390' title='bbox 1463 4232 1554 4276; x_wconf 90' lang='lat' dir='ltr'><strong>aut</strong></span> 
     </span>
     <span class='ocr_line' id='line_1_50' title="bbox 498 4296 1548 4354; baseline 0.008 -8"><span class='ocrx_word' id='word_1_391' title='bbox 498 4296 807 4353; x_wconf 84' lang='lat' dir='ltr'><strong>Gadaribus,</strong></span> <span class='ocrx_word' id='word_1_392' title='bbox 844 4307 928 4348; x_wconf 90' lang='lat' dir='ltr'><strong>aut</strong></span> <span class='ocrx_word' id='word_1_393' title='bbox 965 4301 1121 4350; x_wconf 83' lang='lat' dir='ltr'><strong>etiam</strong></span> <span class='ocrx_word' id='word_1_394' title='bbox 1148 4301 1357 4352; x_wconf 81' lang='lat' dir='ltr'><strong>Gadara</strong></span> <span class='ocrx_word' id='word_1_395' title='bbox 1379 4319 1445 4354; x_wconf 88' lang='lat' dir='ltr'><strong>ex</strong></span> <span class='ocrx_word' id='word_1_396' title='bbox 1469 4318 1548 4354; x_wconf 90' lang='lat' dir='ltr'><strong>ur·</strong></span> 
     </span>
    </p>
   </div>
   <div class='ocr_carea' id='block_1_9' title="bbox 1631 2852 2710 4368">
    <p class='ocr_par' dir='ltr' id='par_1_10' title="bbox 1631 2852 2710 4368">
     <span class='ocr_line' id='line_1_51' title="bbox 1645 2852 2702 2905; baseline -0.003 -2"><span class='ocrx_word' id='word_1_397' title='bbox 1645 2867 1708 2903; x_wconf 85' lang='lat' dir='ltr'><strong>ex</strong></span> <span class='ocrx_word' id='word_1_398' title='bbox 1731 2853 2036 2905; x_wconf 80' lang='lat' dir='ltr'><strong>Quintiliani</strong></span> <span class='ocrx_word' id='word_1_399' title='bbox 2069 2853 2154 2902; x_wconf 87' lang='lat' dir='ltr'><strong>lib.</strong></span> <span class='ocrx_word' id='word_1_400' title='bbox 2179 2866 2268 2903; x_wconf 81' lang='lat' dir='ltr'><strong>nr.</strong></span> <span class='ocrx_word' id='word_1_401' title='bbox 2291 2853 2377 2902; x_wconf 88' lang='lat' dir='ltr'><strong>ubi</strong></span> <span class='ocrx_word' id='word_1_402' title='bbox 2404 2853 2598 2903; x_wconf 88' lang='lat' dir='ltr'><strong>dicitur</strong></span> <span class='ocrx_word' id='word_1_403' title='bbox 2620 2852 2702 2900; x_wconf 76' lang='lat' dir='ltr'><strong>Ti·-</strong></span> 
     </span>
     <span class='ocr_line' id='line_1_52' title="bbox 1643 2929 2701 2991; baseline -0.003 -12"><span class='ocrx_word' id='word_1_404' title='bbox 1643 2931 1815 2979; x_wconf 86' lang='lat' dir='ltr'><strong>berius</strong></span> <span class='ocrx_word' id='word_1_405' title='bbox 1855 2931 1995 2979; x_wconf 90' lang='lat' dir='ltr'><strong>illum</strong></span> <span class='ocrx_word' id='word_1_406' title='bbox 2038 2930 2244 2978; x_wconf 81' lang='lat' dir='ltr'><strong>audisse</strong></span> <span class='ocrx_word' id='word_1_407' title='bbox 2275 2929 2462 2991; x_wconf 84' lang='lat' dir='ltr'><strong>Rhodi,</strong></span> <span class='ocrx_word' id='word_1_408' title='bbox 2500 2943 2615 2978; x_wconf 84' lang='lat' dir='ltr'><strong>curn</strong></span> <span class='ocrx_word' id='word_1_409' title='bbox 2651 2929 2701 2976; x_wconf 83' lang='lat' dir='ltr'><strong>in</strong></span> 
     </span>
     <span class='ocr_line' id='line_1_53' title="bbox 1645 3002 2710 3056; baseline 0 0"><span class='ocrx_word' id='word_1_410' title='bbox 1645 3022 1756 3056; x_wconf 87' lang='lat' dir='ltr'><strong>eam</strong></span> <span class='ocrx_word' id='word_1_411' title='bbox 1785 3007 1999 3055; x_wconf 88' lang='lat' dir='ltr'><strong>insulam</strong></span> <span class='ocrx_word' id='word_1_412' title='bbox 2026 3007 2343 3056; x_wconf 82' lang='lat' dir='ltr'><strong>secessisset.</strong></span> <span class='ocrx_word' id='word_1_413' title='bbox 2703 3002 2710 3005; x_wconf 69' lang='grc'><em>“</em></span> 
     </span>
     <span class='ocr_line' id='line_1_54' title="bbox 1708 3074 2701 3146; baseline -0.002 -15"><span class='ocrx_word' id='word_1_414' title='bbox 1708 3082 1732 3116; x_wconf 76' lang='lat'><strong>‘¹</strong></span> <span class='ocrx_word' id='word_1_415' title='bbox 1771 3074 2100 3145; x_wconf 60' lang='lat' dir='ltr'><strong>baim-gando]</strong></span> <span class='ocrx_word' id='word_1_416' title='bbox 2157 3082 2386 3131; x_wconf 88' lang='lat' dir='ltr'><strong>Verbum</strong></span> <span class='ocrx_word' id='word_1_417' title='bbox 2438 3081 2536 3132; x_wconf 90' lang='lat' dir='ltr'><strong>hoc</strong></span> <span class='ocrx_word' id='word_1_418' title='bbox 2587 3095 2701 3146; x_wconf 86' lang='lat' dir='ltr'><strong>per·</strong></span> 
     </span>
     <span class='ocr_line' id='line_1_55' title="bbox 1643 3159 2699 3220; baseline 0 -14"><span class='ocrx_word' id='word_1_419' title='bbox 1643 3160 1864 3208; x_wconf 82' lang='lat' dir='ltr'><strong>suaserit</strong></span> <span class='ocrx_word' id='word_1_420' title='bbox 1884 3159 2203 3208; x_wconf 87' lang='lat' dir='ltr'><strong>Theodorum</strong></span> <span class='ocrx_word' id='word_1_421' title='bbox 2236 3159 2400 3220; x_wconf 88' lang='lat' dir='ltr'><strong>illum,</strong></span> <span class='ocrx_word' id='word_1_422' title='bbox 2432 3166 2522 3207; x_wconf 87' lang='lat' dir='ltr'><strong>aut</strong></span> <span class='ocrx_word' id='word_1_423' title='bbox 2550 3159 2699 3208; x_wconf 88' lang='lat' dir='ltr'><strong>alium</strong></span> 
     </span>
     <span class='ocr_line' id='line_1_56' title="bbox 1646 3235 2701 3298; baseline -0.001 -14"><span class='ocrx_word' id='word_1_424' title='bbox 1646 3250 1758 3284; x_wconf 80' lang='lat' dir='ltr'><strong>esse</strong></span> <span class='ocrx_word' id='word_1_425' title='bbox 1781 3236 1846 3284; x_wconf 87' lang='lat' dir='ltr'><strong>ab</strong></span> <span class='ocrx_word' id='word_1_426' title='bbox 1881 3251 1963 3296; x_wconf 91' lang='lat' dir='ltr'><strong>eo,</strong></span> <span class='ocrx_word' id='word_1_427' title='bbox 1987 3236 2132 3298; x_wconf 83' lang='lat' dir='ltr'><strong>cujus</strong></span> <span class='ocrx_word' id='word_1_428' title='bbox 2163 3235 2394 3283; x_wconf 86' lang='lat' dir='ltr'><strong>meminit</strong></span> <span class='ocrx_word' id='word_1_429' title='bbox 2425 3235 2701 3286; x_wconf 85' lang='lat' dir='ltr'><strong>Quintilia-</strong></span> 
     </span>
     <span class='ocr_line' id='line_1_57' title="bbox 1645 3310 2699 3371; baseline 0.002 -12"><span class='ocrx_word' id='word_1_430' title='bbox 1645 3327 1739 3360; x_wconf 85' lang='lat' dir='ltr'><strong>nus</strong></span> <span class='ocrx_word' id='word_1_431' title='bbox 1765 3314 1878 3362; x_wconf 91' lang='lat' dir='ltr'><strong>loco</strong></span> <span class='ocrx_word' id='word_1_432' title='bbox 1901 3314 2082 3371; x_wconf 88' lang='lat' dir='ltr'><strong>citato,</strong></span> <span class='ocrx_word' id='word_1_433' title='bbox 2119 3319 2207 3360; x_wconf 85' lang='lat' dir='ltr'><strong>aut</strong></span> <span class='ocrx_word' id='word_1_434' title='bbox 2246 3310 2510 3360; x_wconf 87' lang='lat' dir='ltr'><strong>Tiberium</strong></span> <span class='ocrx_word' id='word_1_435' title='bbox 2549 3312 2615 3361; x_wconf 88' lang='lat' dir='ltr'><strong>ab</strong></span> <span class='ocrx_word' id='word_1_436' title='bbox 2638 3326 2699 3360; x_wconf 90' lang='lat' dir='ltr'><strong>eo</strong></span> 
     </span>
     <span class='ocr_line' id='line_1_58' title="bbox 1631 3387 2700 3451; baseline 0.001 -17"><span class='ocrx_word' id='word_1_437' title='bbox 1631 3388 1740 3451; x_wconf 74' lang='lat' dir='ltr'><strong>jam</strong></span> <span class='ocrx_word' id='word_1_438' title='bbox 1779 3389 1900 3436; x_wconf 86' lang='lat' dir='ltr'><strong>inde</strong></span> <span class='ocrx_word' id='word_1_439' title='bbox 1942 3388 2005 3437; x_wconf 89' lang='lat' dir='ltr'><strong>ab</strong></span> <span class='ocrx_word' id='word_1_440' title='bbox 2043 3387 2393 3436; x_wconf 86' lang='lat' dir='ltr'><strong>adolescentia</strong></span> <span class='ocrx_word' id='word_1_441' title='bbox 2427 3387 2700 3446; x_wconf 89' lang='lat' dir='ltr'><strong>edoctum;</strong></span> 
     </span>
     <span class='ocr_line' id='line_1_59' title="bbox 1643 3464 2706 3528; baseline 0.004 -19"><span class='ocrx_word' id='word_1_442' title='bbox 1643 3464 1756 3528; x_wconf 86' lang='lat' dir='ltr'><strong>quis</strong></span> <span class='ocrx_word' id='word_1_443' title='bbox 1779 3464 1913 3512; x_wconf 89' lang='lat' dir='ltr'><strong>enim</strong></span> <span class='ocrx_word' id='word_1_444' title='bbox 1936 3478 2070 3524; x_wconf 83' lang='lat' dir='ltr'><strong>enm,</strong></span> <span class='ocrx_word' id='word_1_445' title='bbox 2105 3464 2444 3525; x_wconf 80' lang='lat' dir='ltr'><strong>consularem,</strong></span> <span class='ocrx_word' id='word_1_446' title='bbox 2480 3469 2559 3513; x_wconf 89' lang='lat' dir='ltr'><strong>tot</strong></span> <span class='ocrx_word' id='word_1_447' title='bbox 2593 3465 2706 3513; x_wconf 82' lang='lat' dir='ltr'><strong>bel·</strong></span> 
     </span>
     <span class='ocr_line' id='line_1_60' title="bbox 1643 3541 2699 3605; baseline 0.002 -17"><span class='ocrx_word' id='word_1_448' title='bbox 1643 3541 1805 3589; x_wconf 88' lang='lat' dir='ltr'><strong>lorum</strong></span> <span class='ocrx_word' id='word_1_449' title='bbox 1828 3542 2029 3604; x_wconf 84' lang='lat' dir='ltr'><strong>ducem,</strong></span> <span class='ocrx_word' id='word_1_450' title='bbox 2063 3557 2125 3590; x_wconf 89' lang='lat' dir='ltr'><strong>ac</strong></span> <span class='ocrx_word' id='word_1_451' title='bbox 2158 3542 2443 3591; x_wconf 85' lang='lat' dir='ltr'><strong>tribuniciae</strong></span> <span class='ocrx_word' id='word_1_452' title='bbox 2471 3549 2699 3605; x_wconf 82' lang='lat' dir='ltr'><strong>potesta·</strong></span> 
     </span>
     <span class='ocr_line' id='line_1_61' title="bbox 1645 3617 2698 3683; baseline 0.001 -17"><span class='ocrx_word' id='word_1_453' title='bbox 1645 3617 1710 3666; x_wconf 87' lang='lat' dir='ltr'><strong>tis</strong></span> <span class='ocrx_word' id='word_1_454' title='bbox 1735 3617 1894 3665; x_wconf 85' lang='lat' dir='ltr'><strong>virum</strong></span> <span class='ocrx_word' id='word_1_455' title='bbox 1921 3633 1950 3666; x_wconf 87' lang='lat' dir='ltr'><strong>a</strong></span> <span class='ocrx_word' id='word_1_456' title='bbox 1973 3618 2177 3666; x_wconf 81' lang='lat' dir='ltr'><strong>rhetore</strong></span> <span class='ocrx_word' id='word_1_457' title='bbox 2214 3619 2395 3667; x_wconf 87' lang='lat' dir='ltr'><strong>credat</strong></span> <span class='ocrx_word' id='word_1_458' title='bbox 2428 3620 2698 3683; x_wconf 86' lang='lat' dir='ltr'><strong>objurgan-</strong></span> 
     </span>
     <span class='ocr_line' id='line_1_62' title="bbox 1639 3693 2694 3745; baseline 0.003 -3"><span class='ocrx_word' id='word_1_459' title='bbox 1639 3693 1800 3742; x_wconf 87' lang='lat' dir='ltr'><strong>dum?</strong></span> <span class='ocrx_word' id='word_1_460' title='bbox 1849 3694 1995 3743; x_wconf 88' lang='lat' dir='ltr'><strong>Tunc</strong></span> <span class='ocrx_word' id='word_1_461' title='bbox 2032 3693 2167 3741; x_wconf 90' lang='lat' dir='ltr'><strong>enim</strong></span> <span class='ocrx_word' id='word_1_462' title='bbox 2206 3693 2443 3743; x_wconf 89' lang='lat' dir='ltr'><strong>Tiberius</strong></span> <span class='ocrx_word' id='word_1_463' title='bbox 2488 3694 2694 3745; x_wconf 85' lang='lat' dir='ltr'><strong>functus</strong></span> 
     </span>
     <span class='ocr_line' id='line_1_63' title="bbox 1640 3771 2700 3830; baseline 0.002 -11"><span class='ocrx_word' id='word_1_464' title='bbox 1640 3780 1750 3820; x_wconf 82' lang='lat' dir='ltr'><strong>erat</strong></span> <span class='ocrx_word' id='word_1_465' title='bbox 1775 3772 1853 3819; x_wconf 88' lang='lat' dir='ltr'><strong>his</strong></span> <span class='ocrx_word' id='word_1_466' title='bbox 1877 3771 2174 3830; x_wconf 86' lang='lat' dir='ltr'><strong>honoribus,</strong></span> <span class='ocrx_word' id='word_1_467' title='bbox 2207 3785 2323 3820; x_wconf 85' lang='lat' dir='ltr'><strong>cum</strong></span> <span class='ocrx_word' id='word_1_468' title='bbox 2355 3771 2590 3821; x_wconf 85' lang='lat' dir='ltr'><strong>Rhodum</strong></span> <span class='ocrx_word' id='word_1_469' title='bbox 2622 3784 2700 3821; x_wconf 56' lang='lat' dir='ltr'><strong>ses</strong></span> 
     </span>
     <span class='ocr_line' id='line_1_64' title="bbox 1639 3845 2695 3912; baseline 0 -16"><span class='ocrx_word' id='word_1_470' title='bbox 1639 3845 1809 3896; x_wconf 82' lang='lat' dir='ltr'><strong>cessit.</strong></span> <span class='ocrx_word' id='word_1_471' title='bbox 1848 3849 2007 3898; x_wconf 86' lang='lat' dir='ltr'><strong>Certe</strong></span> <span class='ocrx_word' id='word_1_472' title='bbox 2027 3846 2252 3909; x_wconf 80' lang='lat' dir='ltr'><strong>sophista</strong></span> <span class='ocrx_word' id='word_1_473' title='bbox 2276 3846 2384 3908; x_wconf 90' lang='lat' dir='ltr'><strong>ille,</strong></span> <span class='ocrx_word' id='word_1_474' title='bbox 2405 3847 2470 3896; x_wconf 93' lang='lat' dir='ltr'><strong>de</strong></span> <span class='ocrx_word' id='word_1_475' title='bbox 2492 3863 2594 3912; x_wconf 86' lang='lat' dir='ltr'><strong>quo</strong></span> <span class='ocrx_word' id='word_1_476' title='bbox 2617 3863 2695 3896; x_wconf 88' lang='lat' dir='ltr'><strong>su-</strong></span> 
     </span>
     <span class='ocr_line' id='line_1_65' title="bbox 1638 3922 2694 3988; baseline -0.001 -16"><span class='ocrx_word' id='word_1_477' title='bbox 1638 3938 1734 3988; x_wconf 85' lang='lat' dir='ltr'><strong>pra</strong></span> <span class='ocrx_word' id='word_1_478' title='bbox 1771 3928 1982 3987; x_wconf 80' lang='lat' dir='ltr'><strong>cap.ll.</strong></span> <span class='ocrx_word' id='word_1_479' title='bbox 2018 3938 2193 3986; x_wconf 82' lang='lat' dir='ltr'><strong>poenas</strong></span> <span class='ocrx_word' id='word_1_480' title='bbox 2227 3922 2374 3972; x_wconf 87' lang='lat' dir='ltr'><strong>dedit</strong></span> <span class='ocrx_word' id='word_1_481' title='bbox 2410 3925 2694 3988; x_wconf 82' lang='lat' dir='ltr'><strong>promtissi-</strong></span> 
     </span>
     <span class='ocr_line' id='line_1_66' title="bbox 1636 3997 2694 4063; baseline 0.001 -17"><span class='ocrx_word' id='word_1_482' title='bbox 1636 4013 1764 4062; x_wconf 64' lang='grc' dir='ltr'><strong>ωας,</strong></span> <span class='ocrx_word' id='word_1_483' title='bbox 1786 4000 1871 4063; x_wconf 88' lang='lat' dir='ltr'><strong>qui</strong></span> <span class='ocrx_word' id='word_1_484' title='bbox 1903 4013 2053 4047; x_wconf 69' lang='lat' dir='ltr'><strong>aursus</strong></span> <span class='ocrx_word' id='word_1_485' title='bbox 2088 4006 2230 4046; x_wconf 83' lang='lat' dir='ltr'><strong>esset</strong></span> <span class='ocrx_word' id='word_1_486' title='bbox 2267 3997 2340 4046; x_wconf 89' lang='lat' dir='ltr'><strong>illi</strong></span> <span class='ocrx_word' id='word_1_487' title='bbox 2374 4000 2528 4049; x_wconf 84' lang='lat' dir='ltr'><strong>etiam</strong></span> <span class='ocrx_word' id='word_1_488' title='bbox 2561 4000 2694 4049; x_wconf 83' lang='lat' dir='ltr'><strong>inter</strong></span> 
     </span>
     <span class='ocr_line' id='line_1_67' title="bbox 1634 4073 2317 4138; baseline -0.003 -14"><span class='ocrx_word' id='word_1_489' title='bbox 1634 4074 2000 4138; x_wconf 85' lang='lat' dir='ltr'><strong>disputandum</strong></span> <span class='ocrx_word' id='word_1_490' title='bbox 2021 4073 2317 4123; x_wconf 86' lang='lat' dir='ltr'><strong>conviciari.</strong></span> 
     </span>
     <span class='ocr_line' id='line_1_68' title="bbox 1644 4149 2689 4215; baseline -0.001 -15"><span class='ocrx_word' id='word_1_491' title='bbox 1644 4195 1649 4200; x_wconf 92' lang='lat'><em>.</em></span> <span class='ocrx_word' id='word_1_492' title='bbox 1698 4158 1720 4183; x_wconf 71' lang='lat'><strong>⁰</strong></span> <span class='ocrx_word' id='word_1_493' title='bbox 1754 4151 2001 4215; x_wconf 80' lang='lat' dir='ltr'><strong>Scurram]</strong></span> <span class='ocrx_word' id='word_1_494' title='bbox 2040 4150 2284 4198; x_wconf 84' lang='lat' dir='ltr'><strong>Dicacem</strong></span> <span class='ocrx_word' id='word_1_495' title='bbox 2315 4149 2570 4199; x_wconf 89' lang='lat' dir='ltr'><strong>hominem</strong></span> <span class='ocrx_word' id='word_1_496' title='bbox 2594 4150 2689 4213; x_wconf 80' lang='lat' dir='ltr'><strong>sig-</strong></span> 
     </span>
     <span class='ocr_line' id='line_1_69' title="bbox 1635 4224 2690 4290; baseline -0.001 -15"><span class='ocrx_word' id='word_1_497' title='bbox 1635 4226 1832 4289; x_wconf 81' lang='lat' dir='ltr'><strong>nificat,</strong></span> <span class='ocrx_word' id='word_1_498' title='bbox 1858 4226 2209 4289; x_wconf 85' lang='lat' dir='ltr'><strong>ridiculisque,</strong></span> <span class='ocrx_word' id='word_1_499' title='bbox 2240 4224 2371 4273; x_wconf 83' lang='lat' dir='ltr'><strong>baud</strong></span> <span class='ocrx_word' id='word_1_500' title='bbox 2407 4227 2547 4274; x_wconf 81' lang='lat' dir='ltr'><strong>salvs</strong></span> <span class='ocrx_word' id='word_1_501' title='bbox 2577 4240 2690 4290; x_wconf 85' lang='lat' dir='ltr'><strong>per-</strong></span> 
     </span>
     <span class='ocr_line' id='line_1_70' title="bbox 1635 4300 2689 4368; baseline -0.004 -14"><span class='ocrx_word' id='word_1_502' title='bbox 1635 4318 1870 4355; x_wconf 77' lang='lat' dir='ltr'><strong>sonarum</strong></span> <span class='ocrx_word' id='word_1_503' title='bbox 1910 4303 2185 4368; x_wconf 82' lang='lat' dir='ltr'><strong>dignitate,</strong></span> <span class='ocrx_word' id='word_1_504' title='bbox 2225 4300 2395 4351; x_wconf 81' lang='lat' dir='ltr'><strong>verbis</strong></span> <span class='ocrx_word' id='word_1_505' title='bbox 2436 4302 2689 4352; x_wconf 78' lang='lat' dir='ltr'><strong>incessen-</strong></span> 
     </span>
    </p>
   </div>
  </div>
 </body>
</html>
