3019 4922
548 439 680 508 372

1396 457 1461 503 c.
1508 428 1881 505 Sun'romt'

548 610 898 686 utramque
927 620 1066 665 rem
1097 620 1230 665 non
1263 620 1305 665 a
1333 620 1405 665 se
1436 602 1655 684 primo
1688 594 2261 675 animadversam,
2287 598 2406 662 sed
2435 592 2741 681 antiquis·

537 703 678 787 jam
712 710 869 767 tunc
921 722 1098 768 curse
1128 703 1360 767 fuisse.

547 805 735 870 fovit.

1449 703 1726 785 Ingenia
1766 702 1998 767 saeculi
2042 701 2150 765 sni
2180 700 2485 765 omnibus
2515 699 2738 764 modis

825 803 1220 869 Recitantes
1272 813 1343 869 et
1391 805 1669 887 benigne
1715 809 1780 869 et
1839 804 2174 887 patienter
2224 802 2546 868 audivit:⁵
2608 820 2737 866 nec

548 912 799 972 tantum
833 908 1123 971 carmina
1145 913 1213 971 et
1239 906 1576 985 historiaS,
1607 907 1726 971 sed
1773 913 1844 970 et
1889 905 2264 971 orationesp
2312 911 2377 971 et
2406 904 2740 988 dialogos·

549 1008 877 1092 Componi
906 1014 1122 1074 tamen
1152 1008 1406 1092 aliquid
1431 1009 1512 1073 de
1543 1028 1642 1085 se,
1666 1009 1798 1072 nisi
1825 1016 1894 1072 et
1919 1008 2120 1086 serio,
2153 1016 2224 1072 et
2250 1027 2291 1072 a
2311 1010 2739 1092 praestantis-

547 1111 791 1188 simis,‘³
823 1110 1281 1176 offendebatur
1306 1132 1326 1192 ;
1368 1111 1897 1194 admonebatque
1925 1110 2289 1189 PraetoreS‚
2318 1131 2403 1175 ne
2430 1114 2739 1194 pateren-

545 1218 654 1277 tur
680 1233 923 1279 nomen
954 1233 1148 1278 suum
1172 1215 1761 1279 commissionibus
1783 1222 1805 1249 ¹·
1835 1213 2253 1280 obSolefieri.⁸
2340 1213 2503 1300 [90.]
2535 1214 2736 1278 Circa

1456 1377 1815 1398 “OON‘N‘N

546 1501 642 1544 ——5
678 1495 851 1545 Audiit
875 1495 1153 1545 restituere
1178 1495 1317 1546 Oud.
1341 1495 1500 1547 Wolf.
1525 1511 1640 1546 cum
1663 1497 1844 1560 Steph.
1869 1502 1923 1546 et
1957 1497 2134 1546 Burm.
2157 1493 2516 1559 suffragantib.
2538 1464 2735 1546 Medic.

548 1564 593 1607 1.
616 1564 665 1609 2.
686 1561 842 1611 Fouc.
868 1561 1017 1611 Voss·
1041 1559 1124 1611 Cf.
1145 1575 1192 1610 e.
1212 1565 1295 1612 93.
1360 1563 1488 1610 Tum
1527 1562 1787 1611 orationem
1817 1561 1963 1611 Cort.
2032 1562 2199 1611 Paulo
2236 1570 2357 1612 ante
2388 1561 2588 1611 historia
2615 1562 2734 1626 Cuj.

1533 1708 1747 1760 NOTAE

544 1803 648 1853 imo
679 1806 856 1853 consul
893 1802 994 1854 fuit
1031 1819 1147 1856 anu.
1186 1807 1253 1856 U.
1297 1808 1360 1856 C.
1391 1809 1504 1856 649.
1546 1815 1602 1856 et

542 1881 762 1930 eundem
807 1881 1068 1932 existimat
1126 1897 1237 1932 esse
1280 1883 1600 1940 Torrentius,

542 1958 691 2020 eujus
737 1959 889 2008 toties
928 1958 1210 2011 honorifice
1243 1961 1475 2011 meminit
1515 1961 1598 2011 Ci—

541 2046 663 2082 cere
685 2035 771 2083 lib.
792 2049 830 2085 1.
847 2036 912 2084 de
930 2035 1171 2097 Oratore,
1186 2045 1244 2084 ut
1264 2037 1598 2100 pliilosophiae

540 2109 726 2175 dediti,
749 2120 803 2163 et
825 2128 926 2177 quo
949 2115 1174 2163 sanctior
1196 2122 1250 2165 et
1274 2115 1524 2177 integrior
1547 2118 1599 2166 in

539 2187 756 2241 civitate
792 2190 960 2237 nullus
985 2197 1141 2238 esset.
1209 2190 1310 2241 Qui
1336 2197 1507 2240 tamen
1531 2191 1599 2241 de

541 2262 884 2314 architectura
905 2264 1065 2315 libros
1088 2280 1191 2316 non
1228 2267 1508 2331 scripserit,
1542 2275 1601 2318 ut

542 2339 655 2388 vult
675 2340 980 2404 Beroaldus,
1001 2343 1092 2392 sed
1116 2343 1370 2393 orationes
1407 2346 1597 2396 babue-

541 2414 629 2476 rit,
651 2424 783 2468 utet
811 2418 900 2469 alii
939 2434 1157 2486 quoqne,
1199 2421 1251 2471 in
1282 2421 1479 2473 Senatu
1516 2423 1598 2473 vel

538 2491 604 2540 ad
629 2494 873 2556 populum
898 2495 964 2544 de
988 2495 1139 2546 modo
1164 2496 1399 2547 aedificiis
1435 2498 1597 2562 impo-

538 2570 730 2633 nendo,
745 2572 809 2621 ad
828 2573 1158 2624 inhibendum
1179 2575 1374 2639 luxum,
1391 2584 1443 2625 et
1461 2590 1597 2625 amo-

549 2648 717 2698 venda
738 2649 995 2702 incendia.

602 2732 626 2757 ⁰
658 2726 805 2776 Modo
825 2728 1157 2793 edificiorum]
1205 2728 1395 2779 Strabo
1417 2729 1508 2779 lib.
1543 2743 1598 2782 v,

540 2801 670 2851 dicit
700 2805 1042 2855 constitutum
1072 2806 1138 2855 ab
1160 2805 1397 2869 Augusto
1419 2804 1597 2862 fuisse,

539 2887 605 2922 ne
627 2876 741 2940 quis
767 2879 903 2929 aedes
935 2881 1089 2930 altius
1121 2897 1273 2945 quam
1297 2882 1597 2946 septuagin-

543 2958 594 2999 ta
620 2954 779 3015 pedes
801 2957 1026 3006 tolleret.
1080 2958 1248 3009 Quam
1273 2958 1597 3007 altitudinem

540 3026 604 3075 ad
619 3032 701 3078 60.
717 3030 877 3093 pedes
893 3033 1156 3082 reductam
1174 3048 1203 3081 a
1221 3033 1461 3096 Trajano,
1478 3047 1597 3082 auc·

539 3110 625 3150 tor
644 3113 726 3153 est
752 3105 987 3155 Aurelius
1010 3108 1205 3156 Victor.
1275 3107 1433 3156 Certe
1457 3123 1597 3157 max-

537 3177 694 3236 imam
710 3180 1038 3230 aedificiorum
1060 3182 1404 3230 Romanorum
1423 3184 1596 3233 altitu-

539 3253 710 3305 dinem
737 3266 841 3307 tum
874 3273 940 3307 ex
976 3259 1052 3307 liis
1077 3260 1198 3309 locis
1230 3260 1460 3324 colligas,
1487 3270 1598 3313 tum

537 3346 605 3379 ex
639 3335 872 3384 oratione
915 3335 1156 3385 Aristidis
1194 3335 1472 3400 Sophistae,
1507 3354 1595 3388 cu-

532 3408 620 3471 jus
644 3408 755 3458 haec
774 3417 893 3458 sunt
916 3411 1092 3467 verba,
1112 3413 1281 3475 qualia
1296 3427 1360 3460 ex
1385 3415 1596 3463 Cauteri

536 3485 774 3535 versione
819 3487 996 3535 retulit
1038 3487 1401 3537 Casaubonus:
1457 3491 1473 3517 ‘
1493 3506 1594 3540 non

539 3567 713 3610 tamen
757 3565 977 3627 quiescit
1025 3566 1188 3615 donec
1231 3570 1454 3631 aequales
1497 3557 1596 3618 sibi

537 3651 694 3700 super
730 3639 995 3702 impositas
1025 3643 1174 3690 urbes
1198 3644 1411 3692 alteram
1438 3660 1595 3706 super

535 3715 752 3763 alteram
779 3714 931 3764 ferat.
974 3716 1246 3777 Quocirca,
1279 3720 1321 3766 si
1346 3720 1458 3783 quis
1482 3735 1593 3770 eam

536 3787 805 3853 (Romam)
845 3791 1124 3855 diligenter
1156 3794 1310 3841 vellet
1335 3794 1597 3858 evolvere,

535 3874 591 3914 et
616 3881 728 3929 quae
769 3882 905 3917 nunc
947 3869 998 3917 in
1036 3869 1240 3918 sublimi
1277 3879 1396 3918 sunt
1419 3871 1594 3934 urbes,

535 3939 674 3989 humi
704 3942 861 4006 juxta
885 3960 939 3993 se
964 3945 1179 3993 invicem
1204 3944 1482 4008 deponere,
1505 3962 1593 3996 ex-

534 4018 819 4067 istimarem
843 4019 966 4078 fore,
1005 4028 1061 4069 ut
1083 4021 1245 4070 omnis
1272 4022 1438 4071 Italiae
1476 4025 1592 4073 reli·

534 4107 636 4155 qua
656 4109 775 4154 pars
796 4098 1157 4158 compleretur,
1178 4105 1333 4162 atque
1348 4113 1446 4146 una
1469 4098 1593 4147 urbs

533 4169 597 4217 ad
639 4170 837 4219 Ionium
875 4187 1012 4221 mare
1042 4175 1285 4223 continua
1316 4178 1590 4239 protende-

535 4245 717 4295 retur.'

599 4319 754 4372 P‘Sed
794 4329 839 4372 et
883 4326 1138 4388 orationes]
1192 4307 1347 4377 Hunc
1397 4344 1591 4379 morem

1679 1805 1990 1856 emendandi
2027 1806 2184 1856 etiam
2207 1821 2320 1872 quae
2357 1804 2734 1869 componeban-

1680 1891 1764 1933 tur
1822 1884 1994 1948 gratia
2046 1883 2373 1932 observatum
2415 1891 2624 1932 constat
2667 1898 2733 1932 ex

1677 1959 1838 2009 Plinii
1860 1959 2014 2023 epist.
2037 1964 2115 2010 17.
2139 1959 2230 2009 lib.
2254 1972 2351 2008 vu.
2371 1959 2457 2009 ubi
2475 1959 2733 2024 aliquibus

1677 2050 1776 2085 non
1815 2035 2150 2099 probantibus
2198 2036 2334 2099 quod
2375 2041 2429 2085 et
2472 2036 2732 2085 orationes

1678 2112 1943 2175 recitaret,
1985 2119 2164 2176 utpote
2220 2127 2334 2177 quae
2384 2111 2732 2162 declamandae

1680 2190 1848 2254 potius
1870 2200 2061 2259 essent,
2083 2190 2172 2246 ait,
2211 2190 2227 2218 ‘
2244 2204 2338 2240 sua
2360 2191 2732 2255 cuique-rati03

1677 2266 1948 2330 recitandi,
1970 2267 2114 2329 mihi,
2134 2267 2268 2332 quod
2303 2282 2446 2331 saepe
2471 2269 2581 2331 jam
2605 2267 2734 2329 dixi,

1677 2350 1756 2404 ut,
1778 2342 1965 2408 siquid
1995 2357 2076 2392 me
2111 2340 2267 2406 fugit,
2307 2352 2367 2392 ut
2399 2352 2546 2393 certe
2583 2343 2737 2407 fugit,

1676 2419 1974 2469 admonear.
2042 2419 2161 2471 Quo
2194 2419 2354 2482 magis
2387 2419 2561 2482 miror,
2595 2421 2730 2485 quod

1675 2497 1871 2552 scribis,
1894 2495 2053 2546 fuisse
2077 2495 2324 2561 quosdam
2347 2496 2432 2562 qui
2457 2498 2732 2560 repreben-

1675 2573 1861 2623 derent
1883 2573 2020 2637 quod
2045 2573 2303 2622 orationes
2320 2572 2526 2622 omnino
2549 2572 2734 2624 recita·

1675 2664 1803 2711 rem,
1837 2648 1935 2697 nisi
1970 2662 2092 2697 vero
2126 2650 2215 2696 bas
2251 2648 2383 2697 solas
2405 2661 2509 2697 non
2546 2654 2734 2711 putant

1674 2724 2057 2776 emendandas.'
2123 2726 2193 2773 Et
2209 2722 2346 2773 infra
2368 2728 2383 2753 ‘
2405 2724 2639 2788 pluribus
2655 2739 2734 2775 re·

1675 2803 1808 2853 cito:
1846 2816 1925 2864 ae,
1966 2801 2009 2850 si
2047 2799 2172 2865 quid
2207 2801 2328 2849 mihi
2366 2800 2560 2862 credis,
2606 2808 2731 2851 tunc

1672 2878 1918 2927 acerrime
1942 2875 2195 2925 emendo.'
2230 2877 2348 2928 Qua
2371 2876 2599 2939 epistola
2622 2878 2733 2941 plu-

1673 2970 1732 3005 ra
1750 2969 1906 3020 super
1926 2956 2022 3005 hac
2046 2954 2438 3004 consuetudine.

1736 3038 1762 3073 (Ι
1778 3031 1820 3080 A
1835 3031 2267 3095 praestantissimis]
2292 3031 2408 3081 Hoc
2427 3046 2635 3096 quoque
2658 3031 2730 3081 in·

1674 3106 1785 3155 nuit
1799 3107 2044 3156 Horatius
2061 3106 2298 3170 Epistola
2313 3105 2379 3155 ad
2399 3105 2696 3171 Augustum
2716 3124 2730 3157 ε

1676 3186 1690 3211 ‘
1707 3184 1804 3232 Sed
1827 3199 1995 3249 neque
2014 3198 2230 3248 parvum
2246 3186 2463 3234 Carmen
2482 3185 2729 3248 maJestas

1674 3261 1861 3324 recipit
1889 3270 1994 3323 tua,
2007 3276 2102 3311 nec
2127 3275 2266 3310 meus
2285 3261 2443 3312 audet
2463 3262 2597 3312 Rem
2619 3271 2729 3313 ten-

1675 3345 1786 3387 tare
1832 3338 2014 3402 pudor,
2049 3352 2200 3402 quam
2238 3338 2372 3388 vires
2408 3337 2550 3389 ferre
2588 3347 2730 3390 recu·

1672 3412 1824 3462 sent!

1733 3501 1751 3526 ¹
1789 3494 2226 3558 Commissionibus]
2251 3494 2389 3545 Quid
2408 3496 2477 3546 sit
2496 3498 2729 3547 commit·

1673 3578 1785 3620 tere
1830 3585 1990 3633 supra
2032 3587 2078 3620 c.
2101 3576 2182 3620 45.
2228 3571 2329 3621 Hie
2370 3573 2732 3637 intelliguntur

1670 3646 1925 3694 duntaxat
1948 3647 2026 3694 vel
2053 3656 2315 3696 oratorum
2342 3648 2481 3697 iuter
2512 3663 2571 3698 se
2596 3665 2730 3699 com-

1670 3722 1955 3782 missiones,
1992 3731 2047 3771 et
2080 3723 2224 3786 quasi
2258 3738 2447 3786 pugnae
2470 3724 2523 3773 in
2562 3725 2730 3774 litera-

1673 3816 1781 3848 rum
1806 3800 2070 3854 exercitio.
2105 3802 2281 3864 quales
2307 3802 2481 3851 ciebat
2516 3803 2727 3851 Verrius

1674 3876 1780 3937 ille,
1803 3874 1869 3922 de
1889 3890 1990 3938 quo
2012 3876 2166 3938 paulo
2191 3891 2363 3937 supra,
2386 3884 2443 3925 et
2466 3878 2634 3927 adhuc
2656 3879 2728 3926 in·

1674 3951 1752 4000 fra
1772 3951 1860 4000 lib.
1884 3951 1949 4000 de
1965 3950 2326 4000 Grammaticis
2350 3967 2397 4001 c.
2415 3957 2497 4002 17.
2538 3952 2556 3979 ‘
2574 3954 2619 4002 N
2627 3967 2727 4001 am-

1673 4041 1791 4090 que,
1811 4026 1875 4074 ad
1896 4025 2238 4077 exercitanda
2255 4027 2569 4078 discentium
2591 4029 2729 4092 inge·

1673 4102 1776 4156 nia,
1798 4104 2017 4165 aequales
2039 4103 2176 4150 inter
2212 4117 2268 4151 se
2299 4103 2627 4153 committere
2651 4120 2727 4153 so-

1672 4177 1834 4232 lebat,
1872 4179 2137 4241 proposita
2175 4193 2274 4225 non
2309 4180 2474 4228 solum
2510 4182 2728 4229 materia

1664 4268 1823 4317 ,quam
1847 4253 2155 4316 scriberent,
2174 4254 2263 4301 sed
2289 4262 2343 4302 et
2359 4256 2577 4316 praemio
2595 4255 2723 4319 quod

1674 4331 1839 4379 victor
1863 4328 2132 4379 auferret.'
2203 4329 2342 4380 Hinc
2363 4330 2638 4381 ‚Iuvenalis
2661 4331 2724 4380 de
