3019 4922
1207 386 1705 442 rns‘rfflomA.
2484 392 2570 459 19

886 584 1011 651 Καὶ
1038 583 1160 677 γάρ
1185 586 1242 652 τ’
1269 587 1398 677 ὄναρ
1424 592 1490 655 ἐκ
1518 590 1652 668 Διός
1678 594 1852 661 ἐστιν.

343 717 576 788 Refert.
632 731 909 809 tamen,
971 743 1294 802 eventura
1354 738 1603 819 soleas,
1652 763 1736 808 an
1795 745 2145 826 contraria,
2210 752 2563 825 somniare.

352 822 526 890 Mihi
566 834 925 914 reputanti
971 839 1302 904 somni-um
1336 861 1555 909 meum
1583 846 1793 926 istud,
1827 849 2012 931 quod
2041 851 2232 916 times
2256 857 2353 933 tu,
2382 874 2565 940 egre-

358 929 533 1012 giam
584 936 936 1002 actionem
988 943 1377 1029 portendere
1421 947 1702 1015 videtur.
1790 950 2240 1037 Susceperam
2286 972 2566 1025 causam

358 1031 533 1100 Julii
577 1035 919 1119 PastoriS,
961 1060 1120 1108 eum
1165 1043 1326 1111 mihi
1378 1049 1752 1132 quiescenti
1798 1053 1947 1119 visa
1989 1063 2099 1120 est
2142 1075 2381 1125 socrus
2417 1081 2566 1128 mea

365 1136 694 1207 advehar
723 1145 1022 1225 genibus,
1054 1166 1138 1211 ne
1167 1167 1455 1231 agerem,
1486 1154 1860 1221 obsecrare.
1947 1156 2037 1222 Et
2060 1177 2247 1224 eram
2287 1167 2564 1228 acturus

366 1239 899 1312 adolescentulus
942 1249 1200 1316 adhuc:
1248 1272 1429 1319 eram
1472 1256 1542 1319 in
1587 1258 2014 1343 quadruplici
2047 1261 2347 1346 judicio:
2385 1285 2565 1331 eram

366 1350 604 1412 contra
640 1352 1153 1432 potentissimos
1196 1355 1516 1438 civitatis,
1560 1368 1769 1445 atque
1815 1364 2022 1429 etiam
2070 1364 2365 1433 Caesaris
2396 1369 2565 1433 ami-

365 1463 519 1514 cos:
566 1464 721 1534 quae
773 1455 1035 1540 singula
1080 1465 1400 1529 excutere
1441 1469 1727 1529 mentem
1769 1467 1934 1531 mihi
1974 1477 2138 1552 pest
2177 1476 2317 1536 tam
2366 1472 2562 1536 triste

365 1552 696 1618 somnium
726 1563 1050 1640 poterant.
1141 1561 1269 1647 Egi
1293 1570 1524 1630 tamen
1553 1566 1932 1652 λογισάμενος
1960 1571 2150 1653 illud,

709 1691 812 1767 Εἲς
841 1695 1020 1772 οἰωνὸς
1042 1695 1276 1786 ἄριστος
1299 1699 1622 1791 ἀμύνασθαι(
1650 1707 1772 1794 περὶ
1801 1704 2036 1795 πάτρης.

361 1821 541 1892 Nam
586 1828 749 1921 milii
795 1835 1039 1916 patria,
1079 1844 1172 1902 et·
1195 1839 1255 1903 si
1295 1840 1458 1924 quid
1508 1845 1737 1909 carius
1783 1849 2029 1930 patria,
2071 1848 2242 1941 fides
2285 1850 2563 1918 videba-

356 1931 486 1992 tur.
590 1930 926 2018 Prospere
976 1942 1224 2007 cessit:
1288 1948 1492 2028 atque
1537 1948 1711 2013 adeo
1758 1950 1880 2016 illa
1929 1952 2107 2018 actio
2153 1953 2320 2019 mihi
2370 1975 2562 2021 aures

355 2030 720 2114 hominum,
750 2037 866 2103 illa
895 2029 1409 2124 januamfamae
1448 2050 1807 2132 patefecit:
1852 2054 2129 2136 proinde
2157 2055 2443 2141 dispice,
2475 2078 2559 2122 an

354 2137 427 2196 tu
459 2156 732 2222 quoque
773 2142 901 2205 sub
949 2144 1076 2210 hoc
1107 2150 1422 2235 exemplo
1452 2152 1789 2219 somnium
1819 2155 2001 2220 istud
2033 2157 2105 2221 in
2133 2157 2383 2225 bouum
2411 2179 2560 2224 ver-

352 2242 507 2303 tas:
553 2247 675 2304 aut
704 2243 764 2306 si
791 2246 1002 2311 tutius
1032 2254 1254 2332 putaS,
1287 2252 1453 2316 illud
1492 2256 1867 2322 cautissimi
1900 2258 2226 2345 cujusque
2253 2262 2561 2346 praecep-

350 2343 516 2422 tum,
564 2347 585 2376 ‘
606 2347 789 2427 quod
837 2347 1129 2429 dubitaS,
1173 2372 1256 2416 ne
1297 2353 1583 2435 feceriS,’
1625 2357 1696 2421 id
1736 2360 1965 2443 ipsum
2015 2363 2325 2427 rescribe.
2414 2362 2559 2446 Ego

350 2441 650 2526 aliquam
700 2451 1047 2534 stropham
1101 2454 1457 2536 inveniam,
1514 2479 1841 2547 agamque
1893 2483 2167 2529 causam
2222 2472 2431 2544 tuam,
2479 2474 2561 2529 ut

351 2544 573 2629 ipsam
604 2569 801 2633 agere
828 2574 982 2619 cum
1015 2565 1087 2622 tu
1116 2559 1305 2624 voles
1338 2563 1593 2645 possis.
1670 2565 1798 2631 Est
1825 2567 1996 2631 enim
2028 2586 2190 2632 sane
2214 2568 2353 2634 alia
2380 2570 2556 2633 ratio

348 2655 492 2727 tua,
518 2652 660 2717 alia
688 2675 837 2720 mea
858 2656 1020 2724 fuit:
1066 2663 1222 2726 nam
1243 2663 1582 2745 judicium
1607 2670 2081 2735 centumvirale
2096 2665 2343 2735 differri
2370 2673 2557 2737 nullo

345 2754 575 2834 mode,
607 2756 792 2822 istud
827 2779 999 2844 aegre
1030 2765 1316 2847 quidem,
1345 2767 1463 2831 sed
1493 2775 1721 2834 tamen
1760 2775 2007 2854 potest.
2094 2770 2295 2838 Vale.

641 2960 831 3026 Idem
862 2963 1255 3049 Tranquillo
1286 2987 1409 3032 suo
1442 2968 1516 3033 S.
1578 2969 1801 3054 Epist.
1835 2973 1987 3039 Lib.
2023 2991 2132 3039 1X.
2161 2975 2271 3041 34.

440 3090 738 3177 Explica
767 3104 1007 3163 aestum
1035 3119 1276 3166 meum.
1366 3102 1594 3170 Audio
1636 3125 1744 3169 me
1780 3108 1952 3172 male
1990 3109 2203 3192 legere
2228 3107 2558 3176 duntaxat

350 3209 619 3261 versus:
665 3201 1006 3266 orationes
1034 3205 1206 3269 enim
1237 3209 1680 3287 commodine,
1699 3210 1818 3275 sed
1842 3217 2030 3277 tanto
2054 3212 2278 3276 minus
2294 3229 2554 3277 versus.

350 3291 596 3378 Cogito
623 3320 803 3385 ergo,
831 3305 1233 3373 recitaturus
1262 3307 1714 3375 familiaribus
1746 3314 2007 3390 amiciS,
2033 3315 2329 3397 experiri
2351 3315 2556 3379 ‘liber-

348 3400 499 3463 tum
527 3421 766 3468 meum.
855 3407 1012 3473 Hoc
1058 3429 1330 3494 quoque
1376 3411 1729 3494 familiare,
1761 3416 1945 3499 quod
1988 3416 2156 3499 elegi
2199 3437 2334 3482 non
2363 3419 2556 3494 bene,
2655 3511 2660 3516 .

359 3499 483 3562 sed
504 3506 738 3569 melius
769 3510 909 3573 scio
937 3510 1298 3579 lecturum:
1347 3517 1407 3580 si
1445 3525 1667 3581 tamen
1693 3538 1830 3582 non
1855 3519 2057 3583 fuerit
2084 3521 2555 3612 perturba-tus:

365 3606 471 3662 est
499 3605 670 3667 enim
701 3614 835 3673 tam
863 3617 1078 3679 novus
1108 3616 1350 3696 lector,
1375 3639 1585 3702 ‚quam
1616 3640 1740 3704 ego
1773 3621 1997 3704 poeta.
2088 3620 2249 3704 Ipse
2294 3621 2554 3700 nesciO,

380 3700 538 3778 quid
564 3704 675 3769 illo
699 3708 957 3792 legente
985 3718 1247 3784 interim
1276 3721 1545 3786 faciam.
1614 3721 1899 3788 Sedeam
1930 3720 2187 3787 defixus
2218 3729 2284 3788 et
2308 3729 2554 3802 mutuS,

389 3804 458 3860 et
493 3803 714 3871 similis
758 3816 1011 3882 otioso?
1060 3840 1140 3884 au
1184 3822 1297 3906 (ut
1328 3821 1634 3909 quidam)
1680 3845 1834 3907 quae
1868 3825 2351 3908 pronuntiabit,
2377 3845 2555 3889 mur-

398 3914 592 3980 mure,
624 3912 849 3992 oeulis,
878 3938 1074 3986 manu
1108 3944 1466 4009 persequar
1486 3928 1516 3990 ‘l
1606 3927 1743 3992 Sed
1790 3934 1972 4010 pute,
2015 3949 2121 3993 me
2162 3949 2295 3993 non
2328 3929 2553 3993 minus

404 4001 565 4065 male
593 4012 1065 4101 saltare,.quam
1093 4025 1330 4109 legere.
1419 4028 1676 4093 Iterum
1719 4028 1965 4110 dicam,
2004 4031 2271 4114 explica
2309 4035 2551 4096 aestum

409 4113 635 4185 meum,
674 4125 933 4201 vereque
976 4130 1287 4207 rescribe,
1329 4151 1489 4194 num
1536 4131 1625 4197 s'it
1657 4132 1914 4197 ‘melius
1966 4134 2256 4217 pessime
2303 4132 2548 4212 legere,

414 4214 599 4277 quam
626 4209 746 4283 ista
768 4221 869 4284 vel
896 4243 1028 4289 non
1051 4227 1289 4309 facere,
1318 4232 1426 4296 v'el
1455 4231 1701 4300 facere.
1790 4209 1995 4300 Vale.
