3019 4922
1228 432 1604 481 TIBERIUS.
2376 423 2507 490 485

329 575 711 660 tionumque
730 594 1090 660 nunquam
1135 574 1402 653 salari0,
1446 576 1718 641 cibariis
1763 581 2039 659 tantum,
2068 584 2504 664 sustentavit3

327 697 461 744 una
488 678 691 744 modo
721 678 1169 756 liberalitate,⁹
1213 698 1300 743 ex
1343 676 1750 761 indulgentia
1799 681 2037 760 vitrici,
2078 692 2505 768 prosecutuS,

327 799 503 859 cum,
531 783 743 846 tribus
771 781 1172 846 classibus¹0
1191 790 1219 816 V
1247 781 1444 846 factis
1475 801 1600 865 pro
1633 782 1957 866 dignitate
1987 786 2337 871 cujusque,
2367 789 2504 872 pri·
2556 822 2559 825 -

326 891 513 949 ma}w
538 894 857 948 sexcenta
902 882 1227 961 sestertia,
1268 883 1585 949 secundae
1626 886 2100 970 quadringenta
2143 888 2505 971 distribuit,

328 985 613 1051 ducenta
644 986 880 1063 tertiae,
911 1005 1106 1068 quam
1135 1005 1266 1050 non
1290 987 1674 1066 amicorum,
1701 986 1820 1052 sed
1841 997 2172 1072 gratorum
2189 998 2250 1035 ⁸¹
2276 995 2506 1077 appel-

1235 1182 1561 1203 OONWOOOO
1571 1182 1590 1200 Q

326 1303 361 1351 l.
385 1302 522 1352 Oud.
546 1302 632 1366 qui
649 1302 766 1355 ideo
790 1301 933 1352 dedit
951 1302 1142 1366 capris!
1162 1302 1476 1366 Baumg.—9
1500 1303 1583 1353 Ita
1606 1318 1672 1352 ex
1706 1302 1937 1353 Turneb.
1958 1302 2217 1353 sententia
2239 1304 2374 1358 Λᾶν.
2389 1318 2507 1357 xm

326 1371 407 1417 17.
432 1382 549 1417 cum
574 1368 637 1417 R.
658 1368 842 1431 Steph.
863 1368 1038 1418 Pulm.
1062 1375 1116 1418 et
1141 1383 1288 1433 seqq.
1312 1377 1369 1419 nt
1391 1370 1584 1419 habent
1606 1369 1818 1418 Mamm.
1843 1376 1898 1418 et
1920 1369 2040 1418 Urs.
2060 1368 2209 1418 liber.
2267 1369 2416 1419 Unam
2440 1386 2506 1421 m.

325 1431 660 1482 liberalitatem
674 1432 801 1483 dant
818 1433 946 1484 Mss.
966 1433 1116 1484 Torr.
1130 1434 1308 1483 Burm.
1328 1440 1381 1483 et
1396 1434 1535 1485 Oud.
1555 1449 1671 1484 cum
1695 1433 1829 1483 Edd.
1852 1435 1997 1483 Vett.
2032 1434 2293 1483 libertatem
2312 1434 2508 1485 Medic.

327 1501 377 1547 ὓ.
409 1497 625 1547 libertate
648 1500 789 1547 Dun.
857 1499 991 1548 Dein
1011 1504 1280 1549 consecutus
1306 1499 1501 1549 Medic.
1519 1505 1568 1550 3.
1592 1499 1729 1550 Edd.
1764 1500 1888 1549 Bas.
1910 1498 2110 1563 Gryph.
2128 1499 2291 1548 Colin.
2325 1500 2507 1560 Dolet.

324 1567 592 1625 persecutus
611 1564 769 1612 Fouc.
791 1570 845 1611 et
872 1564 1060 1614 victrici
1082 1563 1148 1612 de
1171 1578 1312 1613 more
1334 1564 1463 1615 Mss.
1487 1572 1705 1627 quatuor
1727 1564 1868 1614 Oud.
1897 1571 1952 1613 et
1988 1563 2179 1627 aliquot
2203 1564 2336 1613 Edd.
2358 1564 2507 1615 vett.

324 1631 456 1676 -10
492 1626 718 1676 classicis
749 1628 920 1678 Periz.
981 1629 1108 1678 'l'um
1143 1634 1420 1679 sexcentena
1455 1629 1654 1679 Medic.
1677 1634 1725 1679 1.
1743 1633 1793 1680 8.
1828 1629 2001 1678 Periz.
2035 1627 2169 1679 Edd.
2203 1628 2351 1678 Rom.
2369 1629 2507 1680 Ven.

328 1691 461 1741 Bon.
484 1691 652 1756 Lugd.
667 1690 817 1743 Junt.
840 1692 964 1743 Ald.
986 1693 1217 1759 aliaeque,
1233 1699 1479 1744 sextecena
1498 1695 1661 1744 Vind.
1683 1700 1731 1744 1.
1787 1694 2019 1743 Freinsh.
2042 1693 2104 1743 ad
2131 1694 2277 1744 Curt.
2297 1694 2333 1743 1.
2357 1707 2433 1743 vt.
2456 1699 2509 1745 7.

329 1760 411 1806 17.
431 1756 704 1818 legendum
739 1764 887 1820 putat
923 1772 1140 1819 sexcena,
1170 1774 1289 1808 mox
1323 1759 1648 1823 quadringena
1666 1766 1720 1808 et
1743 1759 2032 1810 ducena—l
2071 1758 2222 1808 Hauc
2246 1759 2366 1808 lect.
2390 1773 2509 1808 cum

327 1820 456 1870 Mss.
473 1822 695 1872 Turneb.
717 1836 818 1873 uno
837 1824 1009 1873 Pulm.
1028 1824 1180 1874 Torr.
1203 1824 1437 1889 aliisque,
1458 1831 1515 1874 et
1538 1824 1670 1874 Edd.
1691 1824 1839 1873 Vett.
1860 1822 2147 1873 defenduut
2169 1823 2341 1872 Burm.
2369 1822 2511 1873 Oud.

328 1886 453 1936 Ern.
476 1884 629 1935 Wolf.
666 1886 941 1937 Groecmm
964 1888 1175 1938 Memm.
1195 1890 1334 1938 Dun.
1356 1890 1470 1938 Pal.
1489 1894 1536 1939 1.
1552 1893 1600 1939 2.
1623 1888 1722 1940 Ed.
1743 1888 1925 1952 Steph.
1942 1887 2078 1952 quod
2102 1886 2387 1951 praefernnt
2411 1887 2511 1937 Ca-

327 1951 469 2002 unb.
486 1949 649 2001 Gron.
673 1951 828 2004 Grut.
872 1953 1057 2003 Mallet
1080 1952 1258 2005 Graev.
1283 1953 1559 2017 Graiorum,
1578 1961 1635 2003 et
1651 1954 1822 2003 Boxh.
1849 1953 2191 2002 Graculum.
2244 1952 2308 2001 In
2329 1952 2444 2017 Pal.
2462 1957 2512 2002 3.

1309 2099 1532 2153 NOTAE

326 2211 545 2262 comites
581 2228 780 2278 quoque
814 2215 1173 2265 consistoriani
1201 2216 1379 2281 appel·
1457 2213 1738 2265 innovandi
1767 2213 1912 2264 istius
1944 2213 2099 2263 moris
2132 2213 2349 2275 animus,
2373 2211 2514 2277 quod

325 2286 421 2338 lati
443 2296 582 2352 sunt,
605 2291 771 2340 donec
791 2291 1158 2343 Constantinus
1172 2292 1376 2343 titulum
1457 2293 1662 2342 Drusus
1684 2292 1773 2340 ille
1808 2305 1938 2341 uuus
1964 2305 1994 2340 e
2016 2283 2118 2339 suis
2140 2288 2413 2351 majoribus
2435 2288 2514 2337 in-

325 2364 652 2417 honorarium
687 2380 803 2418 esse
825 2370 1006 2426 voluit,
1038 2376 1094 2420 et
1123 2369 1188 2419 ad
1214 2370 1379 2420 varias
1460 2375 1545 2417 ter
1567 2367 1679 2432 ejus
1704 2373 1937 2417 auctores
1962 2372 2337 2415 recenseretur.
2373 2365 2514 2417 Hinc

324 2440 794 2497 administrationes
832 2445 1085 2510 adhibuit,
1122 2463 1250 2512 quas
1282 2445 1380 2498 hoc
1459 2444 1738 2496 amicorum
1762 2445 2015 2500 cohortes,
2037 2442 2102 2492 de
2128 2443 2313 2508 quibus
2336 2440 2490 2494 infra.

328 2520 483 2570 titulo
515 2521 802 2573 decoravit.
889 2522 1045 2578 Hinc,
1077 2531 1139 2573 ut
1180 2523 1380 2573 notavit
1522 2529 1555 2555 w
1588 2521 1794 2586 Primoe]
1828 2521 1900 2570 Hi
1926 2526 2075 2570 erant
2093 2520 2430 2581 honestiores,
2455 2528 2514 2571 et

328 2598 621 2649 Brissonius
664 2600 731 2649 de
768 2600 912 2651 verb.
952 2600 1170 2665 signific.
1211 2601 1379 2651 Comi·
1459 2598 1605 2662 qnasi
1644 2598 1914 2648 interiores
1951 2595 2122 2657 amici,
2161 2609 2289 2659 quos
2329 2594 2513 2646 iterum

326 2679 438 2726 ‘tum
462 2676 849 2739 appellationes,
885 2683 941 2727 et
968 2679 1173 2741 species
1203 2678 1379 2742 variae,
1453 2675 1654 2725 Seneca
1674 2674 1763 2724 lib.
1801 2687 1841 2727 1.
1879 2673 1945 2724 de
1969 2672 2261 2723 Clementia
2287 2686 2402 2736 cap.
2432 2676 2515 2723 10.

323 2742 422 2815 ‘pro
444 2751 938 2804 administrationum
963 2751 1238 2814 varietate,
1260 2768 1308 2805 v.
1327 2767 1379 2817 g.

328 2824 513 2880 Comes
529 2842 788 2879 sacrarum
811 2830 1182 2893 Largitionum,
1197 2829 1382 2879 Comes

325 2902 521 2954 Rerum
544 2906 882 2969 privatarum,
904 2906 1091 2956 Comes
1111 2905 1258 2955 Sacri
1279 2904 1381 2955 Pa-

326 2977 461 3040 latii,
476 2983 575 3031 &c-

394 3065 419 3090 '
452 3058 621 3108 Tribus
638 3058 886 3123 classibus]
939 3058 1250 3119 Amicorum,
1279 3069 1382 3107 non

286 3192 289 3193 ⁷
324 3133 556 3205 navium,
623 3142 684 3184 ut
736 3134 994 3186 sentiebat
1060 3133 1381 3193 Beroaldus:

329 3219 483 3263 erant
523 3214 661 3264 euim
695 3213 774 3264 bae
813 3214 1002 3265 classes
1026 3213 1154 3263 varii
1175 3212 1382 3264 ordines

320 3289 480 3353 juxta
501 3304 617 3340 eum
643 3290 877 3354 gradum,
896 3305 1047 3356 quem
1083 3290 1296 3356 quisque
1330 3290 1384 3339 in
1458 3288 1459 3291 ’

329 3365 560 3415 amicitia
590 3366 846 3429 Principis
885 3367 1170 3428 obtinebat,
1208 3373 1269 3414 ut
1306 3379 1384 3414 es·

327 3450 446 3491 sent
481 3442 632 3492 amici
672 3442 843 3506 primi,
878 3442 1110 3506 secundi,
1149 3449 1206 3491 et
1242 3441 1384 3491 tertii

330 3519 566 3581 ordinis3
628 3534 692 3569 ac
755 3518 972 3569 totidem
1023 3518 1381 3574 admissiones,

329 3610 459 3662 quas
495 3604 666 3646 stante
703 3594 996 3659 Republica
1029 3596 1264 3644 inventas
1296 3609 1384 3658 pa-

331 3679 414 3724 tet
444 3686 513 3722 ex
543 3673 757 3722 Senecoe
790 3672 880 3723 lib.
902 3686 979 3722 vr.
1012 3671 1076 3729 de
1109 3670 1384 3721 Beneficiis

330 3764 450 3814 cap.
487 3753 569 3799 34.
612 3748 803 3813 ‘Apud
838 3763 931 3799 nos
972 3748 1123 3812 primi
1163 3748 1385 3799 omnium

314 3814 395 3877 ἰΟ.
417 3826 705 3889 Gracchus,
729 3832 786 3876 et
823 3841 943 3877 mox
978 3826 1152 3877 Livius
1184 3828 1386 3876 Drusus

328 3902 665 3952 instituerunt
694 3896 966 3966 segregare
1004 3902 1203 3952 turbam
1227 3916 1389 3965 suam,

331 3985 391 4029 et
425 3979 552 4027 alios
584 3978 638 4027 in
675 3984 931 4028 secretum
968 3977 1225 4042 recipere,
1259 3977 1386 4028 alios

333 4070 453 4105 cum
501 4055 748 4119 pluribus,
789 4056 911 4105 alios
952 4069 1069 4104 cum
1112 4054 1387 4104 universis.

336 4132 648 4182 Habuerunt
663 4132 836 4197 itaque
858 4131 945 4182 isti
963 4132 1152 4181 amicos
1178 4131 1389 4194 primos,

331 4208 623 4259 habuerunt
685 4215 743 4257 et
795 4208 1069 4272 secundos,
1126 4222 1388 4272 nunquam

314 4283 525 4349 ,νει-οε]
581 4283 737 4334 Unde
759 4285 915 4336 stiam
939 4283 1162 4338 fortasse
1181 4284 1390 4337 Tiberio

1452 2753 1651 2800 ‘totam
1688 2749 1953 2801 cohortem
1998 2748 2213 2813 primam
2254 2749 2514 2799 interioris

1456 2827 1810 2890 admissionis:
1853 2828 2100 2893 appellat.
2167 2826 2309 2877 Hinc
2352 2827 2513 2876 etiam

1454 2903 1841 2955 admissionales
1885 2903 2055 2964 amici,
2096 2908 2155 2952 et
2196 2901 2513 2952 admissionis

1457 2979 1701 3032 officium.

1649 3071 1913 3121 Sexceuta
2110 3070 2275 3118 26250
2296 3066 2387 3117 lib.

1588 3073 2274 3262 {Quadringenta}1tsoo
2297 3132 2389 3183 lib.

1652 3202 1893 3253 Ducenta
2144 3202 2273 3249 8760
2295 3197 2385 3248 lib.

1521 3297 1547 3323 ¹
1601 3290 1861 3341 Gruterum
1916 3289 2249 3354 [Groecorum]
2312 3287 2423 3338 Hos
2461 3294 2518 3341 et

1460 3379 1639 3415 eornm
1687 3366 1912 3427 linguam
1947 3379 2133 3427 magno
2167 3363 2220 3413 in
2254 3369 2519 3413 contemtu

1458 3441 1686 3491 habitam
1702 3456 1732 3490 a
1752 3440 1961 3491 Tiberio
1980 3446 2129 3491 notat
2149 3439 2483 3490 casaubonus
2500 3455 2518 3500 ς

1459 3519 1598 3569 unde
1618 3520 1846 3584 quamvis
1870 3520 1921 3568 in
1954 3518 2200 3568 comitatu
2224 3515 2518 3581 principum

1459 3596 1681 3646 virorum
1706 3594 1880 3646 Graeci
1907 3608 2112 3658 semper
2144 3592 2356 3652 fuerint,
2376 3593 2520 3657 iique

1461 3673 1797 3738 utplurimum
1821 3672 2017 3723 literati
2032 3671 2261 3722 homines
2279 3676 2335 3721 et
2357 3671 2520 3734 philo-

1459 3750 1629 3814 sophi,
1650 3757 1890 3814 utsupra
1913 3749 1963 3798 in
1997 3748 2140 3802 Julio
2174 3763 2292 3812 cap.
2325 3753 2408 3799 48.
2430 3763 2521 3799 no·

1461 3834 1627 3878 tatum
1652 3835 1767 3888 est;
1820 3826 1981 3877 satius
2020 3833 2194 3875 tamen
2231 3823 2436 3874 videtur
2466 3825 2520 3873 id

1460 3902 1756 3966 intelligere
1780 3901 1845 3950 de
1874 3900 2151 3952 contemtis
2184 3899 2285 3949 illis
2322 3899 2521 3963 amicis,

1462 3984 1592 4044 q'uos
1616 3978 1957 4043 parasitorum
1981 3977 2143 4027 instar
2158 3977 2521 4041 habebat,'non

1463 4069 1591 4105 vero
1633 4055 1699 4104 de
1749 4054 1811 4104 iis
1862 4055 2132 4109 duntaxat,
2179 4054 2267 4118 qui
2295 4055 2522 4122 ⁴natione

1463 4132 1640 4187 Greci
1675 4131 1865 4182 forent.
1929 4130 2069 4180 Hinc
2103 4137 2247 4194 patet
2269 4128 2395 4181 ferri
2418 4145 2521 4181 non

1463 4222 1617 4273 posse
1641 4208 1934 4270 lectionem,
1951 4221 2103 4271 qnam
2124 4207 2178 4257 in
2200 4221 2303 4259 uuo
2326 4223 2391 4259 ex
2416 4207 2520 4257 suis

1464 4284 1734 4337 codicibus
1754 4280 2056 4337 Torrentius
2079 4285 2298 4352 viderat,
2319 4293 2376 4337 et
2393 4286 2520 4334 Tur·
