3019 4922
524 442 653 507 504

1425 452 1487 498 G.
1535 449 1620 498 Su
1641 444 1893 496 ss'roml

612 601 842 666 Aurea
870 598 1146 665 mutasti
1174 575 1772 673 Saturfii'saecnla,²
1800 593 2066 658 Caesar:

701 703 1028 768 Incolumi
1057 720 1208 766 nam
1240 706 1308 764 te
1339 700 1551 764 ferrea
1582 716 1844 781 semper
1871 703 2083 760 erunt.

613 807 902 872 Fastidit
926 805 1172 882 vinnm,
1204 798 1406 888 quia⁸
1444 803 1589 887 jam
1619 801 1810 865 sititu
1849 800 1971 863 iste
2002 816 2300 862 cruorem
2325 814 2343 857 ε

695 910 864 975 Tam
897 909 1066 972 bibit
1095 908 1267 971 hunc
1299 905 1516 985 avide,
1548 924 1747 989 quam
1776 902 1944 966 bibit
1970 905 2121 964 ante
2147 906 2455 963 merum.v

611 1008 867 1094 Aspice
893 1010 1156 1075 felicem
1176 1018 1214 1044 W
1255 1010 1409 1086 sibi,
1437 1027 1566 1073 non
1598 1008 1745 1085 tibi,
1777 1003 2089 1080 Romule,
2121 1002 2408 1087 Syllam:

699 1112 786 1177 Et
819 1113 1124 1186 Marium,
1156 1112 1214 1174 si
1243 1112 1403 1188 vis,⁹
1428 1110 1681 1193 aspice,
1712 1108 1830 1172 sed
1860 1107 2211 1171 reducem:

617 1214 899 1280 Necnon
930 1212 1211 1292 Antoni,
1243 1214 1472 1278 civilia
1499 1213 1680 1277 bella
1711 1210 2128 1286 moventis,¹0
2185 1262 2193 1268 .

702 1316 855 1383 Nec
888 1316 1096 1383 semel
1128 1319 1411 1384 infectas
1443 1317 1675 1400 aspice
1705 1314 1892 1380 caede
1920 1331 2201 1377 manus:

614 1420 703 1484 Et
734 1420 867 1498 dic,
900 1421 1124 1485 Roma
1154 1421 1366 1504 perit:
1413 1418 1707 1499 regnabit
1731 1426 1750 1456 ¹
1778 1426 1804 1452 Χ
1835 1415 2156 1497 sanguine
2187 1411 2417 1489 multo,

699 1523 814 1588 Ad
846 1544 1119 1608 regnum
1153 1523 1458 1608 quisquis
1493 1522 1672 1586 venit
1704 1521 1790 1584 ab
1821 1518 2094 1582 exilio.”¹

589 1704 626 1727 ”¹
663 1697 708 1745 0
741 1695 904 1745 acerbe
925 1700 974 1744 et
1001 1696 1220 1757 crudelis,
1252 1695 1384 1743 visne
1417 1698 1470 1741 ut
1498 1692 1662 1756 paucis
1681 1692 1882 1751 referam
1902 1694 2067 1738 cuncta
2089 1688 2115 1738 :2
2181 1688 2376 1736 Pei-eam
2397 1684 2441 1733 si
2463 1689 2614 1732 muter
2635 1686 2713 1732 tua

522 1766 675 1823 potest
697 1767 746 1810 te
766 1760 984 1821 diligere.
1052 1762 1162 1809 Non
1184 1775 1232 1808 es
1255 1762 1410 1822 Eques
1432 1759 1688 1807 Romanus.
1760 1755 1889 1812 Quid
1908 1754 1979 1803 itu
1995 1751 2020 1803 ‚2
2090 1753 2215 1809 Quia
2246 1766 2338 1799 non
2368 1749 2580 1812 possides
2611 1763 2716 1797 cen-

527 1832 628 1874 tum
650 1826 797 1875 millia
817 1826 1137 1875 sestertiorum
1155 1843 1170 1874 .·
1193 1826 1237 1873 si
1257 1826 1381 1887 petis
1401 1829 1587 1886 cuncto,
1615 1823 1802 1871 Rhodos
1824 1820 1949 1867 locus
1972 1825 2043 1868 est
2057 1818 2193 1867 exilii
2213 1817 2305 1865 tui.
2375 1814 2620 1875 aribert,
2643 1813 2716 1861 in·

525 1890 716 1939 vertisti
749 1896 937 1940 oetatem
964 1890 1289 1949 fortunatam.-
1323 1896 1368 1938 te
1402 1889 1527 1937 enim
1553 1889 1697 1949 salvo,
1731 1900 1912 1947 semper
1932 1886 2025 1933 erit
2056 1884 2368 1944 infortunata.
2443 1880 2619 1928 Vinum
2636 1880 2715 1926 de-

526 1954 684 2017 spicit,
701 1956 813 2017 quia
834 1956 910 2003 hic
931 1956 1036 2003 sitit
1063 1971 1185 2003 nunc
1206 1955 1516 2014 sanguiuem3
1548 1954 1667 2001 huuc
1688 1956 1821 2015 potat
1842 1956 1941 1999 tam
1962 1950 2226 2002 libidinose,
2249 1961 2385 2010 quam
2404 1948 2514 1993 unte
2533 1942 2716 2007 potavit

524 2022 686 2068 vinum
705 2035 891 2082 purum.
963 2021 1007 2069 Ο
1034 2021 1247 2082 Romule,
1265 2019 1447 2067 intuere
1471 2018 1874 2082 Syllamselicem‚
1895 2016 1978 2064 sed
2005 2014 2115 2075 sibi,
2134 2028 2225 2061 non
2247 2012 2335 2059 tibi
2352 2028 2368 2059 .·
2399 2009 2507 2057 vide
2526 2022 2714 2071 quoque,

527 2084 573 2131 si
607 2088 697 2146 vis,
719 2086 953 2148 Marium,
987 2087 1068 2133 sed
1089 2086 1222 2133 illum
1244 2086 1394 2148 qualis
1417 2089 1521 2133 erat
1543 2098 1645 2131 eum
1667 2095 1880 2131 reversus
1895 2084 1981 2129 est.
2049 2079 2241 2127 Intuere
2262 2076 2406 2125 etiam
2427 2088 2592 2122 manus
2605 2074 2713 2121 -Δπ-

527 2149 648 2196 ionii
669 2150 924 2198 excitantis
951 2150 1118 2198 bellum
1139 2149 1297 2210 civile,
1335 2164 1458 2212 saepe
1492 2149 1846 2196 commaculatus
1877 2144 2201 2203 occisionibus,
2234 2147 2281 2191 et
2318 2142 2413 2203 dic,
2450 2139 2607 2187 Romu
2638 2139 2715 2185 de·

524 2214 729 2262 struitur
744 2231 763 2270 ;
794 2215 876 2262 ille
909 2215 1224 2263 dominabitur
1256 2229 1360 2263 cum
1397 2214 1583 2275 magnis
1614 2212 1833 2274 coedibus,
1869 2211 2140 2273 quicumque
2179 2206 2390 2257 evehitur
2420 2205 2482 2253 ud
2506 2203 2713 2253 dominu·

529 2278 720 2333 tionem,
739 2284 845 2341 post
870 2279 1082 2328 exilium.

1436 2376 1465 2395 O
1471 2372 1801 2393 θκθόηθηθ

530 2475 678 2522 Vett.
722 2490 879 2538 nsque
917 2475 982 2524 ad
1019 2476 1138 2527 Bas.
1176 2477 1300 2525 dant
1341 2476 1525 2525 Latina
1560 2475 1920 2525 terminatione
1959 2472 2269 2520 Rhodum—8
2305 2468 2403 2525 Qui
2440 2466 2539 2517 Ed.
2578 2470 2711 2528 post.

526 2539 704 2589 GraeV.
741 2543 851 2603 quia
883 2546 981 2589 tum
1013 2541 1064 2590 in
1090 2543 1258 2591 Catal.
1283 2542 1421 2590 Pitb.
1449 2557 1498 2604 p.
1521 2545 1603 2591 ⁷9.
1668 2540 1857 2589 Statim
1882 2543 1993 2587 tuuc
2015 2536 2133 2586 bibit
2154 2536 2230 2584 hic
2251 2533 2447 2583 Medic.
2470 2537 2515 2581 1.
2548 2531 2713 2579 uvidus

525 2605 638 2652 Pal.
665 2610 708 2653 1.
739 2606 866 2655 bibet
890 2607 1065 2655 mallet
1089 2608 1245 2656 Grut.
1281 2607 1364 2655 cui
1404 2606 1743 2656 assentiretur
1783 2605 1963 2653 Burm.
1987 2604 2029 2651 si
2053 2603 2103 2650 in
2129 2600 2281 2664 priori
2306 2612 2456 2647 versu
2479 2611 2545 2645 ex
2568 2596 2710 2644 Torr.

523 2670 628 2718 Ms.
654 2670 915 2732 legeretur
952 2671 1069 2720 bibit
1097 2673 1186 2722 iste
1223 2676 1392 2720 cr.—9
1424 2671 1682 2721 Emendat
1716 2669 1895 2719 Graev.
1916 2669 1969 2716 in
1988 2667 2110 2717 vivis
2134 2682 2229 2729 asp.
2294 2663 2434 2712 Dein
2457 2659 2630 2711 ne‘non
2651 2661 2711 2709 A.

525 2734 670 2785 Dun.
707 2735 826 2798 Cuj.
862 2737 1056 2786 Medic.
1090 2741 1139 2786 2.
1173 2744 1228 2786 et
1268 2738 1320 2786 in
1352 2738 1532 2785 eodem
1571 2751 1631 2785 ac
1665 2736 1808 2785 Cort.
1844 2734 2058 2797 aliisque
2083 2739 2136 2780 et
2163 2729 2293 2779 Edd.
2318 2743 2405 2792 pp.
2432 2725 2715 2776 Antonii.—

524 2802 588 2873 19
628 2799 807 2849 Heius.
835 2802 1218 2861 velletfoventes
1239 2816 1312 2851 sc.
1346 2817 1533 2863 manus,
1566 2809 1622 2851 et
1647 2816 1738 2850 non
1758 2801 1898 2850 semel
1922 2797 2156 2861 praebent
2190 2797 2398 2844 Memm.
2433 2795 2575 2843 Dun.
2599 2791 2714 2838 Me-

524 2862 624 2911 dic.
645 2869 693 2913 2.
713 2865 855 2916 Cort.
878 2875 1097 2930 uterque
1115 2868 1286 2917 Pulm.
1311 2867 1442 2928 Cop-
1469 2867 1705 2918 Harlem.
1731 2866 1901 2914 Periz.
1919 2864 2033 2927 Cuj.
2052 2870 2107 2911 et
2131 2860 2263 2911 Edd.
2278 2861 2423 2908 Vett.
2446 2858 2571 2907 item
2593 2855 2711 2904 Ald.

523 2929 705 2992 steph.
729 2931 864 2994 quod
890 2931 1093 2982 videtur
1118 2931 1500 2996 praeferendum
1527 2932 1763 2984 Oud.—l
1792 2930 2034 2991 Regnavit
2053 2926 2249 2978 Medic.
2271 2929 2318 2974 3.
2341 2925 2487 2974 Voss.
2508 2921 2714 2985 quisque,

1499 3078 1715 3131 NOTAE

523 3179 601 3222 tot
625 3173 841 3237 adeptas
874 3174 1179 3238 dignitates,
1203 3181 1320 3239 post
1341 3183 1421 3227 tot
1443 3176 1577 3226 bella

522 3265 769 3315 prospere
814 3259 983 3314 gesta,
1026 3260 1130 3302 tam
1177 3255 1416 3318 exiguum
1460 3269 1577 3305 esse

456 3346 457 3349 ¹
520 3341 622 3376 non
659 3328 829 3391 potuit
851 3328 964 3393 ejus
996 3338 1269 3381 castrense*
1295 3333 1574 3397 peculium,

519 3410 580 3453 ut
612 3419 821 3461 censum
858 3414 1154 3471 equestrem
1191 3423 1289 3457 non
1325 3417 1606 3477 aequaret„

519 3480 596 3544 (in
637 3481 854 3546 quodam
892 3482 1028 3532 enim
1068 3485 1249 3534 codice
1289 3485 1573 3535 Beroaldus

520 3557 647 3620 legit
669 3564 834 3620 quater
866 3565 913 3609 et
934 3576 1027 3609 non
1048 3567 1159 3611 suut
1181 3563 1288 3625 tibi,
1316 3567 1397 3626 ξε.
1433 3565 1572 3628 quod

517 3634 679 3683 multo
697 3635 879 3684 meiius
897 3637 1017 3685 mihi
1040 3637 1270 3703 videtur)
1287 3641 1382 3689 hoc
1400 3647 1571 3691 autem

517 3709 773 3772 peculium
792 3721 981 3762 norunt
1000 3728 1176 3764 omnes
1196 3715 1378 3778 patrioe
1397 3723 1571 3780 potes·

518 3788 613 3836 tati
659 3802 759 3837 non
805 3790 1099 3840 obnoxium·
1180 3791 1451 3856 Reliquum
1491 3797 1574 3841 est

514 3864 692 3927 igitur,
717 3873 773 3914 ut
796 3866 992 3930 scripta
1018 3867 1253 3916 dicantur
1277 3875 1392 3930 post
1414 3868 1572 3931 adep-

434 4016 437 4019 ·
517 3946 624 3988 tum
646 3943 986 4005 principatum
1004 3945 1422 4010 carmina,iisque
1435 3943 1571 3994 forte
1645 3985 1652 3989 .

514 4017 757 4077 probrum
794 4019 1050 4082 quoddam
1075 4020 1236 4085 innui,
1265 4023 1418 4084 quod,
1452 4021 1571 4085 quia

513 4090 611 4138 hac
636 4097 790 4142 aetate
814 4107 1139 4159 compertum
1162 4095 1298 4147 foret
1319 4100 1571 4162 omnibus,

430 4184 453 4223 χ
516 4165 738 4227 prodere
785 4171 1109 4233 neglexerint
1154 4174 1403 4237 historici,
1447 4176 1567 4225 dum

516 4240 644 4290 alins
661 4250 818 4308 atque
835 4247 960 4295 alius
978 4263 1187 4297 narrare
1207 4265 1314 4301 rem
1340 4252 1437 4316 ipsi
1459 4253 1567 4317 ple-

516 4316 713 4370 beculae
737 4328 931 4378 notam,
953 4324 1228 4378 erubescit.

1721 3177 1737 3208 ²
1771 3175 1977 3226 Saturni
1995 3173 2187 3236 soeeula]
2221 3171 2441 3234 Quibus,
2466 3176 2524 3220 nt
2547 3173 2714 3231 patet,

1656 3252 1921 3314 imperium
1942 3250 2158 3314 Augusti
2179 3254 2475 3312 comperet:
2503 3246 2638 3311 quod
2657 3252 2709 3295 et

1654 3327 1825 3377 Poeta
1860 3327 2024 3376 innuit
2062 3325 2245 3387 Eciog.
2272 3337 2353 3373 tv.
2379 3338 2452 3373 vs.
2470 3327 2524 3373 6.
2562 3321 2708 3373 ‘Jam

1656 3406 1794 3455 redit
1815 3413 1869 3456 et
1891 3405 2050 3466 virgo,
2085 3403 2303 3452 redeunt
2323 3400 2566 3453 Saturnia
2600 3413 2710 3462 reg-

1655 3497 1721 3532 na
1740 3482 1774 3530 ι’
1796 3496 1856 3530 ac
1891 3479 2097 3541 deinde,
2128 3480 2146 3507 ‘
2173 3492 2274 3542 quo
2299 3475 2470 3526 ferrea
2491 3476 2708 3540 primum

1654 3560 1892 3621 Desinet,
1927 3573 1988 3608 ac
2034 3563 2143 3606 toto
2178 3562 2357 3620 surget
2394 3568 2519 3617 gens
2556 3567 2709 3602 auree

1654 3633 1881 3685 mundo.’
1927 3632 2063 3685 Quid
2087 3646 2211 3683 vero
2236 3631 2301 3680 de
2319 3639 2543 3695 quatuor
2565 3644 2708 3677 mun-

1643 3712 1703 3761 di
1728 3709 1969 3761 aetatibus
1992 3707 2211 3758 fabulati
2233 3707 2339 3757 sint
2362 3705 2578 3770 antiqui,
2600 3704 2705 3753 He-

1652 3790 1826 3840 siodus
1874 3787 2106 3851 inprimis
2150 3793 2206 3836 et
2261 3783 2501 3846 Ovidius,
2560 3796 2705 3831 nemo

1652 3881 1751 3917 non
1772 3865 1934 3914 novit.

1719 3951 1740 3975 ¹¹
1776 3942 1924 4006 Sitit]
1953 3938 2249 3989 Torrentius
2273 3936 2325 3985 iu
2356 3934 2552 4000 optimo
2574 3932 2704 3983 libro

1650 4023 1779 4086 legit
1797 4021 1932 4071 bibit.

1718 4108 1739 4132 v
1772 4097 1986 4160 Merum]
2023 4091 2302 4147 Alludebst
2336 4091 2402 4140 ad
2434 4104 2496 4139 ea
2517 4101 2701 4153 eogno-

1650 4176 1805 4238 mina,
1830 4175 1895 4224 de
1916 4172 2099 4236 quibus
2119 4183 2274 4233 supra
2296 4181 2408 4230 cap.
2429 4171 2511 4217 42.
2733 4158 2736 4165 ’

1714 4259 1744 4284 w
1779 4249 1953 4314 Aspice
1995 4247 2205 4308 felicm,
2261 4244 2367 4306 ea]
2436 4242 2593 4306 Sylla,
2636 4238 2698 4288 de

1650 4344 1751 4396 quo
1774 4342 1929 4392 supro
1949 4339 2068 4391 cap.
2094 4329 2138 4373 1.
2176 4324 2229 4374 in
2260 4319 2422 4385 Julio,
2443 4316 2696 4382 cognomi-
