3019 4922
508 401 637 468 3130
1371 375 1445 462 c(
1481 413 1568 464 su
1587 410 1842 462 monn

510 563 972 649 proscriptos⁵
995 570 1022 598 ⁸
1049 580 1327 626 curasse
1370 560 1774 625 referendos.
1864 559 1954 622 Et
1984 556 2229 623 deinde
2277 557 2454 622 bello
2487 556 2705 623 Sicili-

512 667 659 730 ensi
690 667 1095 749 epigramma
1119 665 1456 746 vulgatum
1481 669 1623 729 est:

686 768 1061 852 Postquam
1096 770 1202 832 bis
1233 770 1453 834 classe
1485 768 1701 832 victus
1723 766 1748 804 b
1778 785 1987 830 naves
2018 764 2333 850 perdidit,

685 868 1069 955 Aliquando
1101 877 1171 935 ut
1199 871 1452 950 vincat,
1480 869 1650 934 ludit
1681 870 1950 934 assidue
1982 869 2192 933 aleam
2205 867 2252 933 ‚⁶

520 974 682 1058 [71.]
728 974 833 1038 Ex
875 975 1122 1057 quibus
1174 975 1318 1040 sive
1364 974 1752 1038 criminibus
1783 973 1926 1036 sive
1954 972 2336 1036 maledictis
2366 970 2706 1036 infamiam

516 1076 954 1160 impudicitiae
974 1086 998 1113 ⁰
1046 1077 1364 1142 facillime
1402 1076 1735 1154 refutavit,
1794 1082 1862 1140 et
1910 1077 2259 1159 praesentis
2310 1082 2376 1140 et
2413 1082 2706 1157 posterae

518 1179 677 1244 vitae
709 1179 1040 1245 castitate.
1132 1180 1299 1244 Item
1330 1180 1735 1260 lautitiarum
1767 1179 2084 1244 invidiam
2105 1200 2124 1260 ς
2144 1183 2167 1217 ⁷
2224 1199 2375 1244 cum
2406 1184 2474 1243 et
2502 1176 2711 1242 Alex-

521 1281 750 1348 andria
777 1289 977 1366 capta
995 1283 1021 1320 ‘¹
1050 1283 1218 1347 nihil
1267 1284 1396 1347 sibi
1439 1288 1681 1367 praetcr
1723 1303 1925 1347 unum
1955 1283 2358 1348 murrhinum
2389 1282 2709 1346 calicem?

521 1405 610 1450 ex
635 1385 658 1423 ⁸
691 1386 1123 1451 instrumento
1171 1388 1349 1470 regio
1392 1387 1764 1464 retinuerit,
1797 1392 1863 1451 et
1912 1406 2073 1451 mox
2106 1406 2274 1450 vasa
2301 1405 2503 1450 aurea
2541 1385 2712 1448 assi-

521 1488 834 1554 duissimi
864 1509 1025 1554 usus
1056 1489 1445 1555 conflaverit
1472 1486 1494 1525 f
1516 1491 1759 1555 omnia.
1852 1488 2050 1554 Circa
2077 1489 2394 1555 libidines
2436 1488 2633 1552 haesit
2655 1494 2712 1567 3³

1442 1672 1799 1693 ONNOO‘OOOO

524 1795 619 1839 -5
655 1790 790 1838 Inter
816 1788 1090 1839 Corinthios
1122 1791 1246 1840 Per.
1269 1804 1299 1838 a
1333 1805 1400 1840 m.
1425 1805 1504 1853 pr.
1527 1792 1655 1840 Tum
1687 1790 1985 1853 proferendos
2013 1789 2126 1853 Cuj.
2151 1794 2203 1837 et
2233 1789 2342 1837 inde
2364 1786 2576 1835 Memm.
2599 1799 2714 1833 cum

522 1856 681 1905 Polit.
717 1855 946 1904 Μαι-6
977 1854 1099 1905 Alea
1138 1856 1329 1906 Medic.
1365 1861 1415 1906 3.
1440 1856 1603 1906 Polit.
1637 1857 1768 1905 Ena.
1799 1857 1949 1908 sunt.
1986 1853 2249 1904 Ald.Bas.
2291 1853 2416 1914 Arg.
2458 1851 2571 1899 Col.
2595 1850 2718 1898 Seb.

525 1919 729 1984 Grypb.
751 1917 837 1971 cf.
861 1920 1044 1969 Claud.
1064 1937 1110 1970 c.
1133 1925 1215 1970 33.
1239 1921 1325 1970 nbi
1349 1922 1531 1970 eadem
1552 1920 1934 1971 diversitas.--7
1970 1921 2160 1969 Invidia
2173 1919 2293 1982 Cuj.
2315 1926 2366 1967 et
2383 1932 2445 1966 ex
2457 1916 2599 1965 Alex.
2617 1915 2715 1964 Ed.

525 1985 649 2033 Bas,
700 1985 824 2034 Mox
848 1986 1109 2050 myri-inum
1130 1987 1340 2035 Memm.
1364 1987 1553 2036 Medic.
1576 1989 1706 2051 Cop.
1732 1987 1962 2036 Harlern.
1986 1986 2082 2035 Ed.
2106 1986 2240 2034 Ven.
2263 1987 2311 2034 1.
2343 1983 2553 2045 reliqnae
2580 1982 2716 2043 Myr-

525 2050 655 2099 rhin.
680 2064 793 2097 cum
820 2050 963 2100 Cort.
988 2053 1143 2100 Vind.
1174 2056 1221 2101 2.
1251 2053 1341 2101 sed
1364 2053 1547 2116 Stepb.
1565 2053 1824 2116 Murrhyn.
1871 2052 2030 2100 Fonc.
2051 2066 2167 2100 cnm
2197 2048 2294 2098 Ed.
2317 2049 2495 2108 Camp.
2522 2046 2719 2095 Min-in.

533 2117 613 2164 vel
635 2114 866 2167 Mirrhin.
920 2115 983 2165 In
1007 2118 1163 2167 vind.
1189 2121 1235 2167 1.
1258 2118 1630 2169 Marinum-8
1665 2119 1728 2168 Ia
1749 2119 1888 2167 iactr.
1914 2116 2031 2181 Cuj.
2074 2116 2213 2166 Dein
2241 2113 2463 2179 conflauit
2482 2111 2639 2161 vind.
2675 2116 2717 2159 1.

1446 2330 1451 2335 ·
1505 2300 1726 2352 NOTAE

529 2410 803 2461 dicendum
847 2412 1057 2464 voluere
1107 2414 1415 2466 Corinthiaco
1455 2431 1587 2474 vasa,

531 2489 615 2538 cni
650 2496 820 2539 tamen
852 2491 1198 2542 observationi
1233 2493 1361 2542 Mss.
1401 2495 1587 2544 multo-

532 2581 644 2616 rum
684 2567 837 2618 libros
872 2583 973 2618 non
1004 2569 1282 2621 convenire
1319 2575 1468 2620 notat
1490 2570 1588 2620 Ca·

533 2644 809 2694 sanbonus.

522 2746 525 2749 >
598 2726 623 2752 ⁸
653 2719 1119 2785 Inter-proscriptos]
1177 2722 1430 2787 Exemplo
1452 2722 1589 2774 forte

534 2794 783 2846 Antonii:
831 2798 968 2847 idem
1004 2799 1083 2847 de'
1107 2798 1343 2863 Angusto
1382 2815 1590 2866 qnoque

533 2872 781 2936 auspicati
801 2882 946 2925 sunt:
966 2876 1168 2937 Plinius
1185 2878 1319 2926 enim
1337 2878 1369 2926 l.
1385 2890 1591 2927 xxxnr.

532 2964 581 2999 c.
627 2954 679 2999 2.
714 2951 1062 3014 proscriptum
1101 2953 1165 3001 ab
1198 2952 1428 3002 Antonio
1460 2955 1591 3003 Ver·

536 3041 643 3075 rem
666 3034 861 3088 narrat,
884 3042 986 3076 non
1010 3028 1112 3078 alia
1134 3027 1199 3078 de
1222 3045 1380 3078 cansa
1401 3032 1417 3060 ‘
1437 3046 1593 3094 qnam

428 3154 441 3169 ,
538 3100 674 3165 quod
698 3102 974 3151 Corinthiis
996 3118 1054 3153 se
1080 3104 1128 3152 ei
1149 3120 1412 3156 cessurum
1436 3122 1594 3170 nega·

537 3176 733 3226 visset!
801 3178 932 3229 Quae
957 3178 1175 3241 plurima
1190 3195 1255 3229 ex
1271 3181 1451 3231 Sicilia
1463 3184 1593 3232 Ver-

540 3268 621 3302 rea
658 3254 966 3320 abduxerat,
986 3262 1046 3307 ut
1068 3255 1180 3307 fuae
1203 3257 1387 3322 objicit
1409 3259 1595 3310 Cicero

539 3333 592 3382 in
619 3331 873 3385 ,Verrinis0

604 3408 628 3442 δ
660 3409 757 3458 Bis
774 3411 920 3460 classe
943 3410 1118 3475 victus]
1151 3411 1285 3462 Vide
1308 3427 1464 3477 snpra
1478 3429 1598 3478 cap.

543 3490 621 3536 15.
644 3485 709 3536 de
735 3487 930 3551 duplici
950 3487 1231 3552 naufragio.

604 3570 627 3596 c
659 3564 915 3625 Infamiam
933 3565 1251 3631 impudicitia]
1284 3566 1431 3618 Illius
1453 3583 1595 3631 nem-

543 3656 633 3706 pe,
679 3656 779 3706 qna
816 3643 1126 3705 prostitutus
1159 3645 1594 3697 existimabatur:

541 3716 795 3769 refutavit
827 3726 999 3768 autem
1031 3719 1133 3769 illis
1170 3719 1390 3783 legibus,
1413 3723 1598 3786 quibua

539 3796 833 3860 hujusmodi
869 3795 1151 3846 sceleribus
1184 3812 1365 3860 poenas
1404 3798 1598 3863 irroga-

545 3873 656 3935 bat,
678 3888 722 3922 c.
746 3876 827 3922 ³4.

605 3949 630 3983 ‘¹
663 3947 962 3998 Alexandria
983 3948 1144 4011 capta]
1174 3948 1345 4014 Supra
1365 3965 1412 4000 c.
1436 3956 1514 4002 17.

607 4035 631 4060 ²
662 4026 971 4075 Murrhinum
1010 4027 1224 4091 calicem]
1282 4029 1479 4078 Plinius
1514 4030 1601 4080 lib.

548 4115 773 4154 xxxvii.
799 4105 943 4152 varia
963 4105 1103 4153 circa
1120 4120 1347 4168 gemmas
1366 4107 1600 4156 conside—

546 4193 679 4240 rans,
707 4192 770 4228 ac
795 4182 1082 4240 praesertim
1106 4195 1153 4230 c.
1182 4186 1231 4232 2.
1267 4183 1329 4232 iia
1358 4199 1602 4236 annume-

547 4263 631 4304 rat
660 4254 937 4311 mu'rham,
957 4264 1012 4303 et
1045 4258 1304 4308 murrhina
1335 4276 1474 4320 vasa,
1499 4278 1602 4327 qua

548 4341 720 4385 mente
748 4270 910 4384 inisse
947 4331 1153 4385 videtur
1181 4342 1238 4387 et
1276 4336 1478 4390 Seneca
1506 4340 1599 4390 tib.

1665 2429 1767 2465 vn.
1796 2415 1862 2465 de
1900 2413 2176 2467 Beneficiis
2202 2428 2249 2465 c.
2276 2418 2324 2463 9.
2360 2418 2414 2463 et
2437 2409 2716 2467 Martialis,

1665 2493 1854 2558 aliique
1879 2493 2081 2557 passim.
2124 2490 2432 2555 Propertius
2456 2497 2629 2537 tamen
2653 2488 2719 2536 E-

1665 2571 1800 2634 legia
1817 2570 1969 2621 5.1ib.
1990 2583 2066 2620 iv,
2087 2568 2266 2618 fictilia
2287 2566 2443 2617 fuisse
2462 2565 2719 2614 murrhina

1665 2662 1788 2696 vasa
1811 2656 1992 2711 aperte
2031 2645 2258 2695 indicat:
2293 2644 2430 2693 ‘Seu
2464 2657 2581 2707 quae
2616 2641 2720 2703 pal-

1665 2723 1861 2773 miferae
1888 2724 2094 2773 mittunt
2120 2721 2316 2769 venalia
2338 2719 2553 2779 Thebae,
2577 2717 2721 2766 Mur-

1667 2799 1887 2863 rbeaqne
1900 2799 1952 2847 in
1973 2798 2181 2848 Parthis
2197 2797 2380 2861 pocula
2396 2802 2547 2845 cocta
2562 2792 2722 2843 focis!

1666 2875 1749 2926 Ad
1792 2890 1945 2941 quem
1987 2877 2155 2924 locum
2194 2873 2452 2937 josephus
2494 2873 2725 2934 Scaliger

1668 2954 1847 3003 eadem
1871 2969 1986 3002 esse
2010 2952 2157 3014 dicit,
2180 2966 2297 3016 quae
2324 2966 2412 3001 nos
2435 2950 2726 3014 pomum-ea

1669 3045 2044 3094 nuncupamus.
2113 3031 2182 3078 Et
2204 3029 2325 3093 jure
2348 3028 2564 3077 miratur
2586 3027 2728 3090 igno·

1669 3115 1774 3156 tum
1812 3109 1986 3157 Plinio
2017 3109 2166 3167 ‚bunc
2210 3100 2478 3170 Propertii
2520 3106 2725 3154 locum:

1670 3192 1816 3234 certe
1839 3185 1976 3235 idem
1998 3186 2080 3235 hic
2100 3193 2282 3235 auctor
2301 3184 2392 3233 lib.
2428 3195 2655 3232 xxxvii.
2681 3195 2730 3229 c.

1669 3265 1720 3311 2.
1736 3261 1866 3311 dicit
1888 3278 1918 3311 e
1938 3262 2211 3313 Carmania
2229 3260 2413 3310 advehi
2434 3256 2727 3308 murrbina:

1671 3355 1773 3404 quo
1800 3341 2067 3403 probabile
2097 3339 2174 3395 fit,
2199 3339 2462 3403 ignorasse
2488 3337 2728 3401 antiquos

1671 3433 1773 3483 qna
1827 3419 2026 3467 ratione
2081 3416 2266 3467 fierent
2317 3416 2598 3478 muri-hina,
2639 3421 2733 3463 ant

1672 3494 1796 3559 qnid
1838 3494 1952 3559 ipsa
1986 3493 2122 3544 foret
2167 3493 2389 3543 murrha.
2455 3493 2558 3544 Qui
2595 3490 2731 3541 enim

1671 3575 1903 3638 regiones
1938 3575 2048 3624 illas
2086 3587 2447 3637 peragravere,
2485 3570 2733 3636 porcella·

1671 3665 1773 3701 nea
1796 3651 1907 3700 fieri
1927 3659 2141 3701 narrant
2165 3653 2216 3700 in
2238 3652 2361 3701 Sina
2382 3665 2448 3698 ex
2471 3650 2580 3697 into
2606 3662 2728 3710 qno·

1674 3727 1792 3776 dam
1816 3728 1932 3777 albo
1964 3730 2014 3777 in
2048 3726 2342 3777 fornacibus
2375 3733 2547 3788 cocto,
2571 3738 2729 3786 appo-

1674 3807 1793 3867 site,
1815 3812 1872 3855 nt
1901 3814 2066 3871 patet,
2099 3805 2163 3853 ad
2190 3813 2415 3854 mentem
2447 3801 2729 3865 Propertii,

1676 3881 1860 3946 quibus
1895 3890 2067 3932 tamen
2094 3882 2318 3930 viderint
2352 3894 2416 3928 an
2450 3894 2510 3926 ea
2543 3890 2728 3926 conve-

1675 3959 1821 4008 niant
1855 3961 2046 4021 omnia,
2071 3975 2183 4024 quae
2222 3959 2286 4007 de
2322 3956 2597 4006 murrhinis
2636 3954 2727 4003 ibi-

1676 4035 1796 4085 dem
1818 4037 1976 4087 habet
2000 4037 2219 4086 Plinius,

1741 4110 1763 4143 f
1793 4112 2104 4176 conflaverit]
2136 4112 2304 4175 Supra
2325 4124 2371 4159 c.
2396 4113 2477 4157 52.

1744 4197 1771 4233 ⁸
1803 4189 1990 4252 Hoesit]
2024 4189 2183 4242 Quasi
2204 4189 2267 4237 ad
2291 4187 2574 4250 scopulum.
2623 4183 2728 4233 Me-

1681 4266 1893 4329 tapliora
1916 4275 2013 4329 est,
2036 4274 2092 4316 nt
2119 4271 2280 4331 patet,
2297 4263 2456 4312 ducta
2478 4278 2509 4311 a
2532 4277 2586 4311 re
2609 4276 2727 4310 nau·

1684 4343 1818 4394 ticae
1844 4345 1918 4397 sic
1934 4346 2118 4397 Cicero
2133 4359 2225 4410 pro
2246 4341 2430 4394 Roscio
2450 4339 2584 4392 dixit
2601 4355 2613 4386 ε
2630 4339 2646 4366 ‘
2665 4352 2725 4388 ne
