3019 4922
493 424 634 490 ’384
1369 440 1431 486 c,
1479 425 1843 485 sun‘romt

506 590 610 649 est
655 603 699 648 a
743 582 1247 648 sacerdotibus:
1295 580 1503 662 quod,
1554 579 1778 644 infuso
1827 598 2026 663 super
2078 578 2318 644 altaria
2361 587 2411 616 ¹0
2502 598 2704 655 mero,

507 694 764 753 tantum
794 685 1080 750 flammae
1110 682 1520 760 emicuisset,
1551 688 1626 747 ut
1669 702 2100 766 supergressa
2149 681 2497 763 fastigium
2544 684 2706 744 tem-

506 788 608 873 pli
637 788 721 853 ad
750 788 998 854 coelum
1028 805 1239 869 usque
1267 785 1590 865 ferretur3
1623 785 1872 869 unique
1904 785 2124 869 [olim]
2147 790 2173 823 ¹'
2203 785 2479 849 omnino
2512 783 2707 865 Mag-

505 912 594 956 no
612 889 1023 964 Alexandro,
1053 887 1233 972 apud
1269 887 1539 951 easdem
1563 907 1715 952 aras
1749 890 2180 967 sacrificanti,
2211 887 2431 952 simile
2464 905 2706 969 prove-

507 995 720 1058 nisset
780 997 1129 1057 ostentum.
1216 989 1444 1074 Atque
1494 991 1695 1055 etiam
1753 992 2131 1075 insequenti
2181 990 2404 1055 statim
2461 995 2703 1053 nocte²

506 1096 733 1161 videre
787 1096 977 1159 visus
1016 1101 1118 1159 est
1163 1093 1373 1158 filium
1429 1094 1695 1158 mortali
1749 1095 2015 1178 specie³
2073 1093 2490 1177 ampliorem,
2551 1111 2705 1155 cum

491 1197 782 1265 ,fulmine
826 1203 890 1262 et
936 1205 1224 1280 sceptm,
1255 1196 1661 1280 exuviisque
1690 1198 1897 1263 Jovis
1948 1197 2204 1282 Optimi
2237 1196 2585 1274 Maximi,V
2625 1215 2704 1259 ac

507 1299 766 1366 radiata
795 1320 1066 1378 corona,
1104 1319 1304 1383 super
1333 1301 1707 1365 laureatum
1737 1310 1776 1336 W
1806 1307 2130 1379 currum‚4
2163 1300 2267 1364 bis
2296 1299 2482 1363 senis
2512 1300 2706 1382 equis

509 1403 797 1467 candore
838 1403 1129 1467 eximio¹
1177 1402 1606 1467 trahentibus,
1694 1403 1923 1470 Infans
1971 1403 2208 1480 adhue,
2257 1407 2332 1466 ut
2373 1401 2704 1484 scriptum

1427 1597 1453 1619 O
1459 1599 1785 1622 ‘mO‘OOOOO

509 1734 651 1784 Oud.
673 1731 736 1782 ad
760 1728 999 1781 h'.1.—10
1031 1732 1196 1782 Alteri
1231 1735 1359 1783 Exc.
1380 1734 1626 1784 voum—1
1669 1736 1854 1800 Unique
1889 1735 2014 1784 omni
2038 1735 2221 1797 Magno
2252 1734 2466 1783 Memm.
2495 1739 2552 1782 et
2585 1732 2708 1782 inde

508 1800 635 1861 legit
660 1799 818 1848 Salm-
843 1798 1094 1861 probante
1117 1799 1291 1848 (ἔτην.
1312 1799 1487 1862 nume
1503 1801 1616 1850 olim
1636 1802 1839 1864 Magno.
1904 1800 1967 1849 Iu
1991 1800 2187 1850 Medic.
2208 1805 2253 1848 1.
2278 1804 2329 1849 8.
2353 1801 2486 1863 Cop.
2509 1800 2709 1862 olimque

506 1863 930 1979 aunuum
956 1863 1152 1976 Μ·
1177 1865 1764 1982 aramius&
1789 1872 1837 1979 ²‚·
1862 1865 2031 1980 ,Χῖ-ἐι·

508 1993 726 2056 ideoque
751 1992 948 2041 uncinis
982 1993 1251 2043 inclusum.
1319 1995 1448 2044 Cod.
1473 1996 1633 2045 Polit.
1666 1997 1824 2046 habet
1856 1996 2053 2058 olimque
2083 1995 2167 2044 uui
2200 1996 2404 2044 omnino.
2471 1994 2628 2042 vind.
2657 1998 2704 2041 1.

507 2060 795 2120 Magnoque.
833 2057 958 2106 Mox
989 2058 1246 2121 pervenias.
1279 2059 1450 2109 Periz·
1472 2062 1619 2112 Cort.
1652 2061 1786 2112 Edd.
1819 2062 2070 2110 Rom.—2
2102 2062 2118 2089 ⁸
2149 2059 2286 2109 Dedi
2321 2061 2469 2122 ἔπεος.
2496 2064 2562 2108 st.
2582 2064 2706 2107 noct.

508 2126 602 2186 pro
623 2137 721 2184 aeq.
743 2127 866 2170 noct.
886 2127 1000 2170 slat.
1028 2123 1095 2171 ob
1117 2120 1444 2185 frequentem
1470 2142 1616 2175 usum
1640 2127 1774 2177 illius
1800 2126 1944 2175 verbi
1978 2124 2114 2188 apud
2138 2127 2287 2175 Suet.
2326 2133 2381 2173 et
2406 2124 2571 2172 ordin.
2595 2138 2707 2172 ver-

507 2187 689 2236 borum
730 2187 1145 2235 concinniorem.'
1169 2189 1376 2250 Baumg.
1430 2192 1506 2240 St.
1531 2197 1655 2239 uoce.
1688 2191 1921 2256 praebent
1958 2200 2065 2240 tres
2099 2189 2297 2240 Medic.
2338 2190 2468 2253 Cop.
2495 2189 2707 2238 Menum.

508 2252 624 2315 Cuj.
651 2249 799 2300 Huls.
823 2250 934 2363 (Ἓί
956 2257 1167 2314 sequent.
1191 2267 1291 2302 nou
1315 2255 1499 2320 habet)
1522 2256 1674 2306 Voss.
1703 2258 1859 2306 Fouc.
1895 2258 2033 2305 Dun.
2102 2255 2165 2304 ln
2200 2255 2351 2304 unico
2375 2255 2535 2303 Vind.
2558 2259 2608 2303 2.
2632 2255 2704 2302 in-

505 2316 830 2379 sequenti—8
917 2331 973 2365 ro
1009 2316 1162 2380 specie
1196 2318 1355 2367 Foue.
1386 2335 1535 2384 spem.
1601 2322 1765 2370 Deest
1802 2327 1850 2371 et
1889 2330 2009 2370 aute
2033 2326 2178 2383 περὶ.
2201 2320 2362 2369 Polit.
2429 2320 2565 2369 Dein
2601 2320 2706 2368 exi-

504 2382 703 2443 miisque
726 2380 877 2429 Huls.
899 2380 1034 2429 Edd.
1067 2381 1247 2445 Camp.
1270 2384 1403 2433 Ven.
1430 2391 1476 2436 1.
1499 2387 1798 2449 excubiisque
1821 2387 2077 2436 νομὴ-4
2113 2385 2349 2447 Cuperus
2372 2384 2424 2432 in
2450 2384 2615 2448 Epist.
2640 2384 2702 2433 ad

506 2446 690 2496 Heius.
716 2445 940 2496 malebat
972 2464 1028 2495 «u.-
1050 2461 1092 2498 r.
1114 2464 1158 2495 c.
1189 2464 1327 2511 super
1355 2450 1613 2501 laureatam
1636 2451 1747 2514 (vel
1785 2448 2018 2514 lauream)
2041 2454 2321 2500 deauratum
2351 2464 2452 2499 cur.
2520 2449 2704 2501 Heius.

503 2515 768 2562 laureatam
804 2511 1073 2575 probabat,
1096 2511 1187 2560 sed
1224 2517 1437 2566 deaurat.
1461 2515 1778 2579 superfluum
1812 2517 2112 2581 judicabat.
2180 2517 2358 2565 Burm.
2406 2517 2578 2577 placet
2610 2530 2706 2565 eor.

505 2577 771 2640 superbum,
804 2583 1023 2626 narratum
1061 2592 1160 2627 cur.
1193 2581 1293 2636 vel,
1320 2581 1645 2646 transpositis
1666 2583 1850 2638 verbis,
1881 2584 1990 2632 rad.
2021 2595 2116 2630 cor.
2148 2596 2205 2630 ac
2237 2582 2438 2629 laurent.
2471 2595 2574 2641 sup.
2608 2595 2705 2629 cur.

506 2644 724 2705 Optima
750 2642 1043 2692 emendatio
1066 2644 1286 2706 Baumg.
1323 2646 1549 2707 videtur,
1575 2662 1689 2711 quae
1712 2647 1829 2696 cod.
1872 2647 1991 2695 Ura.
2016 2647 2214 2702 nititur,
2236 2659 2339 2708 sup.
2364 2646 2580 2693 deamat.
2603 2660 2703 2693 cur.
2756 2709 2759 2714 ι

506 2707 726 2773 probata
758 2707 822 2758 ab
857 2710 984 2759 Ern.
1020 2709 1221 2758 Ruhuk.
1251 2710 1402 2763 Wolf.
1438 2713 1580 2763 Oud-
1613 2712 1871 2776 quomodo
1905 2713 1972 2762 ab
2009 2711 2123 2761 aliis
2145 2711 2299 2761 etiam
2337 2710 2463 2774 legi,
2487 2717 2705 2760 testatus

1498 2876 1709 2928 NOTAE

1647 2999 1728 3041 tei·
1747 2994 2009 3043 Castorem
2030 3001 2083 3043 et
2103 2994 2371 3042 Pollucem
2388 2992 2704 3041 adorandum

1648 3070 1928 3132 praeberet,
1944 3069 2077 3119 infra
2094 3071 2145 3118 in
2161 3070 2329 3134 Calig.
2352 3085 2399 3118 e.
2413 3073 2500 3118 22.
2523 3070 2704 3117 innuit.

506 3000 712 3051 semper
751 2988 982 3038 habitum
1021 2989 1237 3040 flammae
1277 2993 1568 3056 augurium„

493 3069 563 3110 *ut
583 3077 740 3126 supra
762 3080 880 3127 cap.
903 3071 984 3114 66.
1007 3066 1073 3115 de
1093 3068 1391 3117 Salvidieno
1417 3077 1565 3118 nota-

506 3145 634 3198 tum,
653 3147 708 3185 et
733 3138 867 3187 infra
889 3141 1071 3190 Tiber.
1096 3157 1142 3190 c.
1164 3148 1214 3191 6.
1238 3152 1291 3192 et
1312 3148 1392 3193 14.

569 3219 591 3244 v
625 3214 917 3277 Exuviicque
937 3217 1075 3265 «lovis
1103 3218 1217 3280 Ope.
1260 3218 1426 3282 Mam]
1469 3219 1563 3268 Eae

505 3295 626 3338 sunt
652 3298 842 3352 praeter
866 3289 1055 3342 fulmen
1089 3302 1144 3343 et
1167 3304 1449 3357 sceptrum,
1485 3304 1563 3344 to·

505 3380 569 3429 ga
588 3372 866 3430 praetexta,
888 3369 1059 3418 tunica
1076 3372 1298 3433 palmata
1317 3379 1369 3420 et
1389 3372 1531 3435 pieta
1552 3388 1565 3420 ε

489 3457 622 3508 vquae
643 3450 860 3506 utraque
903 3445 1241 3509 triumphalis.
1309 3449 1447 3498 Hinc
1470 3450 1565 3499 Ju-

483 3577 488 3584 ι
506 3519 699 3567 venalis
720 3519 875 3568 Satir.
895 3534 948 3568 x.
973 3536 1048 3569 vs.
1064 3527 1145 3572 38.
1167 3525 1182 3552 ‘
1201 3525 1264 3573 ln
1285 3525 1461 3573 tunica
1472 3524 1566 3595 Jq-

506 3594 581 3643 vis
629 3603 683 3643 et
731 3595 884 3656 pictae
928 3597 1152 3648 Sarrana
1189 3597 1442 3649 ferentem
1483 3602 1565 3650 Ex

503 3670 725 3718 humeris
745 3672 911 3721 aulaea
932 3682 1083 3737 togae,
1098 3692 1399 3741 magnasque
1418 3693 1564 3727 coro·

502 3761 583 3794 nae
601 3747 822 3795 Tantum
848 3750 1025 3799 orbem
1044 3761 1237 3816 quanto
1260 3753 1441 3803 cervix
1461 3768 1563 3802 non

503 3820 695 3872 sufficit
755 3825 897 3885 ulla,'
934 3830 1035 3876 &m
1118 3829 1198 3877 De
1244 3830 1340 3879 hoc
1383 3830 1563 3880 habitu

502 3898 799 3963 triumphali
826 3902 998 3951 Livius
1022 3919 1226 3968 quoque
1258 3905 1345 3954 lib.
1381 3920 1437 3956 x.
1472 3906 1564 3956 de·

501 3975 617 4024 cad.
647 3981 690 4025 1.
710 3984 763 4025 et
791 3978 1115 4041 Lampridius
1142 3982 1191 4029 in
1228 3983 1441 4043 Severo,
1464 3986 1564 4035 ὅτε.

503 4050 758 4100 Coronam
784 4054 1034 4104 radiatam
1059 4057 1290 4121 intellige
1310 4058 1563 4108 circulum

505 4127 762 4189 quendam
805 4132 1082 4196 radiorum,
1134 4148 1236 4198 quo
1272 4135 1561 4185 circumda·

504 4211 613 4250 tum
659 4208 821 4265 eaput
863 4220 994 4270 esse,
1036 4224 1135 4272 quo
1181 4211 1336 4259 etiam
1381 4211 1560 4261 habitu

502 4277 662 4328 fuisse
688 4280 972 4344 Caligulam
995 4298 1111 4333 cum
1133 4302 1187 4335 se
1220 4279 1444 4337 medium
1484 4289 1560 4337 iu-

1648 3145 1852 3195 Plinius
1876 3146 1925 3193 in
1944 3147 2201 3209 Panegyr.
2234 3153 2248 3174 ‘
2275 3145 2358 3193 lni
2396 3144 2703 3207 jamdudum

1647 3220 1903 3271 radiatum
1927 3231 2089 3286 caput
2110 3231 2167 3272 et
2209 3222 2380 3272 media
2413 3226 2554 3271 inter
2584 3222 2708 3270 deos

1630 3298 1840 3359 „sedesf
1859 3303 1956 3349 διο.
2026 3301 2093 3349 Et
2116 3302 2355 3350 Lucanus
2380 3299 2469 3348 lib.
2488 3313 2618 3348 tvm.
2643 3299 2707 3348 de

1624 3376 1921 3444 'Pompeim
1944 3379 1958 3404 ‘
1981 3376 2298 3425 Fulminibus
2323 3390 2500 3424 manes
2528 3375 2708 3423 radiis·

1647 3467 1748 3514 que
1789 3453 1995 3501 ornabis
2018 3461 2068 3500 et
2108 3451 2300 3513 astris,’
2321 3460 2377 3501 et
2402 3453 2584 3501 Florus
2617 3453 2707 3501 lib.

1647 3541 1722 3576 iv.
1747 3542 1794 3577 c.
1819 3533 1868 3576 2.
1890 3530 1987 3576 &c.
2013 3528 2240 3578 Deorum
2276 3530 2411 3578 euim
2452 3530 2536 3577 hic
2576 3544 2711 3592 prae·

1645 3602 1824 3652 sertim
1849 3613 2079 3653 ornatus.

1710 3687 1740 3711 w
1775 3680 2093 3742 Laurentum]
2155 3682 2306 3731 Lauri
2355 3683 2508 3730 ramis
2565 3697 2710 3732 orna·

1645 3760 1774 3815 tum,
1824 3771 1938 3819 quae
2005 3757 2159 3807 arbor
2228 3758 2597 3823 triumphorum
2655 3765 2710 3807 et

1647 3834 2073 3896 triumphantium
2115 3834 2332 3899 insigne.
2399 3836 2603 3898 Legunt
2627 3836 2712 3884 alii

1644 3909 2115 3973 deauratum‚”quod
2155 3925 2335 3959 currus
2373 3910 2708 3975 triumphales

1647 3999 1773 4033 auro
1800 3985 2053 4035 bracteati
2073 3984 2269 4037 forent.

1709 4067 1734 4092 x
1770 4062 1984 4111 Candore
2006 4061 2203 4125 eximio]
2228 4063 2587 4127 Triumphauti
2612 4065 2707 4114 Ca-

1646 4137 1785 4186 millo
1819 4139 1951 4187 tales
1991 4137 2217 4194 fueraut.
2252 4139 2391 4204 quod
2416 4150 2472 4190 et
2508 4142 2558 4190 in
2593 4141 2705 4190 reli·

1643 4213 1843 4274 gionem
1871 4222 2098 4263 tractum
2140 4215 2274 4264 dicit
2308 4217 2485 4265 Livius
2525 4216 2614 4267 lib.
2653 4231 2701 4263 v·

1644 4288 1757 4339 dec.
1793 4294 1838 4339 1.
1866 4290 2000 4356 quod
2036 4291 2157 4342 Jovi
2191 4300 2243 4342 et
2281 4290 2514 4355 Apollini
2551 4291 2700 4356 requi·
