<?xml version="1.0" encoding="UTF-8"?>
<!DOCTYPE html PUBLIC "-//W3C//DTD XHTML 1.0 Transitional//EN"
    "http://www.w3.org/TR/xhtml1/DTD/xhtml1-transitional.dtd">
<html xmlns="http://www.w3.org/1999/xhtml" xml:lang="en" lang="en">
 <head>
  <title>
</title>
<meta http-equiv="Content-Type" content="text/html;charset=utf-8" />
  <meta name='ocr-system' content='tesseract 3.04.00' />
  <meta name='ocr-capabilities' content='ocr_page ocr_carea ocr_par ocr_line ocrx_word'/>
</head>
<body>
  <div class='ocr_page' id='page_1' title='image "./operaomniaexedi04suetgoog_0303.png"; bbox 0 0 3019 4922; ppageno 0'>
   <div class='ocr_carea' id='block_1_1' title="bbox 1202 297 2519 369">
    <p class='ocr_par' dir='ltr' id='par_1_1' title="bbox 1202 297 2519 369">
     <span class='ocr_line' id='line_1_1' title="bbox 1202 297 2519 369; baseline 0.009 -12"><span class='ocrx_word' id='word_1_1' title='bbox 1202 297 1622 362; x_wconf 71' lang='lat' dir='ltr'><strong>&#39;&#39;oo&#39;rAans.</strong></span> <span class='ocrx_word' id='word_1_2' title='bbox 2388 303 2519 369; x_wconf 77' lang='lat'><strong>293</strong></span> 
     </span>
    </p>
   </div>
   <div class='ocr_carea' id='block_1_2' title="bbox 320 450 2519 1464">
    <p class='ocr_par' dir='ltr' id='par_1_2' title="bbox 320 450 2519 1464">
     <span class='ocr_line' id='line_1_2' title="bbox 320 450 2514 543; baseline 0.008 -30"><span class='ocrx_word' id='word_1_3' title='bbox 320 469 459 515; x_wconf 86' lang='lat' dir='ltr'><strong>ram</strong></span> <span class='ocrx_word' id='word_1_4' title='bbox 485 450 858 531; x_wconf 82' lang='lat' dir='ltr'><strong>Ravennae,</strong></span> <span class='ocrx_word' id='word_1_5' title='bbox 887 451 973 516; x_wconf 89' lang='lat' dir='ltr'><strong>ad</strong></span> <span class='ocrx_word' id='word_1_6' title='bbox 998 454 1271 520; x_wconf 88' lang='lat' dir='ltr'><strong>tutelam</strong></span> <span class='ocrx_word' id='word_1_7' title='bbox 1300 461 1520 543; x_wconf 89' lang='lat' dir='ltr'><strong>superi</strong></span> <span class='ocrx_word' id='word_1_8' title='bbox 1545 465 1614 523; x_wconf 87' lang='lat' dir='ltr'><strong>et</strong></span> <span class='ocrx_word' id='word_1_9' title='bbox 1635 459 1826 524; x_wconf 85' lang='lat' dir='ltr'><strong>inseri</strong></span> <span class='ocrx_word' id='word_1_10' title='bbox 1847 469 1872 495; x_wconf 81' lang='lat'><strong>’¹</strong></span> <span class='ocrx_word' id='word_1_11' title='bbox 1903 462 2106 527; x_wconf 87' lang='lat' dir='ltr'><strong>maris</strong></span> <span class='ocrx_word' id='word_1_12' title='bbox 2136 464 2514 530; x_wconf 80' lang='lat' dir='ltr'><strong>collocavit.</strong></span> 
     </span>
     <span class='ocr_line' id='line_1_3' title="bbox 324 551 2518 645; baseline 0.007 -30"><span class='ocrx_word' id='word_1_13' title='bbox 324 551 593 617; x_wconf 85' lang='lat' dir='ltr'>Certum</span> <span class='ocrx_word' id='word_1_14' title='bbox 612 552 637 591; x_wconf 82' lang='lat'>⁸</span> <span class='ocrx_word' id='word_1_15' title='bbox 685 574 1026 619; x_wconf 88' lang='lat' dir='ltr'><strong>numerum</strong></span> <span class='ocrx_word' id='word_1_16' title='bbox 1056 560 1297 641; x_wconf 87' lang='lat' dir='ltr'><strong>partim</strong></span> <span class='ocrx_word' id='word_1_17' title='bbox 1326 560 1394 623; x_wconf 92' lang='lat' dir='ltr'><strong>in</strong></span> <span class='ocrx_word' id='word_1_18' title='bbox 1427 561 1659 638; x_wconf 77' lang='lat' dir='ltr'><strong>Urbis,</strong></span> <span class='ocrx_word' id='word_1_19' title='bbox 1691 565 1931 645; x_wconf 86' lang='lat' dir='ltr'><strong>partim</strong></span> <span class='ocrx_word' id='word_1_20' title='bbox 1962 566 2029 628; x_wconf 89' lang='lat' dir='ltr'><strong>in</strong></span> <span class='ocrx_word' id='word_1_21' title='bbox 2062 568 2170 630; x_wconf 89' lang='lat' dir='ltr'><strong>sui</strong></span> <span class='ocrx_word' id='word_1_22' title='bbox 2214 567 2518 632; x_wconf 87' lang='lat' dir='ltr'><strong>custodi-</strong></span> 
     </span>
     <span class='ocr_line' id='line_1_4' title="bbox 322 656 2519 752; baseline 0.008 -35"><span class='ocrx_word' id='word_1_23' title='bbox 322 663 474 719; x_wconf 64' lang='lat' dir='ltr'><strong>am!</strong></span> <span class='ocrx_word' id='word_1_24' title='bbox 520 656 770 739; x_wconf 82' lang='lat' dir='ltr'>allegit,</span> <span class='ocrx_word' id='word_1_25' title='bbox 820 657 1100 723; x_wconf 88' lang='lat' dir='ltr'><strong>dimissa</strong></span> <span class='ocrx_word' id='word_1_26' title='bbox 1145 659 1789 744; x_wconf 82' lang='lat' dir='ltr'><strong>Calagurritanorum</strong></span> <span class='ocrx_word' id='word_1_27' title='bbox 1813 673 1881 714; x_wconf 82' lang='lat'><strong>9²</strong></span> <span class='ocrx_word' id='word_1_28' title='bbox 1925 685 2147 745; x_wconf 89' lang='lat' dir='ltr'><strong>manu,</strong></span> <span class='ocrx_word' id='word_1_29' title='bbox 2179 688 2377 752; x_wconf 87' lang='lat' dir='ltr'><strong>quam</strong></span> <span class='ocrx_word' id='word_1_30' title='bbox 2408 689 2519 733; x_wconf 53' lang='lat' dir='ltr'><strong>usa</strong></span> 
     </span>
     <span class='ocr_line' id='line_1_5' title="bbox 320 759 2517 853; baseline 0.008 -33"><span class='ocrx_word' id='word_1_31' title='bbox 320 777 452 840; x_wconf 88' lang='lat' dir='ltr'><strong>que</strong></span> <span class='ocrx_word' id='word_1_32' title='bbox 479 759 571 822; x_wconf 87' lang='lat' dir='ltr'><strong>ad</strong></span> <span class='ocrx_word' id='word_1_33' title='bbox 602 761 933 825; x_wconf 86' lang='lat' dir='ltr'><strong>devictum</strong></span> <span class='ocrx_word' id='word_1_34' title='bbox 963 760 1360 846; x_wconf 76' lang='lat' dir='ltr'><strong>Antonium,</strong></span> <span class='ocrx_word' id='word_1_35' title='bbox 1391 768 1543 829; x_wconf 90' lang='lat' dir='ltr'><strong>item</strong></span> <span class='ocrx_word' id='word_1_36' title='bbox 1579 766 2116 846; x_wconf 50' lang='lat' dir='ltr'><strong>Germanorum?</strong></span> <span class='ocrx_word' id='word_1_37' title='bbox 2161 790 2361 853; x_wconf 88' lang='lat' dir='ltr'><strong>quam</strong></span> <span class='ocrx_word' id='word_1_38' title='bbox 2407 792 2517 837; x_wconf 91' lang='lat' dir='ltr'><strong>us-</strong></span> 
     </span>
     <span class='ocr_line' id='line_1_6' title="bbox 322 862 2517 953; baseline 0.006 -28"><span class='ocrx_word' id='word_1_39' title='bbox 322 880 451 944; x_wconf 89' lang='lat' dir='ltr'><strong>que</strong></span> <span class='ocrx_word' id='word_1_40' title='bbox 477 862 563 926; x_wconf 88' lang='lat' dir='ltr'><strong>ad</strong></span> <span class='ocrx_word' id='word_1_41' title='bbox 597 863 859 927; x_wconf 87' lang='lat' dir='ltr'><strong>cladem</strong></span> <span class='ocrx_word' id='word_1_42' title='bbox 891 863 1317 943; x_wconf 85' lang='lat' dir='ltr'><strong>Varianam,b</strong></span> <span class='ocrx_word' id='word_1_43' title='bbox 1356 869 1528 931; x_wconf 90' lang='lat' dir='ltr'><strong>inter</strong></span> <span class='ocrx_word' id='word_1_44' title='bbox 1570 871 1926 953; x_wconf 88' lang='lat' dir='ltr'><strong>armigeros</strong></span> <span class='ocrx_word' id='word_1_45' title='bbox 1959 872 2139 936; x_wconf 87' lang='lat' dir='ltr'><strong>circa</strong></span> <span class='ocrx_word' id='word_1_46' title='bbox 2169 892 2243 937; x_wconf 92' lang='lat' dir='ltr'><strong>se</strong></span> <span class='ocrx_word' id='word_1_47' title='bbox 2272 872 2517 938; x_wconf 84' lang='lat' dir='ltr'><strong>habue-</strong></span> 
     </span>
     <span class='ocr_line' id='line_1_7' title="bbox 320 965 2516 1055; baseline 0.006 -28"><span class='ocrx_word' id='word_1_48' title='bbox 320 970 444 1029; x_wconf 86' lang='lat' dir='ltr'><strong>rat.</strong></span> <span class='ocrx_word' id='word_1_49' title='bbox 532 965 781 1049; x_wconf 83' lang='lat' dir='ltr'><strong>Neque</strong></span> <span class='ocrx_word' id='word_1_50' title='bbox 841 973 1060 1031; x_wconf 85' lang='lat' dir='ltr'><strong>tamen</strong></span> <span class='ocrx_word' id='word_1_51' title='bbox 1114 989 1411 1053; x_wconf 91' lang='lat' dir='ltr'><strong>unquam</strong></span> <span class='ocrx_word' id='word_1_52' title='bbox 1465 971 1691 1054; x_wconf 89' lang='lat' dir='ltr'><strong>plures</strong></span> <span class='ocrx_word' id='word_1_53' title='bbox 1742 993 1944 1055; x_wconf 88' lang='lat' dir='ltr'><strong>quam</strong></span> <span class='ocrx_word' id='word_1_54' title='bbox 1992 980 2120 1037; x_wconf 89' lang='lat' dir='ltr'><strong>tres</strong></span> <span class='ocrx_word' id='word_1_55' title='bbox 2163 974 2516 1040; x_wconf 67' lang='lat' dir='ltr'><strong>cohortesc</strong></span> 
     </span>
     <span class='ocr_line' id='line_1_8' title="bbox 322 1067 2516 1161; baseline 0.004 -31"><span class='ocrx_word' id='word_1_56' title='bbox 322 1068 389 1130; x_wconf 90' lang='lat' dir='ltr'><strong>in</strong></span> <span class='ocrx_word' id='word_1_57' title='bbox 419 1067 607 1144; x_wconf 77' lang='lat' dir='ltr'><strong>Urbe</strong></span> <span class='ocrx_word' id='word_1_58' title='bbox 641 1089 790 1134; x_wconf 87' lang='lat' dir='ltr'><strong>esse</strong></span> <span class='ocrx_word' id='word_1_59' title='bbox 819 1090 1070 1153; x_wconf 83' lang='lat' dir='ltr'><strong>passus</strong></span> <span class='ocrx_word' id='word_1_60' title='bbox 1115 1080 1242 1149; x_wconf 88' lang='lat' dir='ltr'><strong>est,</strong></span> <span class='ocrx_word' id='word_1_61' title='bbox 1296 1092 1545 1157; x_wconf 88' lang='lat' dir='ltr'><strong>easque</strong></span> <span class='ocrx_word' id='word_1_62' title='bbox 1595 1077 1735 1137; x_wconf 88' lang='lat' dir='ltr'><strong>sine</strong></span> <span class='ocrx_word' id='word_1_63' title='bbox 1788 1077 2068 1140; x_wconf 85' lang='lat' dir='ltr'><strong>castris:</strong></span> <span class='ocrx_word' id='word_1_64' title='bbox 2115 1078 2414 1161; x_wconf 87' lang='lat' dir='ltr'><strong>reliquas&#39;</strong></span> <span class='ocrx_word' id='word_1_65' title='bbox 2444 1077 2516 1139; x_wconf 90' lang='lat' dir='ltr'><strong>in</strong></span> 
     </span>
     <span class='ocr_line' id='line_1_9' title="bbox 321 1168 2515 1260; baseline 0.005 -29"><span class='ocrx_word' id='word_1_66' title='bbox 321 1168 618 1251; x_wconf 87' lang='lat' dir='ltr'><strong>hyberna</strong></span> <span class='ocrx_word' id='word_1_67' title='bbox 639 1177 708 1236; x_wconf 89' lang='lat' dir='ltr'><strong>et</strong></span> <span class='ocrx_word' id='word_1_68' title='bbox 737 1175 978 1238; x_wconf 83' lang='lat' dir='ltr'><strong>aestiva</strong></span> <span class='ocrx_word' id='word_1_69' title='bbox 996 1175 1175 1238; x_wconf 89' lang='lat' dir='ltr'><strong>circa</strong></span> <span class='ocrx_word' id='word_1_70' title='bbox 1194 1174 1475 1239; x_wconf 90' lang='lat' dir='ltr'><strong>finitima</strong></span> <span class='ocrx_word' id='word_1_71' title='bbox 1503 1178 1760 1260; x_wconf 91' lang='lat' dir='ltr'><strong>oppida</strong></span> <span class='ocrx_word' id='word_1_72' title='bbox 1781 1176 2108 1242; x_wconf 83' lang='lat' dir='ltr'><strong>dimittere</strong></span> <span class='ocrx_word' id='word_1_73' title='bbox 2131 1183 2515 1243; x_wconf 82' lang='lat' dir='ltr'><strong>assuerat.¹⁰</strong></span> 
     </span>
     <span class='ocr_line' id='line_1_10' title="bbox 324 1269 2513 1362; baseline 0.004 -26"><span class='ocrx_word' id='word_1_74' title='bbox 324 1269 664 1358; x_wconf 82' lang='lat' dir='ltr'>Quicquid</span> <span class='ocrx_word' id='word_1_75' title='bbox 697 1281 918 1340; x_wconf 91' lang='lat' dir='ltr'><strong>autem</strong></span> <span class='ocrx_word' id='word_1_76' title='bbox 943 1276 1193 1359; x_wconf 90' lang='lat' dir='ltr'><strong>ubique</strong></span> <span class='ocrx_word' id='word_1_77' title='bbox 1222 1276 1503 1341; x_wconf 87' lang='lat' dir='ltr'><strong>militum</strong></span> <span class='ocrx_word' id='word_1_78' title='bbox 1536 1273 1733 1356; x_wconf 67' lang='lat' dir='ltr'><strong>e&#39;sset,</strong></span> <span class='ocrx_word' id='word_1_79' title='bbox 1763 1278 1846 1342; x_wconf 89' lang='lat' dir='ltr'><strong>ad</strong></span> <span class='ocrx_word' id='word_1_80' title='bbox 1880 1285 2129 1343; x_wconf 88' lang='lat' dir='ltr'><strong>certam</strong></span> <span class='ocrx_word' id='word_1_81' title='bbox 2151 1279 2513 1362; x_wconf 86' lang='lat' dir='ltr'><strong>stipendio-</strong></span> 
     </span>
     <span class='ocr_line' id='line_1_11' title="bbox 324 1372 2510 1464; baseline 0.005 -28"><span class='ocrx_word' id='word_1_82' title='bbox 324 1394 461 1438; x_wconf 87' lang='lat' dir='ltr'><strong>rum</strong></span> <span class='ocrx_word' id='word_1_83' title='bbox 490 1372 518 1411; x_wconf 58' lang='grc' dir='ltr'>ἀ</span> <span class='ocrx_word' id='word_1_84' title='bbox 580 1379 1130 1463; x_wconf 69' lang='lat' dir='ltr'><strong>praemiorumque</strong></span> <span class='ocrx_word' id='word_1_85' title='bbox 1152 1387 1174 1414; x_wconf 75' lang='lat'><em>⁶</em></span> <span class='ocrx_word' id='word_1_86' title='bbox 1225 1380 1581 1452; x_wconf 90' lang='lat' dir='ltr'><strong>formulam</strong></span> <span class='ocrx_word' id='word_1_87' title='bbox 1648 1383 1988 1460; x_wconf 85' lang='lat' dir='ltr'><strong>astrinxit,</strong></span> <span class='ocrx_word' id='word_1_88' title='bbox 2040 1381 2331 1447; x_wconf 88' lang='lat' dir='ltr'><strong>definitis</strong></span> <span class='ocrx_word' id='word_1_89' title='bbox 2385 1402 2510 1464; x_wconf 90' lang='lat' dir='ltr'><strong>pro</strong></span> 
     </span>
    </p>
   </div>
   <div class='ocr_carea' id='block_1_3' title="bbox 1222 1562 1250 1581">
    <p class='ocr_par' dir='ltr' id='par_1_3' title="bbox 1222 1562 1250 1581">
     <span class='ocr_line' id='line_1_12' title="bbox 1222 1562 1250 1581; baseline 0 0"><span class='ocrx_word' id='word_1_90' title='bbox 1222 1562 1250 1581; x_wconf 56' lang='grc' dir='ltr'><strong><em>θ</em></strong></span> 
     </span>
    </p>
   </div>
   <div class='ocr_carea' id='block_1_4' title="bbox 1256 1563 1467 1581">
    <p class='ocr_par' dir='ltr' id='par_1_4' title="bbox 1256 1563 1467 1581">
     <span class='ocr_line' id='line_1_13' title="bbox 1256 1563 1467 1581; baseline 0 3341"><span class='ocrx_word' id='word_1_91' title='bbox 1256 1563 1467 1581; x_wconf 95' lang='lat' dir='ltr'><strong> </strong></span> 
     </span>
    </p>
   </div>
   <div class='ocr_carea' id='block_1_5' title="bbox 1468 1563 1588 1581">
    <p class='ocr_par' dir='ltr' id='par_1_5' title="bbox 1468 1563 1588 1581">
     <span class='ocr_line' id='line_1_14' title="bbox 1468 1563 1588 1581; baseline 0 0"><span class='ocrx_word' id='word_1_92' title='bbox 1468 1563 1588 1581; x_wconf 54' lang='lat' dir='ltr'><strong>‘OM</strong></span> 
     </span>
    </p>
   </div>
   <div class='ocr_carea' id='block_1_6' title="bbox 318 1690 2514 2083">
    <p class='ocr_par' dir='ltr' id='par_1_6' title="bbox 318 1690 2514 2083">
     <span class='ocr_line' id='line_1_15' title="bbox 318 1690 2509 1744; baseline 0.003 -6"><span class='ocrx_word' id='word_1_93' title='bbox 318 1690 412 1739; x_wconf 77' lang='lat' dir='ltr'><strong>suis</strong></span> <span class='ocrx_word' id='word_1_94' title='bbox 427 1690 570 1740; x_wconf 79' lang='lat' dir='ltr'><strong>simul</strong></span> <span class='ocrx_word' id='word_1_95' title='bbox 587 1692 702 1743; x_wconf 68' lang='lat' dir='ltr'><strong>inst.</strong></span> <span class='ocrx_word' id='word_1_96' title='bbox 725 1692 996 1743; x_wconf 84' lang='lat' dir='ltr'><strong>Periz.—8</strong></span> <span class='ocrx_word' id='word_1_97' title='bbox 1023 1695 1245 1744; x_wconf 76' lang='lat' dir='ltr'><strong>Ceterum</strong></span> <span class='ocrx_word' id='word_1_98' title='bbox 1263 1696 1475 1744; x_wconf 86' lang='lat' dir='ltr'><strong>Memm.</strong></span> <span class='ocrx_word' id='word_1_99' title='bbox 1501 1694 1652 1743; x_wconf 86' lang='lat' dir='ltr'><strong>Huls.</strong></span> <span class='ocrx_word' id='word_1_100' title='bbox 1677 1696 1834 1744; x_wconf 88' lang='lat' dir='ltr'><strong>Fonc.</strong></span> <span class='ocrx_word' id='word_1_101' title='bbox 1857 1693 1973 1744; x_wconf 90' lang='lat' dir='ltr'><strong>Pin.</strong></span> <span class='ocrx_word' id='word_1_102' title='bbox 1994 1694 2189 1743; x_wconf 87' lang='lat' dir='ltr'><strong>Medic.</strong></span> <span class='ocrx_word' id='word_1_103' title='bbox 2211 1699 2258 1744; x_wconf 83' lang='lat'><strong>2.</strong></span> <span class='ocrx_word' id='word_1_104' title='bbox 2276 1699 2323 1743; x_wconf 85' lang='grc'><strong>3.</strong></span> <span class='ocrx_word' id='word_1_105' title='bbox 2358 1696 2509 1744; x_wconf 87' lang='lat' dir='ltr'><strong>Voss.</strong></span> 
     </span>
     <span class='ocr_line' id='line_1_16' title="bbox 319 1759 2514 1823; baseline 0.002 -20"><span class='ocrx_word' id='word_1_106' title='bbox 319 1761 535 1804; x_wconf 71' lang='lat' dir='ltr'><strong>caten-um</strong></span> <span class='ocrx_word' id='word_1_107' title='bbox 556 1763 735 1807; x_wconf 76' lang='lat' dir='ltr'><strong>certum</strong></span> <span class='ocrx_word' id='word_1_108' title='bbox 756 1773 882 1808; x_wconf 80' lang='lat' dir='ltr'><strong>num.</strong></span> <span class='ocrx_word' id='word_1_109' title='bbox 905 1759 1041 1808; x_wconf 88' lang='lat' dir='ltr'><strong>Edd.</strong></span> <span class='ocrx_word' id='word_1_110' title='bbox 1065 1760 1228 1823; x_wconf 82' lang='lat' dir='ltr'><strong>Lugd.</strong></span> <span class='ocrx_word' id='word_1_111' title='bbox 1249 1761 1397 1810; x_wconf 84' lang='lat' dir='ltr'><strong>Jnnt.</strong></span> <span class='ocrx_word' id='word_1_112' title='bbox 1424 1760 1545 1808; x_wconf 90' lang='lat' dir='ltr'><strong>Ald.</strong></span> <span class='ocrx_word' id='word_1_113' title='bbox 1569 1759 1695 1822; x_wconf 82' lang='lat' dir='ltr'><strong>Arg.</strong></span> <span class='ocrx_word' id='word_1_114' title='bbox 1761 1759 1970 1809; x_wconf 84' lang='lat' dir='ltr'><strong>Deinde</strong></span> <span class='ocrx_word' id='word_1_115' title='bbox 1996 1761 2047 1807; x_wconf 90' lang='lat' dir='ltr'><strong>in</strong></span> <span class='ocrx_word' id='word_1_116' title='bbox 2072 1759 2226 1808; x_wconf 86' lang='lat' dir='ltr'><strong>duob.</strong></span> <span class='ocrx_word' id='word_1_117' title='bbox 2249 1760 2396 1807; x_wconf 89' lang='lat' dir='ltr'><strong>Torr.</strong></span> <span class='ocrx_word' id='word_1_118' title='bbox 2422 1760 2514 1808; x_wconf 90' lang='lat' dir='ltr'><strong>de-</strong></span> 
     </span>
     <span class='ocr_line' id='line_1_17' title="bbox 321 1820 2512 1887; baseline 0.003 -19"><span class='ocrx_word' id='word_1_119' title='bbox 321 1820 609 1870; x_wconf 85' lang='lat' dir='ltr'><strong>siderantur</strong></span> <span class='ocrx_word' id='word_1_120' title='bbox 628 1823 715 1871; x_wconf 86' lang='lat' dir='ltr'><strong>illa</strong></span> <span class='ocrx_word' id='word_1_121' title='bbox 733 1823 889 1873; x_wconf 83' lang='lat' dir='ltr'><strong>verba</strong></span> <span class='ocrx_word' id='word_1_122' title='bbox 906 1829 1036 1885; x_wconf 77' lang='lat' dir='ltr'><strong>part.</strong></span> <span class='ocrx_word' id='word_1_123' title='bbox 1070 1826 1123 1873; x_wconf 78' lang='lat' dir='ltr'><strong>in</strong></span> <span class='ocrx_word' id='word_1_124' title='bbox 1158 1825 1260 1873; x_wconf 84' lang='lat' dir='ltr'><strong>urb.</strong></span> <span class='ocrx_word' id='word_1_125' title='bbox 1289 1839 1385 1873; x_wconf 89' lang='lat' dir='ltr'><strong>nec</strong></span> <span class='ocrx_word' id='word_1_126' title='bbox 1420 1831 1706 1887; x_wconf 87' lang='lat' dir='ltr'><strong>agnoscunt</strong></span> <span class='ocrx_word' id='word_1_127' title='bbox 1729 1824 1861 1873; x_wconf 89' lang='lat' dir='ltr'><strong>Edd.</strong></span> <span class='ocrx_word' id='word_1_128' title='bbox 1887 1825 2069 1887; x_wconf 76' lang='lat' dir='ltr'><strong>Camp.</strong></span> <span class='ocrx_word' id='word_1_129' title='bbox 2090 1825 2221 1872; x_wconf 87' lang='lat' dir='ltr'><strong>Ven.</strong></span> <span class='ocrx_word' id='word_1_130' title='bbox 2247 1827 2294 1872; x_wconf 89' lang='lat'><strong>1.</strong></span> <span class='ocrx_word' id='word_1_131' title='bbox 2364 1824 2512 1874; x_wconf 77' lang='lat' dir='ltr'><strong>Alter</strong></span> 
     </span>
     <span class='ocr_line' id='line_1_18' title="bbox 322 1886 2513 1953; baseline 0.002 -20"><span class='ocrx_word' id='word_1_132' title='bbox 322 1886 429 1934; x_wconf 89' lang='lat' dir='ltr'><strong>cod.</strong></span> <span class='ocrx_word' id='word_1_133' title='bbox 447 1887 592 1937; x_wconf 79' lang='lat' dir='ltr'><strong>Torr.</strong></span> <span class='ocrx_word' id='word_1_134' title='bbox 614 1888 770 1937; x_wconf 86' lang='lat' dir='ltr'><strong>habet</strong></span> <span class='ocrx_word' id='word_1_135' title='bbox 791 1889 846 1937; x_wconf 78' lang='lat' dir='ltr'><strong>in</strong></span> <span class='ocrx_word' id='word_1_136' title='bbox 866 1890 971 1940; x_wconf 79' lang='lat' dir='ltr'><strong>urb.</strong></span> <span class='ocrx_word' id='word_1_137' title='bbox 1001 1895 1129 1953; x_wconf 78' lang='lat' dir='ltr'><strong>part.</strong></span> <span class='ocrx_word' id='word_1_138' title='bbox 1152 1888 1312 1939; x_wconf 83' lang='lat' dir='ltr'><strong>vind.</strong></span> <span class='ocrx_word' id='word_1_139' title='bbox 1335 1894 1383 1938; x_wconf 89' lang='lat'><strong>1.</strong></span> <span class='ocrx_word' id='word_1_140' title='bbox 1406 1892 1467 1937; x_wconf 84' lang='lat' dir='ltr'><strong>ad</strong></span> <span class='ocrx_word' id='word_1_141' title='bbox 1488 1890 1637 1938; x_wconf 68' lang='lat' dir='ltr'><strong>urbia.</strong></span> <span class='ocrx_word' id='word_1_142' title='bbox 1702 1890 1829 1937; x_wconf 85' lang='lat' dir='ltr'><strong>Mox</strong></span> <span class='ocrx_word' id='word_1_143' title='bbox 1853 1889 1905 1937; x_wconf 82' lang='lat' dir='ltr'><strong>in</strong></span> <span class='ocrx_word' id='word_1_144' title='bbox 1933 1904 2064 1937; x_wconf 83' lang='lat' dir='ltr'><strong>suam</strong></span> <span class='ocrx_word' id='word_1_145' title='bbox 2085 1894 2206 1937; x_wconf 78' lang='lat' dir='ltr'><strong>cust.</strong></span> <span class='ocrx_word' id='word_1_146' title='bbox 2236 1889 2433 1939; x_wconf 85' lang='lat' dir='ltr'><strong>Medic.</strong></span> <span class='ocrx_word' id='word_1_147' title='bbox 2461 1894 2513 1937; x_wconf 86' lang='lat'><strong>1.</strong></span> 
     </span>
     <span class='ocr_line' id='line_1_19' title="bbox 320 1951 2513 2015; baseline 0.003 -17"><span class='ocrx_word' id='word_1_148' title='bbox 320 1954 364 1998; x_wconf 79' lang='grc'><strong>3.</strong></span> <span class='ocrx_word' id='word_1_149' title='bbox 389 1951 547 2001; x_wconf 89' lang='lat' dir='ltr'><strong>Polit.</strong></span> <span class='ocrx_word' id='word_1_150' title='bbox 568 1951 620 2000; x_wconf 82' lang='lat' dir='ltr'><strong>in</strong></span> <span class='ocrx_word' id='word_1_151' title='bbox 640 1968 773 2002; x_wconf 81' lang='lat' dir='ltr'><strong>suam</strong></span> <span class='ocrx_word' id='word_1_152' title='bbox 793 1954 938 2003; x_wconf 79' lang='lat' dir='ltr'><strong>etiam</strong></span> <span class='ocrx_word' id='word_1_153' title='bbox 958 1971 999 2003; x_wconf 87' lang='lat' dir='ltr'><strong>c.</strong></span> <span class='ocrx_word' id='word_1_154' title='bbox 1026 1954 1277 2004; x_wconf 86' lang='lat' dir='ltr'><strong>Hnls.—9</strong></span> <span class='ocrx_word' id='word_1_155' title='bbox 1303 1955 1618 2014; x_wconf 66' lang='lat' dir='ltr'><strong>Calagum-itan</strong></span> <span class='ocrx_word' id='word_1_156' title='bbox 1636 1953 1790 2002; x_wconf 79' lang='lat' dir='ltr'><strong>vind.</strong></span> <span class='ocrx_word' id='word_1_157' title='bbox 1809 1959 1856 2001; x_wconf 91' lang='lat'><strong>1.</strong></span> <span class='ocrx_word' id='word_1_158' title='bbox 1895 1954 2205 2015; x_wconf 72' lang='lat' dir='ltr'><strong>Calagoritun</strong></span> <span class='ocrx_word' id='word_1_159' title='bbox 2219 1953 2351 2004; x_wconf 89' lang='lat' dir='ltr'><strong>Edd.</strong></span> <span class='ocrx_word' id='word_1_160' title='bbox 2367 1954 2513 2004; x_wconf 87' lang='lat' dir='ltr'><strong>Vett.</strong></span> 
     </span>
     <span class='ocr_line' id='line_1_20' title="bbox 320 2016 2512 2083; baseline 0.002 -20"><span class='ocrx_word' id='word_1_161' title='bbox 320 2016 399 2064; x_wconf 82' lang='lat' dir='ltr'><strong>vel</strong></span> <span class='ocrx_word' id='word_1_162' title='bbox 422 2018 693 2079; x_wconf 75' lang='lat' dir='ltr'><strong>calagurit.</strong></span> <span class='ocrx_word' id='word_1_163' title='bbox 759 2018 824 2068; x_wconf 87' lang='lat' dir='ltr'><strong>In</strong></span> <span class='ocrx_word' id='word_1_164' title='bbox 853 2019 1000 2068; x_wconf 82' lang='lat' dir='ltr'><strong>Huls.</strong></span> <span class='ocrx_word' id='word_1_165' title='bbox 1023 2020 1363 2081; x_wconf 75' lang='lat' dir='ltr'><strong>allegatorum5</strong></span> <span class='ocrx_word' id='word_1_166' title='bbox 1386 2020 1473 2083; x_wconf 87' lang='lat' dir='ltr'><strong>qui</strong></span> <span class='ocrx_word' id='word_1_167' title='bbox 1494 2019 1629 2069; x_wconf 83' lang='lat' dir='ltr'><strong>infra</strong></span> <span class='ocrx_word' id='word_1_168' title='bbox 1650 2018 1825 2068; x_wconf 89' lang='lat' dir='ltr'><strong>omisit</strong></span> <span class='ocrx_word' id='word_1_169' title='bbox 1853 2033 1950 2068; x_wconf 80' lang='lat' dir='ltr'><strong>esse</strong></span> <span class='ocrx_word' id='word_1_170' title='bbox 1986 2027 2103 2082; x_wconf 90' lang='lat' dir='ltr'><strong>post</strong></span> <span class='ocrx_word' id='word_1_171' title='bbox 2120 2018 2376 2069; x_wconf 61' lang='lat' dir='ltr'><strong>arbec-10</strong></span> <span class='ocrx_word' id='word_1_172' title='bbox 2411 2019 2512 2074; x_wconf 55' lang='lat' dir='ltr'><strong>Aah,</strong></span> 
     </span>
    </p>
   </div>
   <div class='ocr_carea' id='block_1_7' title="bbox 1305 2164 1519 2238">
    <p class='ocr_par' dir='ltr' id='par_1_7' title="bbox 1305 2164 1519 2238">
     <span class='ocr_line' id='line_1_21' title="bbox 1305 2164 1519 2238; baseline 0.005 -24"><span class='ocrx_word' id='word_1_173' title='bbox 1305 2164 1519 2238; x_wconf 75' lang='lat' dir='ltr'><strong>NQ&#39;rAE</strong></span> 
     </span>
    </p>
   </div>
   <div class='ocr_carea' id='block_1_8' title="bbox 318 2278 2513 2498">
    <p class='ocr_par' dir='ltr' id='par_1_8' title="bbox 318 2278 2513 2498">
     <span class='ocr_line' id='line_1_22' title="bbox 320 2278 2512 2345; baseline 0 -19"><span class='ocrx_word' id='word_1_174' title='bbox 320 2278 390 2327; x_wconf 89' lang='lat' dir='ltr'><strong>ibi</strong></span> <span class='ocrx_word' id='word_1_175' title='bbox 415 2279 617 2343; x_wconf 88' lang='lat' dir='ltr'><strong>sepulto</strong></span> <span class='ocrx_word' id='word_1_176' title='bbox 639 2296 653 2330; x_wconf 77' lang='lat' dir='ltr'><strong><em>z</em></strong></span> <span class='ocrx_word' id='word_1_177' title='bbox 699 2287 714 2308; x_wconf 91' lang='lat'>‘</span> <span class='ocrx_word' id='word_1_178' title='bbox 736 2280 920 2333; x_wconf 85' lang='lat' dir='ltr'><strong>Monte</strong></span> <span class='ocrx_word' id='word_1_179' title='bbox 954 2281 1049 2330; x_wconf 89' lang='lat' dir='ltr'><strong>sub</strong></span> <span class='ocrx_word' id='word_1_180' title='bbox 1090 2281 1250 2345; x_wconf 69' lang='lat' dir='ltr'><strong>aerio,</strong></span> <span class='ocrx_word' id='word_1_181' title='bbox 1283 2280 1371 2345; x_wconf 89' lang='lat' dir='ltr'><strong>qni</strong></span> <span class='ocrx_word' id='word_1_182' title='bbox 1449 2280 1563 2343; x_wconf 89' lang='lat' dir='ltr'><strong>ejus</strong></span> <span class='ocrx_word' id='word_1_183' title='bbox 1590 2278 1827 2338; x_wconf 80' lang='lat' dir='ltr'><strong>formula,</strong></span> <span class='ocrx_word' id='word_1_184' title='bbox 1850 2279 2023 2343; x_wconf 81' lang='lat' dir='ltr'><strong>colligi</strong></span> <span class='ocrx_word' id='word_1_185' title='bbox 2042 2294 2192 2343; x_wconf 88' lang='lat' dir='ltr'><strong>posse</strong></span> <span class='ocrx_word' id='word_1_186' title='bbox 2218 2279 2423 2328; x_wconf 84' lang='lat' dir='ltr'><strong>videtur</strong></span> <span class='ocrx_word' id='word_1_187' title='bbox 2444 2292 2512 2328; x_wconf 85' lang='lat' dir='ltr'><strong>ex</strong></span> 
     </span>
     <span class='ocr_line' id='line_1_23' title="bbox 318 2355 2513 2421; baseline -0 -17"><span class='ocrx_word' id='word_1_188' title='bbox 318 2371 450 2406; x_wconf 86' lang='lat' dir='ltr'><strong>nunc</strong></span> <span class='ocrx_word' id='word_1_189' title='bbox 474 2357 710 2407; x_wconf 85' lang='lat' dir='ltr'><strong>Misenus</strong></span> <span class='ocrx_word' id='word_1_190' title='bbox 736 2357 813 2406; x_wconf 66' lang='lat' dir='ltr'><strong>‘ab</strong></span> <span class='ocrx_word' id='word_1_191' title='bbox 848 2358 938 2407; x_wconf 92' lang='lat' dir='ltr'><strong>illo</strong></span> <span class='ocrx_word' id='word_1_192' title='bbox 962 2358 1192 2421; x_wconf 79' lang='lat' dir='ltr'><strong>Dicitur,</strong></span> <span class='ocrx_word' id='word_1_193' title='bbox 1215 2367 1369 2408; x_wconf 84' lang='lat' dir='ltr'><strong>aeter-</strong></span> <span class='ocrx_word' id='word_1_194' title='bbox 1448 2357 1614 2405; x_wconf 81' lang='lat' dir='ltr'><strong>Taciti</strong></span> <span class='ocrx_word' id='word_1_195' title='bbox 1647 2355 1832 2405; x_wconf 84' lang='lat' dir='ltr'><strong>Annal.</strong></span> <span class='ocrx_word' id='word_1_196' title='bbox 1859 2370 1897 2406; x_wconf 88' lang='lat'><strong>1.</strong></span> <span class='ocrx_word' id='word_1_197' title='bbox 1922 2356 2006 2404; x_wconf 89' lang='lat' dir='ltr'><strong>nbi</strong></span> <span class='ocrx_word' id='word_1_198' title='bbox 2030 2358 2217 2406; x_wconf 82' lang='lat' dir='ltr'><strong>milites</strong></span> <span class='ocrx_word' id='word_1_199' title='bbox 2239 2357 2411 2405; x_wconf 84' lang='lat' dir='ltr'><strong>statim</strong></span> <span class='ocrx_word' id='word_1_200' title='bbox 2448 2355 2513 2403; x_wconf 88' lang='lat' dir='ltr'><strong>ab</strong></span> 
     </span>
     <span class='ocr_line' id='line_1_24' title="bbox 318 2431 2513 2498; baseline -0.002 -16"><span class='ocrx_word' id='word_1_201' title='bbox 318 2447 538 2498; x_wconf 89' lang='lat' dir='ltr'><strong>numque</strong></span> <span class='ocrx_word' id='word_1_202' title='bbox 560 2440 706 2485; x_wconf 88' lang='lat' dir='ltr'><strong>tenet</strong></span> <span class='ocrx_word' id='word_1_203' title='bbox 723 2448 818 2498; x_wconf 89' lang='lat' dir='ltr'><strong>per</strong></span> <span class='ocrx_word' id='word_1_204' title='bbox 839 2437 1026 2485; x_wconf 86' lang='lat' dir='ltr'><strong>saecnla</strong></span> <span class='ocrx_word' id='word_1_205' title='bbox 1049 2435 1273 2485; x_wconf 85' lang='lat' dir='ltr'><strong>nomen.&#39;</strong></span> <span class='ocrx_word' id='word_1_206' title='bbox 1450 2433 1675 2497; x_wconf 80' lang='lat' dir='ltr'><strong>Augusti</strong></span> <span class='ocrx_word' id='word_1_207' title='bbox 1754 2446 1973 2482; x_wconf 82' lang='lat' dir='ltr'><strong>excessu</strong></span> <span class='ocrx_word' id='word_1_208' title='bbox 2041 2431 2513 2496; x_wconf 80' lang='lat' dir='ltr'><strong>conquerebantur,</strong></span> 
     </span>
    </p>
   </div>
   <div class='ocr_carea' id='block_1_9' title="bbox 306 2511 1372 3344">
    <p class='ocr_par' dir='ltr' id='par_1_9' title="bbox 314 2511 1371 2733">
     <span class='ocr_line' id='line_1_25' title="bbox 377 2511 1371 2578; baseline 0.002 -17"><span class='ocrx_word' id='word_1_209' title='bbox 377 2518 402 2544; x_wconf 81' lang='lat'><strong>³¹</strong></span> <span class='ocrx_word' id='word_1_210' title='bbox 434 2511 608 2576; x_wconf 80' lang='lat' dir='ltr'><strong>Superi</strong></span> <span class='ocrx_word' id='word_1_211' title='bbox 642 2519 690 2562; x_wconf 84' lang='lat' dir='ltr'><strong>et</strong></span> <span class='ocrx_word' id='word_1_212' title='bbox 729 2513 899 2577; x_wconf 66' lang='lat' dir='ltr'><strong>inferi]</strong></span> <span class='ocrx_word' id='word_1_213' title='bbox 936 2514 1196 2578; x_wconf 80' lang='lat' dir='ltr'><strong>Tyrrheni</strong></span> <span class='ocrx_word' id='word_1_214' title='bbox 1226 2520 1281 2562; x_wconf 90' lang='lat' dir='ltr'><strong>et</strong></span> <span class='ocrx_word' id='word_1_215' title='bbox 1300 2514 1371 2563; x_wconf 86' lang='lat' dir='ltr'><strong>A·</strong></span> 
     </span>
     <span class='ocr_line' id='line_1_26' title="bbox 317 2586 1370 2647; baseline 0.002 -11"><span class='ocrx_word' id='word_1_216' title='bbox 317 2586 540 2647; x_wconf 83' lang='lat' dir='ltr'><strong>driatici,</strong></span> <span class='ocrx_word' id='word_1_217' title='bbox 573 2590 672 2638; x_wconf 87' lang='lat' dir='ltr'><strong>hoc</strong></span> <span class='ocrx_word' id='word_1_218' title='bbox 709 2589 770 2638; x_wconf 88' lang='lat' dir='ltr'><strong>ad</strong></span> <span class='ocrx_word' id='word_1_219' title='bbox 807 2591 1119 2646; x_wconf 83' lang='lat' dir='ltr'><strong>Ravennam,</strong></span> <span class='ocrx_word' id='word_1_220' title='bbox 1154 2589 1281 2638; x_wconf 89' lang='lat' dir='ltr'><strong>illud</strong></span> <span class='ocrx_word' id='word_1_221' title='bbox 1305 2589 1370 2638; x_wconf 87' lang='lat' dir='ltr'><strong>ad</strong></span> 
     </span>
     <span class='ocr_line' id='line_1_27' title="bbox 314 2664 1101 2733; baseline 0.001 -18"><span class='ocrx_word' id='word_1_222' title='bbox 314 2665 569 2716; x_wconf 85' lang='lat' dir='ltr'><strong>Misenum</strong></span> <span class='ocrx_word' id='word_1_223' title='bbox 588 2664 831 2733; x_wconf 79' lang='lat' dir='ltr'><strong>refertur,</strong></span> <span class='ocrx_word' id='word_1_224' title='bbox 852 2674 912 2716; x_wconf 91' lang='lat' dir='ltr'><strong>ut</strong></span> <span class='ocrx_word' id='word_1_225' title='bbox 937 2674 1101 2730; x_wconf 86' lang='lat' dir='ltr'><strong>patet.</strong></span> 
     </span>
    </p>

    <p class='ocr_par' dir='ltr' id='par_1_10' title="bbox 310 2742 1371 3026">
     <span class='ocr_line' id='line_1_28' title="bbox 316 2742 1370 2809; baseline 0.003 -18"><span class='ocrx_word' id='word_1_226' title='bbox 316 2756 323 2762; x_wconf 85' lang='grc'>’</span> <span class='ocrx_word' id='word_1_227' title='bbox 377 2751 399 2784; x_wconf 74' lang='lat'><em>5</em></span> <span class='ocrx_word' id='word_1_228' title='bbox 420 2745 618 2792; x_wconf 82' lang='lat' dir='ltr'><strong>Partim</strong></span> <span class='ocrx_word' id='word_1_229' title='bbox 637 2745 689 2793; x_wconf 80' lang='lat' dir='ltr'><strong>in</strong></span> <span class='ocrx_word' id='word_1_230' title='bbox 708 2745 785 2794; x_wconf 80' lang='lat' dir='ltr'><strong>sui</strong></span> <span class='ocrx_word' id='word_1_231' title='bbox 803 2745 1088 2809; x_wconf 78' lang='lat' dir='ltr'><strong>custodiam]</strong></span> <span class='ocrx_word' id='word_1_232' title='bbox 1129 2743 1231 2793; x_wconf 79' lang='lat' dir='ltr'><strong>Hae</strong></span> <span class='ocrx_word' id='word_1_233' title='bbox 1259 2742 1370 2794; x_wconf 87' lang='lat' dir='ltr'><strong>fue-</strong></span> 
     </span>
     <span class='ocr_line' id='line_1_29' title="bbox 314 2823 1369 2885; baseline 0.003 -17"><span class='ocrx_word' id='word_1_234' title='bbox 314 2827 429 2869; x_wconf 86' lang='lat' dir='ltr'><strong>runt</strong></span> <span class='ocrx_word' id='word_1_235' title='bbox 468 2823 720 2884; x_wconf 71' lang='lat' dir='ltr'><strong>praetoriae</strong></span> <span class='ocrx_word' id='word_1_236' title='bbox 758 2823 1015 2883; x_wconf 83' lang='lat' dir='ltr'><strong>cohortes,</strong></span> <span class='ocrx_word' id='word_1_237' title='bbox 1039 2836 1163 2885; x_wconf 83' lang='lat' dir='ltr'><strong>quas</strong></span> <span class='ocrx_word' id='word_1_238' title='bbox 1187 2837 1369 2871; x_wconf 82' lang='lat' dir='ltr'><strong>novem</strong></span> 
     </span>
     <span class='ocr_line' id='line_1_30' title="bbox 311 2895 1371 2960; baseline 0.001 -14"><span class='ocrx_word' id='word_1_239' title='bbox 311 2895 486 2960; x_wconf 85' lang='lat' dir='ltr'><strong>fuisse,</strong></span> <span class='ocrx_word' id='word_1_240' title='bbox 510 2906 568 2947; x_wconf 90' lang='lat' dir='ltr'><strong>ut</strong></span> <span class='ocrx_word' id='word_1_241' title='bbox 594 2905 650 2948; x_wconf 91' lang='lat' dir='ltr'><strong>et</strong></span> <span class='ocrx_word' id='word_1_242' title='bbox 674 2898 895 2948; x_wconf 83' lang='lat' dir='ltr'><strong>urbanas</strong></span> <span class='ocrx_word' id='word_1_243' title='bbox 931 2904 1056 2959; x_wconf 86' lang='lat' dir='ltr'><strong>tres,</strong></span> <span class='ocrx_word' id='word_1_244' title='bbox 1094 2905 1276 2947; x_wconf 82' lang='lat' dir='ltr'><strong>auctor</strong></span> <span class='ocrx_word' id='word_1_245' title='bbox 1291 2905 1371 2947; x_wconf 85' lang='lat' dir='ltr'><strong>est</strong></span> 
     </span>
     <span class='ocr_line' id='line_1_31' title="bbox 310 2973 1260 3026; baseline 0.002 -4"><span class='ocrx_word' id='word_1_246' title='bbox 310 2974 471 3026; x_wconf 71' lang='lat' dir='ltr'><strong>Tacit.</strong></span> <span class='ocrx_word' id='word_1_247' title='bbox 495 2974 588 3025; x_wconf 87' lang='lat' dir='ltr'><strong>lib.</strong></span> <span class='ocrx_word' id='word_1_248' title='bbox 608 2990 688 3024; x_wconf 79' lang='grc' dir='ltr'><strong>ιν.</strong></span> <span class='ocrx_word' id='word_1_249' title='bbox 712 2974 898 3023; x_wconf 85' lang='lat' dir='ltr'><strong>Annal.</strong></span> <span class='ocrx_word' id='word_1_250' title='bbox 918 2974 1014 3023; x_wconf 89' lang='lat' dir='ltr'><strong>sub</strong></span> <span class='ocrx_word' id='word_1_251' title='bbox 1038 2973 1260 3024; x_wconf 86' lang='lat' dir='ltr'><strong>initium.</strong></span> 
     </span>
    </p>

    <p class='ocr_par' dir='ltr' id='par_1_11' title="bbox 306 3050 1372 3344">
     <span class='ocr_line' id='line_1_32' title="bbox 313 3050 1372 3115; baseline 0.002 -17"><span class='ocrx_word' id='word_1_252' title='bbox 313 3076 320 3089; x_wconf 89' lang='lat'><strong>·</strong></span> <span class='ocrx_word' id='word_1_253' title='bbox 360 3058 381 3082; x_wconf 79' lang='lat'>²</span> <span class='ocrx_word' id='word_1_254' title='bbox 397 3051 895 3115; x_wconf 79' lang='lat' dir='ltr'><strong>Calagurritanorum]</strong></span> <span class='ocrx_word' id='word_1_255' title='bbox 911 3050 1204 3115; x_wconf 79' lang='lat' dir='ltr'><strong>Calagurris</strong></span> <span class='ocrx_word' id='word_1_256' title='bbox 1217 3052 1372 3100; x_wconf 90' lang='lat' dir='ltr'><strong>hodie</strong></span> 
     </span>
     <span class='ocr_line' id='line_1_33' title="bbox 313 3127 1372 3193; baseline 0.003 -19"><span class='ocrx_word' id='word_1_257' title='bbox 313 3127 570 3175; x_wconf 72' lang='lat' dir='ltr'><strong>Calahorra</strong></span> <span class='ocrx_word' id='word_1_258' title='bbox 589 3129 640 3176; x_wconf 89' lang='lat' dir='ltr'><strong>in</strong></span> <span class='ocrx_word' id='word_1_259' title='bbox 659 3128 888 3177; x_wconf 86' lang='lat' dir='ltr'><strong>Castella</strong></span> <span class='ocrx_word' id='word_1_260' title='bbox 905 3129 1089 3191; x_wconf 84' lang='lat' dir='ltr'><strong>veteri,</strong></span> <span class='ocrx_word' id='word_1_261' title='bbox 1103 3140 1219 3193; x_wconf 84' lang='lat' dir='ltr'><strong>qnae</strong></span> <span class='ocrx_word' id='word_1_262' title='bbox 1242 3130 1372 3177; x_wconf 89' lang='lat' dir='ltr'><strong>Tar-</strong></span> 
     </span>
     <span class='ocr_line' id='line_1_34' title="bbox 306 3205 1372 3269; baseline 0.003 -17"><span class='ocrx_word' id='word_1_263' title='bbox 306 3207 600 3254; x_wconf 84' lang='lat' dir='ltr'><strong>raconensis</strong></span> <span class='ocrx_word' id='word_1_264' title='bbox 624 3207 742 3254; x_wconf 88' lang='lat' dir='ltr'><strong>olim</strong></span> <span class='ocrx_word' id='word_1_265' title='bbox 769 3205 1035 3269; x_wconf 84' lang='lat' dir='ltr'><strong>Hispaniae</strong></span> <span class='ocrx_word' id='word_1_266' title='bbox 1057 3223 1071 3255; x_wconf 83' lang='lat'>=</span> <span class='ocrx_word' id='word_1_267' title='bbox 1111 3205 1372 3256; x_wconf 86' lang='lat' dir='ltr'><strong>custodias</strong></span> 
     </span>
     <span class='ocr_line' id='line_1_35' title="bbox 311 3280 1369 3344; baseline 0.001 -16"><span class='ocrx_word' id='word_1_268' title='bbox 311 3280 572 3344; x_wconf 86' lang='lat' dir='ltr'><strong>Hispanas</strong></span> <span class='ocrx_word' id='word_1_269' title='bbox 595 3282 846 3330; x_wconf 85' lang='lat' dir='ltr'><strong>habuerat</strong></span> <span class='ocrx_word' id='word_1_270' title='bbox 883 3288 939 3331; x_wconf 90' lang='lat' dir='ltr'><strong>et</strong></span> <span class='ocrx_word' id='word_1_271' title='bbox 971 3282 1148 3332; x_wconf 84' lang='lat' dir='ltr'><strong>Caesar</strong></span> <span class='ocrx_word' id='word_1_272' title='bbox 1185 3282 1238 3331; x_wconf 91' lang='lat' dir='ltr'><strong>in</strong></span> <span class='ocrx_word' id='word_1_273' title='bbox 1260 3283 1369 3334; x_wconf 86' lang='lat' dir='ltr'><strong>Jul.</strong></span> 
     </span>
    </p>
   </div>
   <div class='ocr_carea' id='block_1_10' title="bbox 224 3358 457 3408">
    <p class='ocr_par' dir='ltr' id='par_1_12' title="bbox 224 3358 457 3408">
     <span class='ocr_line' id='line_1_36' title="bbox 224 3358 457 3408; baseline 0.009 -2"><span class='ocrx_word' id='word_1_274' title='bbox 224 3358 227 3361; x_wconf 74' lang='grc'>’</span> <span class='ocrx_word' id='word_1_275' title='bbox 310 3372 355 3408; x_wconf 87' lang='lat' dir='ltr'><strong>c.</strong></span> <span class='ocrx_word' id='word_1_276' title='bbox 376 3364 457 3408; x_wconf 87' lang='lat'><strong>86.</strong></span> 
     </span>
    </p>
   </div>
   <div class='ocr_carea' id='block_1_11' title="bbox 306 3432 1372 4272">
    <p class='ocr_par' dir='ltr' id='par_1_13' title="bbox 306 3432 1372 4026">
     <span class='ocr_line' id='line_1_37' title="bbox 306 3432 1369 3501; baseline -0.002 -17"><span class='ocrx_word' id='word_1_277' title='bbox 306 3463 317 3473; x_wconf 85' lang='lat'><strong>·</strong></span> <span class='ocrx_word' id='word_1_278' title='bbox 373 3442 397 3467; x_wconf 76' lang='lat'>⁸</span> <span class='ocrx_word' id='word_1_279' title='bbox 434 3432 804 3495; x_wconf 82' lang='lat' dir='ltr'><strong>Germanorum]</strong></span> <span class='ocrx_word' id='word_1_280' title='bbox 825 3433 1037 3501; x_wconf 80' lang='lat' dir='ltr'><strong>annisi</strong></span> <span class='ocrx_word' id='word_1_281' title='bbox 1054 3434 1369 3497; x_wconf 86' lang='lat' dir='ltr'><strong>singulorum</strong></span> 
     </span>
     <span class='ocr_line' id='line_1_38' title="bbox 308 3511 1370 3574; baseline 0 -14"><span class='ocrx_word' id='word_1_282' title='bbox 308 3511 570 3562; x_wconf 88' lang='lat' dir='ltr'><strong>cohortem</strong></span> <span class='ocrx_word' id='word_1_283' title='bbox 591 3512 831 3561; x_wconf 84' lang='lat' dir='ltr'><strong>habuisse</strong></span> <span class='ocrx_word' id='word_1_284' title='bbox 853 3511 1066 3574; x_wconf 86' lang='lat' dir='ltr'><strong>colligas</strong></span> <span class='ocrx_word' id='word_1_285' title='bbox 1089 3526 1156 3559; x_wconf 84' lang='lat' dir='ltr'><strong>ex</strong></span> <span class='ocrx_word' id='word_1_286' title='bbox 1186 3511 1370 3560; x_wconf 82' lang='lat' dir='ltr'><strong>Galbae</strong></span> 
     </span>
     <span class='ocr_line' id='line_1_39' title="bbox 310 3594 1372 3737; baseline -0.004 -21"><span class='ocrx_word' id='word_1_287' title='bbox 310 3594 642 3716; x_wconf 39' lang='lat' dir='ltr'><strong>e‘bmbludem</strong></span> <span class='ocrx_word' id='word_1_288' title='bbox 684 3665 966 3737; x_wconf 76' lang='lat' dir='ltr'><strong>Varianam]</strong></span> <span class='ocrx_word' id='word_1_289' title='bbox 1004 3665 1175 3729; x_wconf 88' lang='lat' dir='ltr'><strong>Supra</strong></span> <span class='ocrx_word' id='word_1_290' title='bbox 1209 3680 1257 3715; x_wconf 85' lang='lat' dir='ltr'><strong>c.</strong></span> <span class='ocrx_word' id='word_1_291' title='bbox 1291 3670 1372 3715; x_wconf 82' lang='grc'><strong>23.</strong></span> 
     </span>
     <span class='ocr_line' id='line_1_40' title="bbox 311 3743 1370 3807; baseline -0.002 -13"><span class='ocrx_word' id='word_1_292' title='bbox 311 3751 363 3794; x_wconf 87' lang='lat' dir='ltr'><strong>et</strong></span> <span class='ocrx_word' id='word_1_293' title='bbox 381 3743 517 3794; x_wconf 86' lang='lat' dir='ltr'><strong>infra</strong></span> <span class='ocrx_word' id='word_1_294' title='bbox 539 3758 696 3807; x_wconf 82' lang='lat' dir='ltr'><strong>saepe,</strong></span> <span class='ocrx_word' id='word_1_295' title='bbox 721 3743 774 3793; x_wconf 89' lang='lat' dir='ltr'><strong>in</strong></span> <span class='ocrx_word' id='word_1_296' title='bbox 797 3743 970 3792; x_wconf 90' lang='lat' dir='ltr'><strong>Tiber.</strong></span> <span class='ocrx_word' id='word_1_297' title='bbox 1005 3757 1051 3792; x_wconf 89' lang='lat' dir='ltr'><strong>c.</strong></span> <span class='ocrx_word' id='word_1_298' title='bbox 1076 3747 1156 3792; x_wconf 79' lang='lat'><strong>17.</strong></span> <span class='ocrx_word' id='word_1_299' title='bbox 1189 3750 1246 3792; x_wconf 86' lang='lat' dir='ltr'><strong>et</strong></span> <span class='ocrx_word' id='word_1_300' title='bbox 1280 3744 1370 3792; x_wconf 86' lang='lat' dir='ltr'><strong>ali-</strong></span> 
     </span>
     <span class='ocr_line' id='line_1_41' title="bbox 309 3821 1370 3962; baseline -0.002 -14"><span class='ocrx_word' id='word_1_301' title='bbox 309 3821 390 3934; x_wconf 43' lang='lat' dir='ltr'><strong>b:</strong></span> <span class='ocrx_word' id='word_1_302' title='bbox 416 3897 671 3961; x_wconf 69' lang='lat' dir='ltr'><strong>Cohortes]</strong></span> <span class='ocrx_word' id='word_1_303' title='bbox 698 3898 977 3948; x_wconf 84' lang='lat' dir='ltr'><strong>Praetorias</strong></span> <span class='ocrx_word' id='word_1_304' title='bbox 999 3899 1218 3955; x_wconf 85' lang='lat' dir='ltr'><strong>scilicet,</strong></span> <span class='ocrx_word' id='word_1_305' title='bbox 1242 3913 1370 3962; x_wconf 86' lang='lat' dir='ltr'><strong>quas</strong></span> 
     </span>
     <span class='ocr_line' id='line_1_42' title="bbox 311 3977 1291 4026; baseline -0.002 0"><span class='ocrx_word' id='word_1_306' title='bbox 311 3977 487 4026; x_wconf 85' lang='lat' dir='ltr'><strong>Rornae</strong></span> <span class='ocrx_word' id='word_1_307' title='bbox 512 3977 663 4024; x_wconf 87' lang='lat' dir='ltr'><strong>simul</strong></span> <span class='ocrx_word' id='word_1_308' title='bbox 680 3989 855 4025; x_wconf 88' lang='lat' dir='ltr'><strong>omnes</strong></span> <span class='ocrx_word' id='word_1_309' title='bbox 872 3990 982 4024; x_wconf 85' lang='lat' dir='ltr'><strong>esse</strong></span> <span class='ocrx_word' id='word_1_310' title='bbox 1005 3977 1186 4025; x_wconf 88' lang='lat' dir='ltr'><strong>noluit.</strong></span> <span class='ocrx_word' id='word_1_311' title='bbox 1286 4010 1291 4014; x_wconf 86' lang='lat'>-</span> 
     </span>
    </p>

    <p class='ocr_par' dir='ltr' id='par_1_14' title="bbox 308 4052 1370 4272">
     <span class='ocr_line' id='line_1_43' title="bbox 370 4052 1367 4116; baseline -0.002 -15"><span class='ocrx_word' id='word_1_312' title='bbox 370 4052 392 4086; x_wconf 79' lang='lat'><strong>‘¹</strong></span> <span class='ocrx_word' id='word_1_313' title='bbox 410 4052 793 4116; x_wconf 82' lang='lat' dir='ltr'><strong>Stipendiorum]</strong></span> <span class='ocrx_word' id='word_1_314' title='bbox 815 4052 894 4100; x_wconf 91' lang='lat' dir='ltr'><strong>De</strong></span> <span class='ocrx_word' id='word_1_315' title='bbox 915 4052 1192 4115; x_wconf 89' lang='lat' dir='ltr'><strong>stipendio,</strong></span> <span class='ocrx_word' id='word_1_316' title='bbox 1209 4066 1367 4116; x_wconf 83' lang='lat' dir='ltr'><strong>quan-</strong></span> 
     </span>
     <span class='ocr_line' id='line_1_44' title="bbox 312 4128 1368 4193; baseline -0.005 -14"><span class='ocrx_word' id='word_1_317' title='bbox 312 4135 415 4179; x_wconf 87' lang='lat' dir='ltr'><strong>tum</strong></span> <span class='ocrx_word' id='word_1_318' title='bbox 440 4131 504 4179; x_wconf 89' lang='lat' dir='ltr'><strong>ab</strong></span> <span class='ocrx_word' id='word_1_319' title='bbox 530 4130 680 4179; x_wconf 89' lang='lat' dir='ltr'><strong>initio</strong></span> <span class='ocrx_word' id='word_1_320' title='bbox 697 4128 857 4179; x_wconf 86' lang='lat' dir='ltr'><strong>fuerit</strong></span> <span class='ocrx_word' id='word_1_321' title='bbox 877 4143 1034 4193; x_wconf 84' lang='lat' dir='ltr'><strong>supra</strong></span> <span class='ocrx_word' id='word_1_322' title='bbox 1055 4129 1108 4178; x_wconf 90' lang='lat' dir='ltr'><strong>in</strong></span> <span class='ocrx_word' id='word_1_323' title='bbox 1129 4129 1163 4180; x_wconf 83' lang='lat' dir='ltr'>J</span> <span class='ocrx_word' id='word_1_324' title='bbox 1171 4129 1236 4178; x_wconf 90' lang='lat' dir='ltr'><strong>ul.</strong></span> <span class='ocrx_word' id='word_1_325' title='bbox 1253 4144 1368 4192; x_wconf 85' lang='lat' dir='ltr'><strong>cap.</strong></span> 
     </span>
     <span class='ocr_line' id='line_1_45' title="bbox 308 4204 1370 4272; baseline 0 -15"><span class='ocrx_word' id='word_1_326' title='bbox 308 4210 386 4257; x_wconf 84' lang='grc'><strong>26.</strong></span> <span class='ocrx_word' id='word_1_327' title='bbox 426 4215 623 4272; x_wconf 79' lang='lat' dir='ltr'><strong>quanta</strong></span> <span class='ocrx_word' id='word_1_328' title='bbox 666 4213 838 4256; x_wconf 85' lang='lat' dir='ltr'><strong>autem</strong></span> <span class='ocrx_word' id='word_1_329' title='bbox 881 4204 1043 4257; x_wconf 82' lang='lat' dir='ltr'><strong>fuerit</strong></span> <span class='ocrx_word' id='word_1_330' title='bbox 1078 4212 1219 4256; x_wconf 86' lang='lat' dir='ltr'><strong>certa</strong></span> <span class='ocrx_word' id='word_1_331' title='bbox 1254 4208 1370 4257; x_wconf 83' lang='lat' dir='ltr'><strong>haee</strong></span> 
     </span>
    </p>
   </div>
   <div class='ocr_carea' id='block_1_12' title="bbox 1449 2510 2517 3117">
    <p class='ocr_par' dir='ltr' id='par_1_15' title="bbox 1449 2510 2517 3117">
     <span class='ocr_line' id='line_1_46' title="bbox 1449 2510 2515 2560; baseline -0.004 0"><span class='ocrx_word' id='word_1_332' title='bbox 1449 2512 1631 2560; x_wconf 89' lang='lat' dir='ltr'><strong>‘denis</strong></span> <span class='ocrx_word' id='word_1_333' title='bbox 1671 2511 1722 2558; x_wconf 91' lang='lat' dir='ltr'><strong>in</strong></span> <span class='ocrx_word' id='word_1_334' title='bbox 1769 2512 1901 2558; x_wconf 87' lang='lat' dir='ltr'><strong>diem</strong></span> <span class='ocrx_word' id='word_1_335' title='bbox 1948 2510 2147 2558; x_wconf 88' lang='lat' dir='ltr'><strong>assibus</strong></span> <span class='ocrx_word' id='word_1_336' title='bbox 2192 2511 2411 2558; x_wconf 87' lang='lat' dir='ltr'><strong>animam</strong></span> <span class='ocrx_word' id='word_1_337' title='bbox 2458 2515 2515 2556; x_wconf 89' lang='lat' dir='ltr'><strong>et</strong></span> 
     </span>
     <span class='ocr_line' id='line_1_47' title="bbox 1453 2585 2514 2651; baseline -0.004 -15"><span class='ocrx_word' id='word_1_338' title='bbox 1453 2602 1641 2651; x_wconf 84' lang='lat' dir='ltr'><strong>corpus</strong></span> <span class='ocrx_word' id='word_1_339' title='bbox 1682 2585 1961 2647; x_wconf 83' lang='lat' dir='ltr'><strong>aestimari,&#39;</strong></span> <span class='ocrx_word' id='word_1_340' title='bbox 1994 2592 2051 2634; x_wconf 88' lang='lat' dir='ltr'><strong>et</strong></span> <span class='ocrx_word' id='word_1_341' title='bbox 2084 2585 2419 2648; x_wconf 75' lang='lat' dir='ltr'><strong>postulabant</strong></span> <span class='ocrx_word' id='word_1_342' title='bbox 2457 2590 2514 2632; x_wconf 90' lang='lat' dir='ltr'><strong>ut</strong></span> 
     </span>
     <span class='ocr_line' id='line_1_48' title="bbox 1454 2664 2517 2728; baseline -0.002 -13"><span class='ocrx_word' id='word_1_343' title='bbox 1454 2676 1467 2697; x_wconf 79' lang='lat'>⁸</span> <span class='ocrx_word' id='word_1_344' title='bbox 1486 2667 1726 2715; x_wconf 87' lang='lat' dir='ltr'><strong>denarius</strong></span> <span class='ocrx_word' id='word_1_345' title='bbox 1753 2666 1989 2714; x_wconf 87' lang='lat' dir='ltr'><strong>diurnum</strong></span> <span class='ocrx_word' id='word_1_346' title='bbox 2014 2667 2323 2728; x_wconf 80' lang='lat' dir='ltr'><strong>stipendium</strong></span> <span class='ocrx_word' id='word_1_347' title='bbox 2345 2664 2517 2724; x_wconf 85' lang='lat' dir='ltr'><strong>foret‚’</strong></span> 
     </span>
     <span class='ocr_line' id='line_1_49' title="bbox 1454 2741 2513 2810; baseline -0.002 -18"><span class='ocrx_word' id='word_1_348' title='bbox 1454 2760 1557 2810; x_wconf 92' lang='lat' dir='ltr'><strong>quo</strong></span> <span class='ocrx_word' id='word_1_349' title='bbox 1592 2741 1860 2792; x_wconf 86' lang='lat' dir='ltr'><strong>manifeste</strong></span> <span class='ocrx_word' id='word_1_350' title='bbox 1901 2743 2160 2792; x_wconf 75' lang='lat' dir='ltr'><strong>indicatur·</strong></span> <span class='ocrx_word' id='word_1_351' title='bbox 2196 2749 2513 2807; x_wconf 80' lang='lat' dir='ltr'><strong>(quanquam</strong></span> 
     </span>
     <span class='ocr_line' id='line_1_50' title="bbox 1451 2817 2513 2884; baseline -0.002 -14"><span class='ocrx_word' id='word_1_352' title='bbox 1451 2828 1508 2870; x_wconf 87' lang='lat' dir='ltr'><strong>et</strong></span> <span class='ocrx_word' id='word_1_353' title='bbox 1545 2821 1694 2870; x_wconf 84' lang='lat' dir='ltr'><strong>aliter</strong></span> <span class='ocrx_word' id='word_1_354' title='bbox 1736 2819 1954 2882; x_wconf 89' lang='lat' dir='ltr'><strong>intelligi</strong></span> <span class='ocrx_word' id='word_1_355' title='bbox 1995 2817 2132 2869; x_wconf 88' lang='lat' dir='ltr'><strong>forte</strong></span> <span class='ocrx_word' id='word_1_356' title='bbox 2153 2818 2335 2884; x_wconf 85' lang='lat' dir='ltr'><strong>queat)</strong></span> <span class='ocrx_word' id='word_1_357' title='bbox 2353 2819 2513 2868; x_wconf 85' lang='lat' dir='ltr'><strong>dena·</strong></span> 
     </span>
     <span class='ocr_line' id='line_1_51' title="bbox 1449 2896 2514 2961; baseline 0 -15"><span class='ocrx_word' id='word_1_358' title='bbox 1449 2898 1579 2947; x_wconf 87' lang='lat' dir='ltr'><strong>rium</strong></span> <span class='ocrx_word' id='word_1_359' title='bbox 1615 2897 1775 2960; x_wconf 90' lang='lat' dir='ltr'><strong>pluris</strong></span> <span class='ocrx_word' id='word_1_360' title='bbox 1809 2896 2028 2945; x_wconf 87' lang='lat' dir='ltr'><strong>valuisse</strong></span> <span class='ocrx_word' id='word_1_361' title='bbox 2053 2911 2206 2961; x_wconf 85' lang='lat' dir='ltr'><strong>qnam</strong></span> <span class='ocrx_word' id='word_1_362' title='bbox 2229 2897 2408 2946; x_wconf 87' lang='lat' dir='ltr'><strong>decem</strong></span> <span class='ocrx_word' id='word_1_363' title='bbox 2434 2912 2514 2946; x_wconf 85' lang='lat' dir='ltr'><strong>as-</strong></span> 
     </span>
     <span class='ocr_line' id='line_1_52' title="bbox 1449 2968 2512 3042; baseline -0.002 -15"><span class='ocrx_word' id='word_1_364' title='bbox 1449 2992 1533 3027; x_wconf 81' lang='lat' dir='ltr'><strong>ses</strong></span> <span class='ocrx_word' id='word_1_365' title='bbox 1551 2978 1818 3035; x_wconf 88' lang='lat' dir='ltr'><strong>militares,</strong></span> <span class='ocrx_word' id='word_1_366' title='bbox 1831 2977 1914 3040; x_wconf 90' lang='lat' dir='ltr'><strong>qui</strong></span> <span class='ocrx_word' id='word_1_367' title='bbox 1935 2968 2109 3040; x_wconf 83' lang='lat' dir='ltr'><strong>pretii,</strong></span> <span class='ocrx_word' id='word_1_368' title='bbox 2125 2991 2272 3042; x_wconf 87' lang='lat' dir='ltr'><strong>quam</strong></span> <span class='ocrx_word' id='word_1_369' title='bbox 2289 2991 2512 3026; x_wconf 87' lang='lat' dir='ltr'><strong>commu-</strong></span> 
     </span>
     <span class='ocr_line' id='line_1_53' title="bbox 1453 3054 2515 3117; baseline -0.003 -11"><span class='ocrx_word' id='word_1_370' title='bbox 1453 3072 1546 3106; x_wconf 89' lang='lat' dir='ltr'><strong>nes</strong></span> <span class='ocrx_word' id='word_1_371' title='bbox 1569 3071 1731 3117; x_wconf 88' lang='lat' dir='ltr'><strong>asses,</strong></span> <span class='ocrx_word' id='word_1_372' title='bbox 1754 3055 1948 3104; x_wconf 82' lang='lat' dir='ltr'><strong>vilioris</strong></span> <span class='ocrx_word' id='word_1_373' title='bbox 1987 3062 2167 3117; x_wconf 87' lang='lat' dir='ltr'><strong>erant;</strong></span> <span class='ocrx_word' id='word_1_374' title='bbox 2208 3054 2343 3104; x_wconf 90' lang='lat' dir='ltr'><strong>unde</strong></span> <span class='ocrx_word' id='word_1_375' title='bbox 2384 3055 2515 3104; x_wconf 89' lang='lat' dir='ltr'><strong>mili·</strong></span> 
     </span>
    </p>
   </div>
   <div class='ocr_carea' id='block_1_13' title="bbox 1422 3132 2514 3197">
    <p class='ocr_par' dir='ltr' id='par_1_16' title="bbox 1422 3132 2514 3197">
     <span class='ocr_line' id='line_1_54' title="bbox 1422 3132 2514 3197; baseline -0.002 -15"><span class='ocrx_word' id='word_1_376' title='bbox 1422 3141 1563 3182; x_wconf 11' lang='lat' dir='ltr'><strong>,tum</strong></span> <span class='ocrx_word' id='word_1_377' title='bbox 1609 3133 1841 3197; x_wconf 86' lang='lat' dir='ltr'><strong>querela,</strong></span> <span class='ocrx_word' id='word_1_378' title='bbox 1883 3132 2023 3196; x_wconf 89' lang='lat' dir='ltr'><strong>quod</strong></span> <span class='ocrx_word' id='word_1_379' title='bbox 2070 3147 2257 3196; x_wconf 90' lang='lat' dir='ltr'><strong>nempe</strong></span> <span class='ocrx_word' id='word_1_380' title='bbox 2305 3147 2514 3181; x_wconf 88' lang='lat' dir='ltr'><strong>snorum</strong></span> 
     </span>
    </p>
   </div>
   <div class='ocr_carea' id='block_1_14' title="bbox 1448 3208 2519 4276">
    <p class='ocr_par' dir='ltr' id='par_1_17' title="bbox 1448 3208 2519 4276">
     <span class='ocr_line' id='line_1_55' title="bbox 1453 3208 2518 3273; baseline -0.003 -14"><span class='ocrx_word' id='word_1_381' title='bbox 1453 3212 1644 3268; x_wconf 87' lang='lat' dir='ltr'><strong>assium</strong></span> <span class='ocrx_word' id='word_1_382' title='bbox 1689 3209 1932 3270; x_wconf 88' lang='lat' dir='ltr'><strong>trecenti,</strong></span> <span class='ocrx_word' id='word_1_383' title='bbox 1967 3224 2094 3273; x_wconf 90' lang='lat' dir='ltr'><strong>quos</strong></span> <span class='ocrx_word' id='word_1_384' title='bbox 2138 3209 2288 3258; x_wconf 89' lang='lat' dir='ltr'><strong>unius</strong></span> <span class='ocrx_word' id='word_1_385' title='bbox 2329 3208 2518 3258; x_wconf 88' lang='lat' dir='ltr'><strong>mensis</strong></span> 
     </span>
     <span class='ocr_line' id='line_1_56' title="bbox 1449 3285 2518 3350; baseline -0.003 -15"><span class='ocrx_word' id='word_1_386' title='bbox 1449 3286 1763 3350; x_wconf 83' lang='lat' dir='ltr'><strong>stipendium</strong></span> <span class='ocrx_word' id='word_1_387' title='bbox 1795 3285 2083 3346; x_wconf 85' lang='lat' dir='ltr'><strong>habebant‚·</strong></span> <span class='ocrx_word' id='word_1_388' title='bbox 2116 3300 2217 3334; x_wconf 88' lang='lat' dir='ltr'><strong>non</strong></span> <span class='ocrx_word' id='word_1_389' title='bbox 2263 3286 2360 3334; x_wconf 88' lang='lat' dir='ltr'><strong>nisi</strong></span> <span class='ocrx_word' id='word_1_390' title='bbox 2403 3289 2518 3334; x_wconf 88' lang='grc'><strong>250.</strong></span> 
     </span>
     <span class='ocr_line' id='line_1_57' title="bbox 1451 3361 2519 3425; baseline -0.003 -13"><span class='ocrx_word' id='word_1_391' title='bbox 1451 3364 1795 3412; x_wconf 87' lang='lat' dir='ltr'><strong>communium</strong></span> <span class='ocrx_word' id='word_1_392' title='bbox 1815 3364 1998 3411; x_wconf 84' lang='lat' dir='ltr'><strong>assium</strong></span> <span class='ocrx_word' id='word_1_393' title='bbox 2016 3361 2304 3425; x_wconf 86' lang='lat' dir='ltr'><strong>efficerent,</strong></span> <span class='ocrx_word' id='word_1_394' title='bbox 2321 3363 2419 3411; x_wconf 86' lang='lat' dir='ltr'><strong>hoc</strong></span> <span class='ocrx_word' id='word_1_395' title='bbox 2437 3369 2519 3410; x_wconf 86' lang='lat' dir='ltr'><strong>est</strong></span> 
     </span>
     <span class='ocr_line' id='line_1_58' title="bbox 1453 3437 2517 3501; baseline -0.003 -13"><span class='ocrx_word' id='word_1_396' title='bbox 1453 3453 1663 3488; x_wconf 71' lang='lat' dir='ltr'><strong>atireum</strong></span> <span class='ocrx_word' id='word_1_397' title='bbox 1695 3438 1901 3486; x_wconf 90' lang='lat' dir='ltr'><strong>unicum</strong></span> <span class='ocrx_word' id='word_1_398' title='bbox 1927 3453 2018 3487; x_wconf 87' lang='lat' dir='ltr'><strong>seu</strong></span> <span class='ocrx_word' id='word_1_399' title='bbox 2042 3443 2124 3486; x_wconf 83' lang='lat'><strong>25.</strong></span> <span class='ocrx_word' id='word_1_400' title='bbox 2144 3438 2405 3498; x_wconf 83' lang='lat' dir='ltr'><strong>denarios,</strong></span> <span class='ocrx_word' id='word_1_401' title='bbox 2429 3437 2517 3501; x_wconf 89' lang='lat' dir='ltr'><strong>qni</strong></span> 
     </span>
     <span class='ocr_line' id='line_1_59' title="bbox 1451 3512 2517 3577; baseline -0.003 -12"><span class='ocrx_word' id='word_1_402' title='bbox 1451 3523 1769 3565; x_wconf 86' lang='lat' dir='ltr'><strong>menstruum</strong></span> <span class='ocrx_word' id='word_1_403' title='bbox 1803 3512 2025 3577; x_wconf 85' lang='lat' dir='ltr'><strong>Augusti</strong></span> <span class='ocrx_word' id='word_1_404' title='bbox 2065 3522 2296 3577; x_wconf 90' lang='lat' dir='ltr'><strong>tempore</strong></span> <span class='ocrx_word' id='word_1_405' title='bbox 2315 3514 2517 3577; x_wconf 61' lang='lat' dir='ltr'><strong>›stipen-</strong></span> 
     </span>
     <span class='ocr_line' id='line_1_60' title="bbox 1453 3588 2514 3651; baseline -0.004 -10"><span class='ocrx_word' id='word_1_406' title='bbox 1453 3593 1607 3641; x_wconf 86' lang='lat' dir='ltr'><strong>dium.</strong></span> <span class='ocrx_word' id='word_1_407' title='bbox 1672 3590 1959 3640; x_wconf 87' lang='lat' dir='ltr'><strong>Domitiani</strong></span> <span class='ocrx_word' id='word_1_408' title='bbox 2000 3588 2339 3651; x_wconf 81' lang='lat' dir='ltr'><strong>temporibus,</strong></span> <span class='ocrx_word' id='word_1_409' title='bbox 2375 3596 2431 3638; x_wconf 92' lang='lat' dir='ltr'><strong>ut</strong></span> <span class='ocrx_word' id='word_1_410' title='bbox 2462 3590 2514 3637; x_wconf 89' lang='lat' dir='ltr'><strong>in</strong></span> 
     </span>
     <span class='ocr_line' id='line_1_61' title="bbox 1452 3665 2517 3735; baseline -0.006 -14"><span class='ocrx_word' id='word_1_411' title='bbox 1452 3672 1566 3735; x_wconf 88' lang='lat' dir='ltr'><strong>ejus</strong></span> <span class='ocrx_word' id='word_1_412' title='bbox 1603 3670 1710 3718; x_wconf 85' lang='lat' dir='ltr'><strong>vita</strong></span> <span class='ocrx_word' id='word_1_413' title='bbox 1732 3683 1779 3717; x_wconf 89' lang='lat' dir='ltr'><strong>c.</strong></span> <span class='ocrx_word' id='word_1_414' title='bbox 1803 3672 1851 3716; x_wconf 83' lang='grc'><strong>7.</strong></span> <span class='ocrx_word' id='word_1_415' title='bbox 1886 3673 2109 3731; x_wconf 88' lang='lat' dir='ltr'><strong>quatuor</strong></span> <span class='ocrx_word' id='word_1_416' title='bbox 2147 3665 2309 3727; x_wconf 87' lang='lat' dir='ltr'><strong>aurei,</strong></span> <span class='ocrx_word' id='word_1_417' title='bbox 2344 3665 2517 3715; x_wconf 88' lang='lat' dir='ltr'><strong>edicto</strong></span> 
     </span>
     <span class='ocr_line' id='line_1_62' title="bbox 1451 3741 2516 3814; baseline -0.007 -16"><span class='ocrx_word' id='word_1_418' title='bbox 1451 3757 1725 3814; x_wconf 87' lang='lat' dir='ltr'><strong>postquam</strong></span> <span class='ocrx_word' id='word_1_419' title='bbox 1768 3759 1860 3793; x_wconf 86' lang='lat' dir='ltr'><strong>suo</strong></span> <span class='ocrx_word' id='word_1_420' title='bbox 1895 3758 2051 3793; x_wconf 87' lang='lat' dir='ltr'><strong>unum</strong></span> <span class='ocrx_word' id='word_1_421' title='bbox 2096 3741 2315 3792; x_wconf 86' lang='lat' dir='ltr'><strong>addidit.</strong></span> <span class='ocrx_word' id='word_1_422' title='bbox 2386 3743 2516 3793; x_wconf 82' lang='lat' dir='ltr'><strong>Quis</strong></span> 
     </span>
     <span class='ocr_line' id='line_1_63' title="bbox 1454 3819 2517 3884; baseline -0.006 -10"><span class='ocrx_word' id='word_1_423' title='bbox 1454 3840 1577 3874; x_wconf 83' lang='lat' dir='ltr'><strong>vero</strong></span> <span class='ocrx_word' id='word_1_424' title='bbox 1608 3822 1889 3873; x_wconf 80' lang='lat' dir='ltr'><strong>secundum</strong></span> <span class='ocrx_word' id='word_1_425' title='bbox 1928 3827 1982 3868; x_wconf 87' lang='lat' dir='ltr'><strong>et</strong></span> <span class='ocrx_word' id='word_1_426' title='bbox 2008 3819 2214 3869; x_wconf 83' lang='lat' dir='ltr'><strong>tertium</strong></span> <span class='ocrx_word' id='word_1_427' title='bbox 2235 3819 2517 3884; x_wconf 85' lang='lat' dir='ltr'><strong>addiderit,</strong></span> 
     </span>
     <span class='ocr_line' id='line_1_64' title="bbox 1453 3896 2518 3960; baseline -0.007 -9"><span class='ocrx_word' id='word_1_428' title='bbox 1453 3901 1745 3954; x_wconf 86' lang='lat' dir='ltr'><strong>tacentibus</strong></span> <span class='ocrx_word' id='word_1_429' title='bbox 1771 3898 2049 3956; x_wconf 87' lang='lat' dir='ltr'><strong>historicis,</strong></span> <span class='ocrx_word' id='word_1_430' title='bbox 2074 3897 2369 3960; x_wconf 81' lang='lat' dir='ltr'><strong>suspicatur</strong></span> <span class='ocrx_word' id='word_1_431' title='bbox 2392 3896 2518 3960; x_wconf 89' lang='lat' dir='ltr'><strong>Lip-</strong></span> 
     </span>
     <span class='ocr_line' id='line_1_65' title="bbox 1453 3974 2517 4029; baseline -0.007 -1"><span class='ocrx_word' id='word_1_432' title='bbox 1453 3981 1557 4029; x_wconf 84' lang='lat' dir='ltr'><strong>sius</strong></span> <span class='ocrx_word' id='word_1_433' title='bbox 1580 3979 1672 4029; x_wconf 82' lang='lat' dir='ltr'><strong>lib.</strong></span> <span class='ocrx_word' id='word_1_434' title='bbox 1694 3992 1732 4026; x_wconf 89' lang='lat'><strong>1.</strong></span> <span class='ocrx_word' id='word_1_435' title='bbox 1769 3977 1937 4024; x_wconf 81' lang='lat' dir='ltr'><strong>Elect.</strong></span> <span class='ocrx_word' id='word_1_436' title='bbox 1963 3990 2006 4023; x_wconf 89' lang='lat' dir='ltr'><strong>c.</strong></span> <span class='ocrx_word' id='word_1_437' title='bbox 2031 3979 2080 4022; x_wconf 84' lang='lat'><strong>2.</strong></span> <span class='ocrx_word' id='word_1_438' title='bbox 2123 3989 2151 4022; x_wconf 87' lang='lat' dir='ltr'><strong>a</strong></span> <span class='ocrx_word' id='word_1_439' title='bbox 2186 3974 2406 4022; x_wconf 89' lang='lat' dir='ltr'><strong>Claudio</strong></span> <span class='ocrx_word' id='word_1_440' title='bbox 2433 3975 2517 4021; x_wconf 89' lang='lat' dir='ltr'><strong>vel</strong></span> 
     </span>
     <span class='ocr_line' id='line_1_66' title="bbox 1452 4049 2518 4118; baseline -0.007 -14"><span class='ocrx_word' id='word_1_441' title='bbox 1452 4056 1687 4118; x_wconf 86' lang='lat' dir='ltr'><strong>Caligula</strong></span> <span class='ocrx_word' id='word_1_442' title='bbox 1705 4052 2003 4114; x_wconf 89' lang='lat' dir='ltr'><strong>secundum,</strong></span> <span class='ocrx_word' id='word_1_443' title='bbox 2022 4049 2257 4099; x_wconf 88' lang='lat' dir='ltr'><strong>civilibus</strong></span> <span class='ocrx_word' id='word_1_444' title='bbox 2278 4066 2397 4100; x_wconf 82' lang='lat' dir='ltr'><strong>vero</strong></span> <span class='ocrx_word' id='word_1_445' title='bbox 2414 4050 2518 4099; x_wconf 87' lang='lat' dir='ltr'><strong>bel·</strong></span> 
     </span>
     <span class='ocr_line' id='line_1_67' title="bbox 1448 4127 2513 4192; baseline -0.006 -11"><span class='ocrx_word' id='word_1_446' title='bbox 1448 4134 1511 4181; x_wconf 88' lang='lat' dir='ltr'><strong>lis</strong></span> <span class='ocrx_word' id='word_1_447' title='bbox 1535 4130 1755 4192; x_wconf 88' lang='lat' dir='ltr'><strong>Vitellii,</strong></span> <span class='ocrx_word' id='word_1_448' title='bbox 1791 4136 1847 4179; x_wconf 89' lang='lat' dir='ltr'><strong>et</strong></span> <span class='ocrx_word' id='word_1_449' title='bbox 1884 4128 2106 4179; x_wconf 88' lang='lat' dir='ltr'><strong>Othonis</strong></span> <span class='ocrx_word' id='word_1_450' title='bbox 2132 4129 2343 4177; x_wconf 87' lang='lat' dir='ltr'><strong>tertium</strong></span> <span class='ocrx_word' id='word_1_451' title='bbox 2369 4127 2513 4176; x_wconf 87' lang='lat' dir='ltr'><strong>addi-</strong></span> 
     </span>
     <span class='ocr_line' id='line_1_68' title="bbox 1451 4207 2515 4276; baseline -0.008 -14"><span class='ocrx_word' id='word_1_452' title='bbox 1451 4219 1553 4276; x_wconf 88' lang='lat' dir='ltr'><strong>tos,</strong></span> <span class='ocrx_word' id='word_1_453' title='bbox 1583 4210 1737 4275; x_wconf 89' lang='lat' dir='ltr'><strong>idque</strong></span> <span class='ocrx_word' id='word_1_454' title='bbox 1771 4208 2082 4272; x_wconf 85' lang='lat' dir='ltr'><strong>argumentis</strong></span> <span class='ocrx_word' id='word_1_455' title='bbox 2107 4207 2515 4258; x_wconf 82' lang='lat' dir='ltr'><strong>verosimillimis·</strong></span> 
     </span>
    </p>
   </div>
  </div>
 </body>
</html>
