3019 4922
1208 426 1606 477 ocuvms.
2385 418 2517 485 379

325 570 509 637 solus
550 570 771 636 audiit
801 571 1277 656 disceptantes.
1366 572 1463 639 At
1509 579 1769 652 contra,
1818 593 1951 639 non
1979 573 2185 639 modo
2214 575 2282 639 in
2327 595 2521 660 pera-

325 672 604 755 granda⁸
636 674 940 759 AEgypto
994 674 1243 758 paulo⁹
1290 675 1644 742 deflectere
1677 677 1765 742 ad
1795 676 2143 741 visendum
2181 685 2235 716 ¹⁰
2282 678 2472 762 Apin
2497 688 2524 716 ⁸

327 777 748 859 supersedit3
794 776 915 866 sed
966 786 1033 843 et
1060 776 1297 843 Caium
1321 786 1667 862 nepotem,
1698 778 1881 863 quod
1909 777 2221 843 Iudaeam
2250 786 2522 863 praeter-

329 877 579 943 vehens
609 879 791 962 apud
824 879 1367 964 Hierosolymam
1392 888 1410 918 ¹
1461 900 1597 945 non
1629 879 2134 966 supplicasset,¹’
2179 883 2522 949 collauda-

328 976 445 1044 vit.
533 979 695 1063 [94]
739 981 829 1047 Et
848 983 1165 1067 quoniam
1195 982 1281 1048 ad
1309 983 1498 1048 baec²
1545 988 1811 1048 ventum
1837 991 1969 1062 est,
1998 1003 2135 1050 non
2164 986 2253 1050 ab
2283 1006 2353 1051 re
2379 986 2524 1052 fue-

327 1083 414 1148 rit
458 1085 840 1165 subtexere,
898 1105 1053 1170 quae
1116 1086 1181 1152 ei
1237 1087 1447 1170 prim,
1503 1107 1709 1172 quam
1769 1095 2177 1167 nasceretur,
2238 1095 2306 1152 et
2364 1090 2521 1173 ipso

329 1186 541 1251 natali
572 1186 703 1265 die,
725 1208 807 1253 ac
834 1188 1159 1273 deinceps
1180 1193 1571 1271 evenerint,³
1605 1192 1859 1276 quibus
1887 1191 2110 1256 futura
2133 1192 2522 1275 magnitudo

331 1287 479 1371 ejus
525 1296 596 1354 et
639 1296 960 1375 perpetua
1004 1292 1297 1359 felicitas
1343 1295 1600 1379 sperari
1645 1293 2221 1377 animadvertique
2260 1302 2522 1378 posset.

284 1434 293 1443 ·
334 1389 654 1457 Velitris<²
683 1395 1049 1478 antiquitus
1088 1404 1275 1462 tacta
1316 1395 1403 1461 de
1451 1397 1634 1462 coelo
1680 1402 1868 1481 parte
1898 1396 2094 1475 muri,
2126 1416 2522 1480 responsum

1251 1596 1337 1617 O‘O
1343 1595 1609 1617 mO‘OOOO

334 1739 543 1789 firmant
578 1739 774 1791 Medic.
798 1744 847 1790 3.
871 1747 926 1791 et
948 1742 1163 1791 Memm.
1216 1743 1344 1792 Mox
1377 1743 1503 1793 adiit
1531 1743 1650 1794 dise.
1676 1743 1804 1794 Ven.
1825 1746 1874 1795 2.
1896 1748 2044 1794 3.--8
2082 1744 2357 1806 Pei-agenda
2380 1745 2535 1796 Corte

335 1804 433 1856 Ed.
458 1804 739 1869 θυαμ-9
771 1807 1058 1857 Revocavit
1090 1808 1223 1858 banc
1256 1809 1378 1858 lect.
1401 1807 1541 1858 Oud.
1566 1824 1680 1873 quae
1717 1817 1799 1859 est
1830 1808 2054 1859 omnium
2081 1809 2208 1859 Mss.
2234 1811 2383 1859 unico
2404 1809 2527 1861 Urs.

335 1877 577 1946 excepto,
600 1878 656 1919 et
679 1870 827 1947 ,Edm
860 1872 1168 1923 casaubono
1191 1873 1441 1937 priorum,
1476 1874 1680 1938 recepit
1698 1881 1755 1924 et
1790 1875 2007 1938 Baumg.
2045 1873 2151 1924 Alii
2182 1875 2527 1937 ,καὶαπ-10

343 1935 607 1985 Videndum
627 1935 785 1987 Vind.
807 1942 849 1986 1.
881 1939 1120 1989 visendam
1137 1939 1236 1989 Ed.
1260 1939 1437 1989 Graev.
1462 1953 1733 2003 operarum
1767 1941 1939 2002 culpa.
2002 1939 2161 2002 Apriu
2190 1940 2348 1989 etiam
2373 1940 2528 1990 Vind.

335 2003 477 2050 2.-1
519 2002 695 2051 Burm.
726 2010 780 2051 et
820 2001 961 2054 Oud.
997 2002 1286 2067 praeferunt
1309 2004 1656 2069 Hierosolyma.
1723 2005 1786 2054 Iu
1809 2005 2006 2055 Medic.
2042 2010 2088 2055 1.
2111 2004 2263 2054 Voss.
2302 2005 2530 2069 ierusoly-

336 2078 479 2143 mom:
540 2067 784 2144 peterum
825 2082 883 2117 ne
913 2085 1050 2134 supp.
1088 2070 1219 2119 liber
1250 2071 1495 2120 'Pom—2
1533 2071 1668 2120 Edd.
1707 2070 1883 2134 vnlgg.
1919 2070 2071 2120 etiam
2108 2070 2287 2120 Burm.
2329 2071 2392 2118 ad
2428 2069 2529 2119 Ιιοσ.

339 2131 587 2181 Restituit
622 2132 760 2183 Oud.
825 2134 933 2184 Pro
954 2140 1001 2184 et
1024 2135 1168 2185 Cort.
1192 2142 1249 2184 et
1275 2135 1369 2184 Ed.
1393 2136 1577 2200 Camp.
1599 2143 1667 2186 at.
1703 2137 1935 2186 Harlem.
1970 2141 2046 2198 ut,
2068 2136 2155 2201 qui
2192 2151 2310 2185 mox
2332 2138 2390 2184 de
2409 2135 2531 2197 ipso.

337 2200 434 2246 -8
467 2197 744 2247 Evenertmt
764 2198 922 2248 Vind.
947 2203 992 2249 1.
1027 2201 1156 2250 Tum
1172 2200 1394 2266 fidelitas
1428 2201 1522 2251 dat
1548 2202 1701 2252 Huls.
1741 2216 1837 2267 pro
1858 2201 1998 2262 felic,
2028 2207 2084 2251 et
2106 2202 2301 2253 omittit
2320 2201 2532 2250 muri.—

1327 2365 1541 2417 NOTAE

339 2456 567 2509 masiano
591 2458 771 2524 legunt
791 2459 1000 2511 consilio.
1061 2460 1141 2513 Ut
1175 2460 1240 2513 de
1275 2476 1395 2513 con·
1472 2465 1898 2527 pronuntiatione
1922 2469 2110 2529 postea
2145 2464 2357 2528 Serapis
2387 2461 2534 2513 dixe-

344 2535 548 2585 siliariis
590 2538 928 2589 assessoribus
972 2539 1315 2605 intelligatur,
1337 2546 1397 2590 ut

342 2619 396 2661 et
415 2612 595 2662 Tiber.
619 2627 667 2663 e.
693 2618 771 2666 18.

377 2697 429 2752 ,8
461 2690 617 2754 Apin]
682 2692 763 2741 De
801 2707 864 2743 eo
901 2692 1102 2743 Plinius
1135 2692 1223 2743 lib.
1271 2707 1399 2743 vm.

344 2782 459 2831 cap.
497 2770 580 2816 46.
647 2766 839 2818 ‘Bosin
895 2768 1123 2833 AEgypto
1175 2770 1397 2820 numinis

344 2845 456 2894 vice
479 2846 685 2910 colitur,
701 2845 840 2910 Apin
867 2855 1088 2909 vocant;
1124 2847 1323 2913 insigne
1348 2848 1399 2899 ei

342 2923 394 2971 in
432 2922 622 2973 dextro
657 2924 822 2974 latere
860 2925 1140 2975 candicans
1179 2927 1397 2989 macula,

346 3001 587 3051 cornibus
625 3003 760 3053 lnnae
799 3009 1035 3054 crescere
1085 3005 1397 3069 incipientis,

348 3078 516 3129 nodus
549 3082 643 3129 sub
687 3081 867 3144 lingua
904 3091 1053 3147 quem
1094 3082 1399 3134 cantharum

346 3157 641 3222 appellant,
664 3160 763 3207 ὅτε.
788 3166 908 3208 sunt
932 3158 1149 3210 delubra
1171 3160 1218 3209 ei
1243 3161 1403 3224 gemi-

346 3250 433 3297 na,
477 3249 594 3298 quae
636 3242 826 3285 vocant
869 3236 1135 3298 thalamos,
1190 3238 1405 3301 auguria

348 3310 693 3376 populorum,'
715 3316 815 3363 &c.
871 3314 956 3363 De
979 3315 1074 3364 lioc
1090 3322 1144 3363 et
1168 3314 1403 3365 Herodo-

352 3400 435 3441 tus
478 3391 569 3440 lib.
599 3405 664 3440 11.
682 3399 738 3440 et
768 3390 973 3440 Solinus
999 3385 1317 3454 Polybistor.
1351 3399 1405 3439 et

349 3467 647 3518 Macrobius
669 3469 762 3518 lib.
782 3482 821 3519 1.
845 3483 891 3518 c.
914 3472 998 3518 21.
1018 3471 1120 3518 &c.
1167 3467 1406 3531 Serapidi

351 3552 712 3597 consecratum
733 3542 887 3595 fuisse
909 3552 1092 3596 auctor
1124 3551 1209 3594 est
1245 3545 1408 3594 Euse-

350 3624 466 3675 bius
488 3624 577 3673 lib.
603 3636 727 3672 vm.
750 3621 1147 3686 praeparationis
1175 3622 1410 3686 Evange-

355 3704 493 3762 licae‚
545 3708 602 3749 et
643 3701 717 3750 D.
753 3697 1075 3762 Augustinus
1113 3696 1203 3749 lib.
1242 3710 1409 3747 xvffl.

360 3780 428 3827 de
452 3777 681 3829 Civitate
705 3776 842 3837 Dei3
864 3789 981 3826 cum
1004 3774 1139 3825 enim
1166 3774 1295 3839 Apis
1318 3789 1412 3823 rex

353 3855 687 3919 Argivorum,
739 3851 956 3902 navibus
1015 3852 1068 3901 in
1132 3851 1411 3916 AEgyptum

355 3938 681 3982 transvectus
704 3937 864 3993 esset,
889 3928 938 3978 ei
970 3936 1174 3978 mortuo
1213 3928 1414 3978 divinos

350 4011 577 4060 honores
597 4007 884 4056 babuerunt
922 4005 1175 4069 AEgyptii‚
1212 4020 1273 4055 ac
1307 4020 1409 4055 vox

358 4086 569 4150 Serapis
626 4083 747 4134 iude
792 4082 934 4132 facta
975 4088 1073 4146 est,
1126 4081 1246 4146 quia
1301 4082 1412 4146 ejus

353 4165 425 4215 ab
451 4163 603 4214 initio
638 4159 980 4213 conditorium
1016 4158 1411 4216 venerabantur,

357 4239 498 4305 qnod
531 4238 721 4289 Graece
747 4234 913 4300 σορὸς,
951 4250 1015 4284 ex
1049 4249 1151 4300 qua
1191 4234 1411 4298 primum

353 4320 514 4368 Soros
558 4315 693 4380 apis,
732 4328 795 4364 ac
829 4312 1025 4364 sensim
1058 4311 1413 4377 degenerante

1476 2545 1615 2590 runt.

1540 2615 1565 2650 δ
1601 2617 1714 2665 Non
1741 2615 2068 2680 supplicasset]
2103 2615 2332 2665 Maxime
2354 2613 2535 2663 immu-

1477 2698 1640 2742 tatam
1663 2693 1897 2756 oportuit
1915 2693 2139 2758 iniquam
2161 2693 2294 2742 hanc
2313 2690 2537 2755 Augusti

1478 2770 1726 2819 adversus
1756 2770 2064 2822 Judaeorum
2115 2783 2264 2819 sacra
2302 2768 2536 2818 volunta-

1479 2854 1620 2897 tem:
1655 2848 1878 2912 plurima
1899 2848 2094 2913 quippe
2130 2847 2233 2895 illis
2269 2844 2537 2909 impertita

1480 2926 1548 2976 ab
1570 2940 1632 2976 eo
1671 2925 1942 2989 privilegia
1979 2931 2188 2975 constat
2219 2937 2284 2971 ex
2316 2921 2537 2985 Josepb.

1480 3002 1571 3053 lib.
1608 3015 1722 3051 xvi.
1757 3000 2142 3066 Antiquitatum
2202 2996 2539 3051 Judaicarum

1481 3095 1529 3128 c.
1555 3084 1633 3130 10.
1658 3087 1713 3128 et
1748 3079 1814 3129 ab
1847 3078 1961 3128 aliis
2002 3078 2159 3128 etiam
2196 3074 2457 3129 Romanis,
2479 3079 2541 3122 ut

1483 3172 1548 3205 ex
1573 3155 1804 3221 ejusdem
1828 3156 1917 3206 lib.
1940 3169 2060 3205 xxv.
2085 3170 2130 3205 c.
2149 3158 2229 3213 17,
2251 3159 2307 3202 et
2327 3156 2412 3203 22.
2447 3150 2541 3201 sed

1485 3235 1623 3299 quod
1647 3234 1868 3283 maxime
1891 3233 2011 3282 huic
2043 3231 2279 3282 Suetonii
2303 3231 2420 3280 loco
2451 3225 2542 3278 ad·

1487 3318 1742 3367 versetur,
1760 3325 1827 3359 ex
1851 3310 2068 3358 Philone
2092 3308 2178 3357 lib.
2197 3307 2263 3356 de
2285 3305 2544 3369 legatione

1485 3387 1550 3436 ad
1594 3386 1883 3449 Caligulam
1918 3399 1967 3435 c.
2009 3389 2060 3434 9.
2117 3382 2384 3447 Augustus
2432 3381 2543 3444 ipse

1486 3470 1657 3513 certos
1695 3464 1761 3512 de
1793 3476 1887 3512 suo
1927 3460 2124 3511 reditus
2157 3456 2450 3519 constituit,
2484 3461 2546 3505 ut

1485 3541 1790 3595 Judaeorum
1814 3540 1917 3589 ritu
1941 3538 2153 3600 singulis
2179 3534 2360 3585 diebus
2385 3534 2548 3583 sacri·-

1489 3616 1608 3668 ticia
1650 3607 1836 3667 fierent
1860 3616 1982 3665 Deo
2007 3625 2286 3673 surnnmo,
2319 3612 2545 3661 ΥΨΙΣΤΩ

1485 3701 1640 3758 8ΕΩς
1696 3709 1797 3759 quo
1851 3694 2009 3743 etiam
2054 3691 2205 3741 modo
2241 3688 2548 3741 ,ludaeorum

1486 3774 1641 3824 deum
1677 3772 1906 3835 appellat
1932 3771 1982 3820 in
2013 3767 2319 3836 quibusdam
2342 3765 2548 3818 edictis.

1486 3852 1643 3904 Unde
1662 3851 1994 3902 Casaubonus
2013 3849 2278 3899 existimat
2296 3848 2549 3911 seriptum

1491 3932 1545 3981 id
1571 3931 1648 3980 vel
1672 3929 1868 3979 dictum
1891 3927 1955 3977 ab
1978 3927 2214 3989 Augusto
2235 3932 2418 3974 contra
2440 3925 2550 3975 ani·

1489 4007 1561 4056 mi
1593 4005 1922 4062 sententiam,
1946 4017 2012 4053 ne
2052 4002 2356 4055 Judaeorum
2390 4008 2547 4053 sectoe

1489 4085 1729 4136 addictus
1753 4084 1858 4132 ullo
1882 4081 2034 4131 modo
2058 4080 2340 4130 videretur.

1555 4168 1577 4196 θ
1619 4158 1842 4222 Velitris]
1878 4156 2013 4207 Vide
2031 4157 2098 4206 ad
2118 4162 2294 4221 cap.1.
2321 4159 2418 4207 &a
2449 4160 2549 4205 tac·

1493 4244 1545 4288 ta
1585 4240 1646 4288 de
1690 4239 1801 4287 eoelo
1840 4239 1981 4300 parte
2022 4233 2172 4298 mim]
2221 4233 2419 4283 Seneca
2455 4231 2549 4282 lib.

1490 4329 1558 4368 ιι.
1583 4313 1913 4367 Naturalium
1945 4312 2149 4366 Quaest.
2184 4324 2233 4361 c.
2256 4314 2339 4361 49.
2371 4307 2438 4358 de
2460 4320 2549 4358 va-
