<?xml version="1.0" encoding="UTF-8"?>
<!DOCTYPE html PUBLIC "-//W3C//DTD XHTML 1.0 Transitional//EN"
    "http://www.w3.org/TR/xhtml1/DTD/xhtml1-transitional.dtd">
<html xmlns="http://www.w3.org/1999/xhtml" xml:lang="en" lang="en">
 <head>
  <title>
</title>
<meta http-equiv="Content-Type" content="text/html;charset=utf-8" />
  <meta name='ocr-system' content='tesseract 3.04.00' />
  <meta name='ocr-capabilities' content='ocr_page ocr_carea ocr_par ocr_line ocrx_word'/>
</head>
<body>
  <div class='ocr_page' id='page_1' title='image "./operaomniaexedi04suetgoog_0173.png"; bbox 0 0 3019 4922; ppageno 0'>
   <div class='ocr_carea' id='block_1_1' title="bbox 1241 432 2485 494">
    <p class='ocr_par' dir='ltr' id='par_1_1' title="bbox 1241 432 2485 494">
     <span class='ocr_line' id='line_1_1' title="bbox 1241 432 2485 494; baseline 0.007 -9"><span class='ocrx_word' id='word_1_1' title='bbox 1241 439 1536 488; x_wconf 67' lang='lat' dir='ltr'><strong>sumus.</strong></span> <span class='ocrx_word' id='word_1_2' title='bbox 2354 432 2485 494; x_wconf 86' lang='lat'><strong>163</strong></span> 
     </span>
    </p>
   </div>
   <div class='ocr_carea' id='block_1_2' title="bbox 301 580 2482 873">
    <p class='ocr_par' dir='ltr' id='par_1_2' title="bbox 301 580 2482 873">
     <span class='ocr_line' id='line_1_2' title="bbox 303 580 2482 670; baseline 0.004 -23"><span class='ocrx_word' id='word_1_3' title='bbox 303 580 832 667; x_wconf 78' lang='lat' dir='ltr'><strong>pertinacissime</strong></span> <span class='ocrx_word' id='word_1_4' title='bbox 888 582 1135 667; x_wconf 81' lang='lat' dir='ltr'><strong>pabulo</strong></span> <span class='ocrx_word' id='word_1_5' title='bbox 1194 582 1571 663; x_wconf 60' lang='lat' dir='ltr'><strong>abstinere:³</strong></span> <span class='ocrx_word' id='word_1_6' title='bbox 1631 585 2037 670; x_wconf 79' lang='lat' dir='ltr'>ubertimque</span> <span class='ocrx_word' id='word_1_7' title='bbox 2096 587 2302 653; x_wconf 86' lang='lat' dir='ltr'><strong>flere.‘¹</strong></span> <span class='ocrx_word' id='word_1_8' title='bbox 2392 591 2482 655; x_wconf 84' lang='lat' dir='ltr'><strong>Et</strong></span> 
     </span>
     <span class='ocr_line' id='line_1_3' title="bbox 302 684 2481 775; baseline 0.003 -24"><span class='ocrx_word' id='word_1_9' title='bbox 302 687 752 751; x_wconf 79' lang='lat' dir='ltr'><strong>immolantem</strong></span> <span class='ocrx_word' id='word_1_10' title='bbox 798 684 1132 767; x_wconf 82' lang='lat' dir='ltr'><strong>haruspex</strong></span> <span class='ocrx_word' id='word_1_11' title='bbox 1174 685 1553 768; x_wconf 87' lang='lat' dir='ltr'><strong>Spurinna⁹</strong></span> <span class='ocrx_word' id='word_1_12' title='bbox 1601 689 1870 766; x_wconf 91' lang='lat' dir='ltr'><strong>monuit,</strong></span> <span class='ocrx_word' id='word_1_13' title='bbox 1921 697 2182 754; x_wconf 84' lang='lat' dir='ltr'><strong>caveret</strong></span> <span class='ocrx_word' id='word_1_14' title='bbox 2225 693 2481 775; x_wconf 86' lang='lat' dir='ltr'><strong>pericu-</strong></span> 
     </span>
     <span class='ocr_line' id='line_1_4' title="bbox 301 787 2476 873; baseline 0.003 -20"><span class='ocrx_word' id='word_1_15' title='bbox 301 791 455 867; x_wconf 88' lang='lat' dir='ltr'><strong>lum,</strong></span> <span class='ocrx_word' id='word_1_16' title='bbox 514 787 697 871; x_wconf 87' lang='lat' dir='ltr'><strong>quod</strong></span> <span class='ocrx_word' id='word_1_17' title='bbox 748 806 882 852; x_wconf 90' lang='lat' dir='ltr'><strong>non</strong></span> <span class='ocrx_word' id='word_1_18' title='bbox 928 788 1103 852; x_wconf 85' lang='lat' dir='ltr'><strong>ultra</strong></span> <span class='ocrx_word' id='word_1_19' title='bbox 1151 787 1437 852; x_wconf 83' lang='lat' dir='ltr'><strong>Martias</strong></span> <span class='ocrx_word' id='word_1_20' title='bbox 1484 787 1688 853; x_wconf 73' lang='lat' dir='ltr'><strong>Idus0</strong></span> <span class='ocrx_word' id='word_1_21' title='bbox 1743 790 2160 873; x_wconf 86' lang='lat' dir='ltr'><strong>proferretur.</strong></span> <span class='ocrx_word' id='word_1_22' title='bbox 2248 793 2476 859; x_wconf 86' lang='lat' dir='ltr'><strong>Pridie</strong></span> 
     </span>
    </p>
   </div>
   <div class='ocr_carea' id='block_1_3' title="bbox 211 888 2482 972">
    <p class='ocr_par' dir='ltr' id='par_1_3' title="bbox 211 888 2482 972">
     <span class='ocr_line' id='line_1_5' title="bbox 211 888 2482 972; baseline 0.002 -16"><span class='ocrx_word' id='word_1_23' title='bbox 211 893 216 898; x_wconf 72' lang='grc'><em>’</em></span> <span class='ocrx_word' id='word_1_24' title='bbox 301 898 517 957; x_wconf 83' lang='lat' dir='ltr'><strong>autem</strong></span> <span class='ocrx_word' id='word_1_25' title='bbox 550 890 818 955; x_wconf 88' lang='lat' dir='ltr'><strong>easdem</strong></span> <span class='ocrx_word' id='word_1_26' title='bbox 849 890 1012 956; x_wconf 90' lang='lat' dir='ltr'><strong>ldus</strong></span> <span class='ocrx_word' id='word_1_27' title='bbox 1044 910 1233 955; x_wconf 86' lang='lat' dir='ltr'><strong>avem</strong></span> <span class='ocrx_word' id='word_1_28' title='bbox 1266 888 1696 972; x_wconf 78' lang='lat' dir='ltr'><strong>regaliolum,f</strong></span> <span class='ocrx_word' id='word_1_29' title='bbox 1720 912 1872 956; x_wconf 88' lang='lat' dir='ltr'><strong>cum</strong></span> <span class='ocrx_word' id='word_1_30' title='bbox 1900 894 2121 958; x_wconf 85' lang='lat' dir='ltr'><strong>laureo</strong></span> <span class='ocrx_word' id='word_1_31' title='bbox 2151 896 2406 961; x_wconf 83' lang='lat' dir='ltr'><strong>ramulo</strong></span> <span class='ocrx_word' id='word_1_32' title='bbox 2429 905 2482 943; x_wconf 75' lang='lat'><strong>¹⁹</strong></span> 
     </span>
    </p>
   </div>
   <div class='ocr_carea' id='block_1_4' title="bbox 299 992 2482 1486">
    <p class='ocr_par' dir='ltr' id='par_1_4' title="bbox 299 992 2482 1486">
     <span class='ocr_line' id='line_1_6' title="bbox 299 992 2479 1078; baseline 0.001 -18"><span class='ocrx_word' id='word_1_33' title='bbox 299 995 733 1077; x_wconf 77' lang='lat' dir='ltr'><strong>Pompeianae</strong></span> <span class='ocrx_word' id='word_1_34' title='bbox 766 992 985 1057; x_wconf 84' lang='lat' dir='ltr'><strong>Curiae</strong></span> <span class='ocrx_word' id='word_1_35' title='bbox 1030 1014 1101 1058; x_wconf 82' lang='lat' dir='ltr'><strong>se</strong></span> <span class='ocrx_word' id='word_1_36' title='bbox 1131 993 1540 1071; x_wconf 83' lang='lat' dir='ltr'><strong>inferentem,</strong></span> <span class='ocrx_word' id='word_1_37' title='bbox 1572 996 1872 1060; x_wconf 91' lang='lat' dir='ltr'><strong>volucres</strong></span> <span class='ocrx_word' id='word_1_38' title='bbox 1898 997 2059 1077; x_wconf 76' lang='lat' dir='ltr'><strong>varii</strong></span> <span class='ocrx_word' id='word_1_39' title='bbox 2109 999 2365 1078; x_wconf 86' lang='lat' dir='ltr'><strong>generis</strong></span> <span class='ocrx_word' id='word_1_40' title='bbox 2394 1018 2479 1062; x_wconf 86' lang='lat' dir='ltr'><strong>ex</strong></span> 
     </span>
     <span class='ocr_line' id='line_1_7' title="bbox 302 1094 2480 1181; baseline 0 -19"><span class='ocrx_word' id='word_1_41' title='bbox 302 1099 617 1181; x_wconf 85' lang='lat' dir='ltr'><strong>proximo</strong></span> <span class='ocrx_word' id='word_1_42' title='bbox 646 1117 909 1162; x_wconf 90' lang='lat' dir='ltr'><strong>nemore</strong></span> <span class='ocrx_word' id='word_1_43' title='bbox 941 1101 1309 1179; x_wconf 78' lang='lat' dir='ltr'><strong>persecutae</strong></span> <span class='ocrx_word' id='word_1_44' title='bbox 1338 1094 1587 1160; x_wconf 83' lang='lat' dir='ltr'><strong>ibidem</strong></span> <span class='ocrx_word' id='word_1_45' title='bbox 1618 1097 2115 1181; x_wconf 82' lang='lat' dir='ltr'><strong>discerpserunt.</strong></span> <span class='ocrx_word' id='word_1_46' title='bbox 2190 1099 2291 1162; x_wconf 86' lang='lat' dir='ltr'><strong>Ea</strong></span> <span class='ocrx_word' id='word_1_47' title='bbox 2323 1120 2480 1164; x_wconf 90' lang='lat' dir='ltr'><strong>vero</strong></span> 
     </span>
     <span class='ocr_line' id='line_1_8' title="bbox 300 1199 2482 1284; baseline 0 -20"><span class='ocrx_word' id='word_1_48' title='bbox 300 1208 525 1277; x_wconf 87' lang='lat' dir='ltr'><strong>nocte,</strong></span> <span class='ocrx_word' id='word_1_49' title='bbox 585 1201 697 1265; x_wconf 90' lang='lat' dir='ltr'><strong>cui</strong></span> <span class='ocrx_word' id='word_1_50' title='bbox 743 1201 962 1265; x_wconf 84' lang='lat' dir='ltr'><strong>illuxit</strong></span> <span class='ocrx_word' id='word_1_51' title='bbox 1016 1199 1162 1264; x_wconf 91' lang='lat' dir='ltr'><strong>dies</strong></span> <span class='ocrx_word' id='word_1_52' title='bbox 1208 1199 1439 1275; x_wconf 83' lang='lat' dir='ltr'><strong>caedis,</strong></span> <span class='ocrx_word' id='word_1_53' title='bbox 1483 1206 1555 1263; x_wconf 87' lang='lat' dir='ltr'><strong>et</strong></span> <span class='ocrx_word' id='word_1_54' title='bbox 1599 1200 1767 1283; x_wconf 69' lang='lat' dir='ltr'><strong>ipse·</strong></span> <span class='ocrx_word' id='word_1_55' title='bbox 1803 1199 1930 1264; x_wconf 86' lang='lat' dir='ltr'><strong>sibi</strong></span> <span class='ocrx_word' id='word_1_56' title='bbox 1982 1201 2166 1265; x_wconf 87' lang='lat' dir='ltr'><strong>visus</strong></span> <span class='ocrx_word' id='word_1_57' title='bbox 2219 1208 2320 1265; x_wconf 93' lang='lat' dir='ltr'><strong>est</strong></span> <span class='ocrx_word' id='word_1_58' title='bbox 2363 1222 2482 1284; x_wconf 87' lang='lat' dir='ltr'><strong>per</strong></span> 
     </span>
     <span class='ocr_line' id='line_1_9' title="bbox 301 1300 2476 1385; baseline 0 -19"><span class='ocrx_word' id='word_1_59' title='bbox 301 1304 593 1385; x_wconf 89' lang='lat' dir='ltr'><strong>quietem</strong></span> <span class='ocrx_word' id='word_1_60' title='bbox 621 1310 639 1339; x_wconf 86' lang='lat'><em>¹</em></span> <span class='ocrx_word' id='word_1_61' title='bbox 688 1300 1001 1366; x_wconf 86' lang='lat' dir='ltr'><strong>interdum</strong></span> <span class='ocrx_word' id='word_1_62' title='bbox 1047 1320 1256 1383; x_wconf 84' lang='lat' dir='ltr'><strong>supra</strong></span> <span class='ocrx_word' id='word_1_63' title='bbox 1299 1302 1508 1364; x_wconf 90' lang='lat' dir='ltr'><strong>nubes</strong></span> <span class='ocrx_word' id='word_1_64' title='bbox 1540 1302 1845 1379; x_wconf 78' lang='lat' dir='ltr'><strong>volitare,</strong></span> <span class='ocrx_word' id='word_1_65' title='bbox 1892 1302 2060 1366; x_wconf 86' lang='lat' dir='ltr'><strong>alias</strong></span> <span class='ocrx_word' id='word_1_66' title='bbox 2108 1323 2253 1367; x_wconf 91' lang='lat' dir='ltr'><strong>cum</strong></span> <span class='ocrx_word' id='word_1_67' title='bbox 2301 1302 2476 1367; x_wconf 87' lang='lat' dir='ltr'><strong>Jove</strong></span> 
     </span>
     <span class='ocr_line' id='line_1_10' title="bbox 302 1401 2478 1486; baseline 0.001 -18"><span class='ocrx_word' id='word_1_68' title='bbox 302 1405 598 1468; x_wconf 84' lang='lat' dir='ltr'><strong>dextram</strong></span> <span class='ocrx_word' id='word_1_69' title='bbox 621 1404 897 1486; x_wconf 83' lang='lat' dir='ltr'><strong>jungere</strong></span> <span class='ocrx_word' id='word_1_70' title='bbox 918 1423 937 1483; x_wconf 84' lang='lat'><em>3</em></span> <span class='ocrx_word' id='word_1_71' title='bbox 956 1408 979 1436; x_wconf 80' lang='lat'>²</span> <span class='ocrx_word' id='word_1_72' title='bbox 1008 1411 1077 1466; x_wconf 88' lang='lat' dir='ltr'><strong>et</strong></span> <span class='ocrx_word' id='word_1_73' title='bbox 1104 1401 1466 1485; x_wconf 84' lang='lat' dir='ltr'><strong>Calpurnia</strong></span> <span class='ocrx_word' id='word_1_74' title='bbox 1485 1410 1503 1447; x_wconf 84' lang='lat'><em>³</em></span> <span class='ocrx_word' id='word_1_75' title='bbox 1530 1410 1555 1448; x_wconf 73' lang='lat'>⁸</span> <span class='ocrx_word' id='word_1_76' title='bbox 1587 1423 1755 1467; x_wconf 86' lang='lat' dir='ltr'><strong>uxor</strong></span> <span class='ocrx_word' id='word_1_77' title='bbox 1784 1404 2149 1485; x_wconf 83' lang='lat' dir='ltr'><strong>imaginata</strong></span> <span class='ocrx_word' id='word_1_78' title='bbox 2181 1413 2307 1482; x_wconf 90' lang='lat' dir='ltr'><strong>est,</strong></span> <span class='ocrx_word' id='word_1_79' title='bbox 2340 1406 2478 1473; x_wconf 74' lang='lat' dir='ltr'><strong>col.-</strong></span> 
     </span>
    </p>
   </div>
   <div class='ocr_carea' id='block_1_5' title="bbox 1209 1598 1573 1620">
    <p class='ocr_par' dir='ltr' id='par_1_5' title="bbox 1209 1598 1573 1620">
     <span class='ocr_line' id='line_1_11' title="bbox 1209 1598 1573 1620; baseline 0.008 -3"><span class='ocrx_word' id='word_1_80' title='bbox 1209 1598 1573 1620; x_wconf 48' lang='lat' dir='ltr'><strong>‘HOMO‘</strong></span> 
     </span>
    </p>
   </div>
   <div class='ocr_carea' id='block_1_6' title="bbox 301 1732 2480 2057">
    <p class='ocr_par' dir='ltr' id='par_1_6' title="bbox 301 1732 2480 2057">
     <span class='ocr_line' id='line_1_12' title="bbox 301 1732 2480 1798; baseline -0.002 -15"><span class='ocrx_word' id='word_1_81' title='bbox 301 1734 711 1784; x_wconf 80' lang='lat' dir='ltr'><strong>Plant.Bas.-—9</strong></span> <span class='ocrx_word' id='word_1_82' title='bbox 742 1732 936 1783; x_wconf 81' lang='lat' dir='ltr'><strong>Medic.</strong></span> <span class='ocrx_word' id='word_1_83' title='bbox 957 1735 1007 1782; x_wconf 99' lang='grc'><strong>2.</strong></span> <span class='ocrx_word' id='word_1_84' title='bbox 1030 1732 1262 1783; x_wconf 89' lang='lat' dir='ltr'><strong>Harlem.</strong></span> <span class='ocrx_word' id='word_1_85' title='bbox 1296 1741 1352 1784; x_wconf 87' lang='lat' dir='ltr'><strong>et</strong></span> <span class='ocrx_word' id='word_1_86' title='bbox 1385 1734 1518 1785; x_wconf 87' lang='lat' dir='ltr'><strong>Edd.</strong></span> <span class='ocrx_word' id='word_1_87' title='bbox 1550 1736 1694 1786; x_wconf 87' lang='lat' dir='ltr'><strong>Vett.</strong></span> <span class='ocrx_word' id='word_1_88' title='bbox 1728 1736 1900 1798; x_wconf 84' lang='lat' dir='ltr'><strong>plures</strong></span> <span class='ocrx_word' id='word_1_89' title='bbox 1923 1734 2004 1783; x_wconf 89' lang='lat' dir='ltr'><strong>hic</strong></span> <span class='ocrx_word' id='word_1_90' title='bbox 2026 1740 2081 1783; x_wconf 87' lang='lat' dir='ltr'><strong>et</strong></span> <span class='ocrx_word' id='word_1_91' title='bbox 2113 1748 2228 1781; x_wconf 81' lang='lat' dir='ltr'><strong>mox</strong></span> <span class='ocrx_word' id='word_1_92' title='bbox 2254 1732 2480 1795; x_wconf 68' lang='lat' dir='ltr'><strong>Spurinu-</strong></span> 
     </span>
     <span class='ocr_line' id='line_1_13' title="bbox 302 1797 2479 1865; baseline -0.001 -17"><span class='ocrx_word' id='word_1_93' title='bbox 302 1800 439 1849; x_wconf 87' lang='lat' dir='ltr'><strong>Dein</strong></span> <span class='ocrx_word' id='word_1_94' title='bbox 480 1800 678 1865; x_wconf 72' lang='lat' dir='ltr'><strong>ignorat</strong></span> <span class='ocrx_word' id='word_1_95' title='bbox 716 1797 894 1847; x_wconf 71' lang='lat' dir='ltr'><strong>monuit</strong></span> <span class='ocrx_word' id='word_1_96' title='bbox 928 1798 1086 1847; x_wconf 86' lang='lat' dir='ltr'><strong>Fouc.</strong></span> <span class='ocrx_word' id='word_1_97' title='bbox 1122 1804 1177 1847; x_wconf 83' lang='lat' dir='ltr'><strong>et</strong></span> <span class='ocrx_word' id='word_1_98' title='bbox 1211 1799 1402 1849; x_wconf 85' lang='lat' dir='ltr'><strong>habent</strong></span> <span class='ocrx_word' id='word_1_99' title='bbox 1423 1806 1476 1848; x_wconf 75' lang='lat' dir='ltr'><strong>ut</strong></span> <span class='ocrx_word' id='word_1_100' title='bbox 1497 1816 1599 1850; x_wconf 76' lang='lat' dir='ltr'><strong>cuv.</strong></span> <span class='ocrx_word' id='word_1_101' title='bbox 1624 1800 1778 1850; x_wconf 77' lang='lat' dir='ltr'><strong>vind.</strong></span> <span class='ocrx_word' id='word_1_102' title='bbox 1804 1804 1850 1849; x_wconf 91' lang='lat'><strong>1.</strong></span> <span class='ocrx_word' id='word_1_103' title='bbox 1877 1799 2046 1849; x_wconf 78' lang='lat' dir='ltr'><strong>Per-iz.</strong></span> <span class='ocrx_word' id='word_1_104' title='bbox 2079 1798 2307 1847; x_wconf 80' lang='lat' dir='ltr'><strong>Harlem.</strong></span> <span class='ocrx_word' id='word_1_105' title='bbox 2330 1804 2384 1846; x_wconf 90' lang='lat' dir='ltr'><strong>et</strong></span> <span class='ocrx_word' id='word_1_106' title='bbox 2409 1797 2479 1845; x_wconf 93' lang='grc' dir='ltr'><strong>Ο.</strong></span> 
     </span>
     <span class='ocr_line' id='line_1_14' title="bbox 302 1862 2478 1927; baseline -0.002 -14"><span class='ocrx_word' id='word_1_107' title='bbox 302 1866 443 1914; x_wconf 85' lang='lat' dir='ltr'><strong>Vett.</strong></span> <span class='ocrx_word' id='word_1_108' title='bbox 466 1874 656 1926; x_wconf 82' lang='lat' dir='ltr'><strong>praeter</strong></span> <span class='ocrx_word' id='word_1_109' title='bbox 679 1863 797 1912; x_wconf 86' lang='lat' dir='ltr'><strong>Bas.</strong></span> <span class='ocrx_word' id='word_1_110' title='bbox 820 1870 873 1911; x_wconf 88' lang='lat' dir='ltr'><strong>et</strong></span> <span class='ocrx_word' id='word_1_111' title='bbox 896 1868 1173 1927; x_wconf 78' lang='lat' dir='ltr'><strong>seqq.—10</strong></span> <span class='ocrx_word' id='word_1_112' title='bbox 1212 1864 1360 1913; x_wconf 71' lang='lat' dir='ltr'><strong>Romo</strong></span> <span class='ocrx_word' id='word_1_113' title='bbox 1382 1865 1537 1913; x_wconf 78' lang='lat' dir='ltr'><strong>vind.</strong></span> <span class='ocrx_word' id='word_1_114' title='bbox 1562 1870 1610 1915; x_wconf 87' lang='grc'><strong>2.</strong></span> <span class='ocrx_word' id='word_1_115' title='bbox 1633 1866 1776 1914; x_wconf 83' lang='lat' dir='ltr'><strong>Cort.</strong></span> <span class='ocrx_word' id='word_1_116' title='bbox 1819 1866 1945 1913; x_wconf 89' lang='lat' dir='ltr'><strong>Tum</strong></span> <span class='ocrx_word' id='word_1_117' title='bbox 1969 1868 2196 1925; x_wconf 69' lang='lat' dir='ltr'><strong>desc-erpa.</strong></span> <span class='ocrx_word' id='word_1_118' title='bbox 2245 1862 2478 1910; x_wconf 86' lang='lat' dir='ltr'><strong>Harlem.</strong></span> 
     </span>
     <span class='ocr_line' id='line_1_15' title="bbox 302 1927 2479 1993; baseline -0.002 -16"><span class='ocrx_word' id='word_1_119' title='bbox 302 1930 467 1978; x_wconf 67' lang='lat' dir='ltr'><strong>Perit.</strong></span> <span class='ocrx_word' id='word_1_120' title='bbox 489 1931 813 1991; x_wconf 76' lang='lat' dir='ltr'><strong>descepsmnt</strong></span> <span class='ocrx_word' id='word_1_121' title='bbox 842 1927 939 1975; x_wconf 87' lang='lat' dir='ltr'><strong>Ed.</strong></span> <span class='ocrx_word' id='word_1_122' title='bbox 972 1927 1188 1977; x_wconf 88' lang='lat' dir='ltr'><strong>Mediol.</strong></span> <span class='ocrx_word' id='word_1_123' title='bbox 1224 1943 1301 1991; x_wconf 87' lang='lat' dir='ltr'><strong>pr.</strong></span> <span class='ocrx_word' id='word_1_124' title='bbox 1336 1931 1680 1993; x_wconf 61' lang='lat' dir='ltr'><strong>descripserunt</strong></span> <span class='ocrx_word' id='word_1_125' title='bbox 1715 1929 1863 1980; x_wconf 83' lang='lat' dir='ltr'><strong>Cald.</strong></span> <span class='ocrx_word' id='word_1_126' title='bbox 1888 1930 2084 1991; x_wconf 80' lang='lat' dir='ltr'><strong>dicerps.</strong></span> <span class='ocrx_word' id='word_1_127' title='bbox 2111 1928 2208 1976; x_wconf 89' lang='lat' dir='ltr'><strong>Ed.</strong></span> <span class='ocrx_word' id='word_1_128' title='bbox 2232 1927 2479 1988; x_wconf 49' lang='lat' dir='ltr'><strong>Campe*</strong></span> 
     </span>
     <span class='ocr_line' id='line_1_16' title="bbox 302 1990 2478 2057; baseline -0.002 -15"><span class='ocrx_word' id='word_1_129' title='bbox 302 1998 327 2042; x_wconf 89' lang='lat' dir='ltr'><strong>l</strong></span> <span class='ocrx_word' id='word_1_130' title='bbox 364 1996 540 2056; x_wconf 70' lang='lat' dir='ltr'><strong>Perqu.</strong></span> <span class='ocrx_word' id='word_1_131' title='bbox 564 1993 756 2043; x_wconf 84' lang='lat' dir='ltr'><strong>omittit</strong></span> <span class='ocrx_word' id='word_1_132' title='bbox 779 1990 942 2042; x_wconf 85' lang='lat' dir='ltr'><strong>Rhed.</strong></span> <span class='ocrx_word' id='word_1_133' title='bbox 967 1998 1011 2041; x_wconf 90' lang='lat'><strong>1.</strong></span> <span class='ocrx_word' id='word_1_134' title='bbox 1075 1994 1215 2043; x_wconf 83' lang='lat' dir='ltr'><strong>Dein</strong></span> <span class='ocrx_word' id='word_1_135' title='bbox 1237 2009 1376 2057; x_wconf 78' lang='lat' dir='ltr'><strong>super</strong></span> <span class='ocrx_word' id='word_1_136' title='bbox 1393 1996 1503 2044; x_wconf 80' lang='lat' dir='ltr'><strong>nub.</strong></span> <span class='ocrx_word' id='word_1_137' title='bbox 1529 1996 1784 2044; x_wconf 82' lang='lat' dir='ltr'><strong>Fonc.—2</strong></span> <span class='ocrx_word' id='word_1_138' title='bbox 1808 1994 1889 2043; x_wconf 78' lang='lat' dir='ltr'><strong>Al.</strong></span> <span class='ocrx_word' id='word_1_139' title='bbox 1913 2009 1953 2042; x_wconf 86' lang='lat' dir='ltr'><strong>c.</strong></span> <span class='ocrx_word' id='word_1_140' title='bbox 1974 1994 2027 2041; x_wconf 82' lang='lat' dir='ltr'><strong>J.</strong></span> <span class='ocrx_word' id='word_1_141' title='bbox 2052 1993 2160 2053; x_wconf 57' lang='grc' dir='ltr'><strong>ὠά.</strong></span> <span class='ocrx_word' id='word_1_142' title='bbox 2183 1990 2478 2040; x_wconf 80' lang='lat' dir='ltr'><strong>desideran-</strong></span> 
     </span>
    </p>
   </div>
   <div class='ocr_carea' id='block_1_7' title="bbox 1273 2155 1489 2205">
    <p class='ocr_par' dir='ltr' id='par_1_7' title="bbox 1273 2155 1489 2205">
     <span class='ocr_line' id='line_1_17' title="bbox 1273 2155 1489 2205; baseline 0 0"><span class='ocrx_word' id='word_1_143' title='bbox 1273 2155 1489 2205; x_wconf 81' lang='lat' dir='ltr'>NOTAE</span> 
     </span>
    </p>
   </div>
   <div class='ocr_carea' id='block_1_8' title="bbox 299 2266 1356 2488">
    <p class='ocr_par' dir='ltr' id='par_1_8' title="bbox 299 2266 1356 2488">
     <span class='ocr_line' id='line_1_18' title="bbox 300 2266 1356 2330; baseline 0 -14"><span class='ocrx_word' id='word_1_144' title='bbox 300 2281 400 2316; x_wconf 87' lang='lat' dir='ltr'><strong>non</strong></span> <span class='ocrx_word' id='word_1_145' title='bbox 434 2266 649 2328; x_wconf 84' lang='lat' dir='ltr'><strong>flumini,</strong></span> <span class='ocrx_word' id='word_1_146' title='bbox 681 2268 771 2317; x_wconf 86' lang='lat' dir='ltr'><strong>sed</strong></span> <span class='ocrx_word' id='word_1_147' title='bbox 809 2268 970 2317; x_wconf 87' lang='lat' dir='ltr'><strong>Marti</strong></span> <span class='ocrx_word' id='word_1_148' title='bbox 1009 2274 1356 2330; x_wconf 85' lang='lat' dir='ltr'><strong>consecratos,</strong></span> 
     </span>
     <span class='ocr_line' id='line_1_19' title="bbox 299 2344 1353 2409; baseline -0.001 -16"><span class='ocrx_word' id='word_1_149' title='bbox 299 2345 478 2408; x_wconf 72' lang='lat' dir='ltr'><strong>qiiales</strong></span> <span class='ocrx_word' id='word_1_150' title='bbox 523 2345 792 2409; x_wconf 78' lang='lat' dir='ltr'><strong>virgiliani</strong></span> <span class='ocrx_word' id='word_1_151' title='bbox 840 2345 913 2394; x_wconf 87' lang='lat' dir='ltr'><strong>illi</strong></span> <span class='ocrx_word' id='word_1_152' title='bbox 969 2344 1246 2403; x_wconf 84' lang='lat' dir='ltr'><strong>Minervae,</strong></span> <span class='ocrx_word' id='word_1_153' title='bbox 1287 2344 1353 2392; x_wconf 87' lang='lat' dir='ltr'><strong>de</strong></span> 
     </span>
     <span class='ocr_line' id='line_1_20' title="bbox 302 2421 1353 2488; baseline -0.001 -16"><span class='ocrx_word' id='word_1_154' title='bbox 302 2424 483 2488; x_wconf 79' lang='lat' dir='ltr'><strong>quibus</strong></span> <span class='ocrx_word' id='word_1_155' title='bbox 510 2421 596 2472; x_wconf 77' lang='lat' dir='ltr'><strong>lib.</strong></span> <span class='ocrx_word' id='word_1_156' title='bbox 620 2436 706 2473; x_wconf 81' lang='grc' dir='ltr'><strong>ιη.</strong></span> <span class='ocrx_word' id='word_1_157' title='bbox 732 2422 933 2472; x_wconf 86' lang='lat' dir='ltr'><strong>AEneid.</strong></span> <span class='ocrx_word' id='word_1_158' title='bbox 954 2422 968 2449; x_wconf 91' lang='lat'>‘</span> <span class='ocrx_word' id='word_1_159' title='bbox 989 2421 1224 2474; x_wconf 87' lang='lat' dir='ltr'><strong>Quatuor</strong></span> <span class='ocrx_word' id='word_1_160' title='bbox 1246 2422 1353 2487; x_wconf 89' lang='lat' dir='ltr'><strong>bic,</strong></span> 
     </span>
    </p>
   </div>
   <div class='ocr_carea' id='block_1_9' title="bbox 1409 2237 2483 2485">
    <p class='ocr_par' dir='ltr' id='par_1_9' title="bbox 1409 2237 2483 2485">
     <span class='ocr_line' id='line_1_21' title="bbox 1433 2237 2464 2331; baseline -0.004 -13"><span class='ocrx_word' id='word_1_161' title='bbox 1433 2270 1550 2331; x_wconf 84' lang='lat' dir='ltr'><strong>tigit</strong></span> <span class='ocrx_word' id='word_1_162' title='bbox 1586 2237 1848 2319; x_wconf 49' lang='lat' dir='ltr'><strong>herbamss-</strong></span> <span class='ocrx_word' id='word_1_163' title='bbox 1913 2267 2022 2316; x_wconf 90' lang='lat' dir='ltr'><strong>Illis</strong></span> <span class='ocrx_word' id='word_1_164' title='bbox 2060 2279 2245 2327; x_wconf 83' lang='lat' dir='ltr'><strong>nempe</strong></span> <span class='ocrx_word' id='word_1_165' title='bbox 2284 2261 2464 2314; x_wconf 85' lang='lat' dir='ltr'><strong>diebus</strong></span> 
     </span>
     <span class='ocr_line' id='line_1_22' title="bbox 1409 2340 2372 2410; baseline -0.004 -16"><span class='ocrx_word' id='word_1_166' title='bbox 1409 2346 1612 2410; x_wconf 52' lang='lat' dir='ltr'><strong>*quibus</strong></span> <span class='ocrx_word' id='word_1_167' title='bbox 1636 2355 1885 2396; x_wconf 86' lang='lat' dir='ltr'><strong>mortuum</strong></span> <span class='ocrx_word' id='word_1_168' title='bbox 1910 2345 2059 2407; x_wconf 70' lang='lat' dir='ltr'><strong>fingit</strong></span> <span class='ocrx_word' id='word_1_169' title='bbox 2086 2340 2372 2403; x_wconf 82' lang='lat' dir='ltr'><strong>Daplmida.</strong></span> 
     </span>
     <span class='ocr_line' id='line_1_23' title="bbox 1514 2418 2483 2485; baseline -0.007 -11"><span class='ocrx_word' id='word_1_170' title='bbox 1514 2422 1538 2457; x_wconf 77' lang='lat'><strong>¹¹</strong></span> <span class='ocrx_word' id='word_1_171' title='bbox 1583 2422 1884 2485; x_wconf 70' lang='lat' dir='ltr'><strong>Uber-timth</strong></span> <span class='ocrx_word' id='word_1_172' title='bbox 1914 2419 2058 2485; x_wconf 82' lang='lat' dir='ltr'><strong>flere]</strong></span> <span class='ocrx_word' id='word_1_173' title='bbox 2116 2418 2234 2468; x_wconf 86' lang='lat' dir='ltr'><strong>Huc</strong></span> <span class='ocrx_word' id='word_1_174' title='bbox 2278 2432 2483 2482; x_wconf 87' lang='lat' dir='ltr'><strong>quoque</strong></span> 
     </span>
    </p>
   </div>
   <div class='ocr_carea' id='block_1_10' title="bbox 299 2497 1351 2637">
    <p class='ocr_par' dir='ltr' id='par_1_10' title="bbox 299 2497 1351 2637">
     <span class='ocr_line' id='line_1_24' title="bbox 302 2497 1351 2572; baseline -0.004 -23"><span class='ocrx_word' id='word_1_175' title='bbox 302 2500 517 2563; x_wconf 89' lang='lat' dir='ltr'><strong>primum</strong></span> <span class='ocrx_word' id='word_1_176' title='bbox 556 2514 724 2556; x_wconf 91' lang='lat' dir='ltr'><strong>omen,</strong></span> <span class='ocrx_word' id='word_1_177' title='bbox 762 2513 916 2572; x_wconf 82' lang='lat' dir='ltr'><strong>equos</strong></span> <span class='ocrx_word' id='word_1_178' title='bbox 951 2498 1002 2546; x_wconf 86' lang='lat' dir='ltr'><strong>in</strong></span> <span class='ocrx_word' id='word_1_179' title='bbox 1036 2498 1190 2547; x_wconf 85' lang='lat' dir='ltr'><strong>litore</strong></span> <span class='ocrx_word' id='word_1_180' title='bbox 1225 2497 1351 2558; x_wconf 86' lang='lat' dir='ltr'><strong>vidi,</strong></span> 
     </span>
     <span class='ocr_line' id='line_1_25' title="bbox 299 2572 1350 2637; baseline -0.004 -12"><span class='ocrx_word' id='word_1_181' title='bbox 299 2575 594 2627; x_wconf 70' lang='lat' dir='ltr'><strong>&#39;fundentes</strong></span> <span class='ocrx_word' id='word_1_182' title='bbox 613 2577 716 2624; x_wconf 84' lang='lat' dir='ltr'><strong>late</strong></span> <span class='ocrx_word' id='word_1_183' title='bbox 741 2573 1012 2637; x_wconf 62' lang='lat' dir='ltr'><strong>campum!</strong></span> <span class='ocrx_word' id='word_1_184' title='bbox 1073 2572 1174 2622; x_wconf 85' lang='lat' dir='ltr'><strong>Sed</strong></span> <span class='ocrx_word' id='word_1_185' title='bbox 1198 2575 1350 2622; x_wconf 86' lang='lat' dir='ltr'><strong>solita</strong></span> 
     </span>
    </p>
   </div>
   <div class='ocr_carea' id='block_1_11' title="bbox 299 2649 1386 2711">
    <p class='ocr_par' dir='ltr' id='par_1_11' title="bbox 299 2649 1386 2711">
     <span class='ocr_line' id='line_1_26' title="bbox 299 2649 1386 2711; baseline -0.003 -10"><span class='ocrx_word' id='word_1_186' title='bbox 299 2650 507 2701; x_wconf 85' lang='lat' dir='ltr'><strong>fuerunt</strong></span> <span class='ocrx_word' id='word_1_187' title='bbox 525 2654 619 2701; x_wconf 83' lang='lat' dir='ltr'><strong>boc</strong></span> <span class='ocrx_word' id='word_1_188' title='bbox 635 2652 785 2701; x_wconf 90' lang='lat' dir='ltr'><strong>modo</strong></span> <span class='ocrx_word' id='word_1_189' title='bbox 800 2650 1174 2711; x_wconf 83' lang='lat' dir='ltr'><strong>consecrari‚et</strong></span> <span class='ocrx_word' id='word_1_190' title='bbox 1189 2649 1350 2699; x_wconf 87' lang='lat' dir='ltr'><strong>libera</strong></span> <span class='ocrx_word' id='word_1_191' title='bbox 1380 2704 1386 2709; x_wconf 56' lang='grc'><strong>,</strong></span> 
     </span>
    </p>
   </div>
   <div class='ocr_carea' id='block_1_12' title="bbox 299 2727 1357 3554">
    <p class='ocr_par' dir='ltr' id='par_1_12' title="bbox 299 2727 1357 3554">
     <span class='ocr_line' id='line_1_27' title="bbox 300 2727 1350 2791; baseline -0.001 -13"><span class='ocrx_word' id='word_1_192' title='bbox 300 2729 510 2791; x_wconf 77' lang='lat' dir='ltr'><strong>dimitti,</strong></span> <span class='ocrx_word' id='word_1_193' title='bbox 548 2730 748 2791; x_wconf 85' lang='lat' dir='ltr'><strong>generis</strong></span> <span class='ocrx_word' id='word_1_194' title='bbox 784 2728 946 2778; x_wconf 88' lang='lat' dir='ltr'><strong>omnis</strong></span> <span class='ocrx_word' id='word_1_195' title='bbox 986 2727 1242 2784; x_wconf 81' lang='lat' dir='ltr'><strong>animalia,</strong></span> <span class='ocrx_word' id='word_1_196' title='bbox 1276 2735 1350 2777; x_wconf 87' lang='lat' dir='ltr'><strong>at-</strong></span> 
     </span>
     <span class='ocr_line' id='line_1_28' title="bbox 302 2802 1351 2870; baseline -0.005 -14"><span class='ocrx_word' id='word_1_197' title='bbox 302 2821 399 2869; x_wconf 80' lang='lat' dir='ltr'><strong>que</strong></span> <span class='ocrx_word' id='word_1_198' title='bbox 421 2821 484 2854; x_wconf 83' lang='lat' dir='ltr'><strong>ea</strong></span> <span class='ocrx_word' id='word_1_199' title='bbox 517 2804 822 2868; x_wconf 84' lang='lat' dir='ltr'><strong>praesertim,</strong></span> <span class='ocrx_word' id='word_1_200' title='bbox 856 2819 973 2870; x_wconf 86' lang='lat' dir='ltr'><strong>quae</strong></span> <span class='ocrx_word' id='word_1_201' title='bbox 1008 2802 1228 2852; x_wconf 87' lang='lat' dir='ltr'><strong>dominis</strong></span> <span class='ocrx_word' id='word_1_202' title='bbox 1261 2810 1351 2852; x_wconf 88' lang='lat' dir='ltr'><strong>aut</strong></span> 
     </span>
     <span class='ocr_line' id='line_1_29' title="bbox 303 2879 1350 2946; baseline -0.003 -16"><span class='ocrx_word' id='word_1_203' title='bbox 303 2882 448 2931; x_wconf 85' lang='lat' dir='ltr'><strong>utilia</strong></span> <span class='ocrx_word' id='word_1_204' title='bbox 470 2883 707 2946; x_wconf 82' lang='lat' dir='ltr'><strong>maxime,</strong></span> <span class='ocrx_word' id='word_1_205' title='bbox 740 2887 830 2930; x_wconf 83' lang='lat' dir='ltr'><strong>aut</strong></span> <span class='ocrx_word' id='word_1_206' title='bbox 859 2889 1008 2944; x_wconf 76' lang='lat' dir='ltr'><strong>grata</strong></span> <span class='ocrx_word' id='word_1_207' title='bbox 1034 2879 1262 2942; x_wconf 86' lang='lat' dir='ltr'><strong>fuerant,</strong></span> <span class='ocrx_word' id='word_1_208' title='bbox 1293 2886 1350 2928; x_wconf 88' lang='lat' dir='ltr'><strong>ut</strong></span> 
     </span>
     <span class='ocr_line' id='line_1_30' title="bbox 303 2957 1352 3024; baseline 0 -17"><span class='ocrx_word' id='word_1_209' title='bbox 303 2959 597 3008; x_wconf 81' lang='lat' dir='ltr'><strong>libertatem</strong></span> <span class='ocrx_word' id='word_1_210' title='bbox 641 2960 785 3024; x_wconf 87' lang='lat' dir='ltr'><strong>quasi</strong></span> <span class='ocrx_word' id='word_1_211' title='bbox 833 2959 1097 3022; x_wconf 84' lang='lat' dir='ltr'><strong>praemium</strong></span> <span class='ocrx_word' id='word_1_212' title='bbox 1140 2957 1352 3007; x_wconf 87' lang='lat' dir='ltr'><strong>ferrent.</strong></span> 
     </span>
     <span class='ocr_line' id='line_1_31' title="bbox 299 3032 1351 3097; baseline -0.004 -13"><span class='ocrx_word' id='word_1_213' title='bbox 299 3035 448 3087; x_wconf 79' lang='lat' dir='ltr'><strong>Ursae</strong></span> <span class='ocrx_word' id='word_1_214' title='bbox 474 3048 677 3097; x_wconf 85' lang='lat' dir='ltr'><strong>nempe,</strong></span> <span class='ocrx_word' id='word_1_215' title='bbox 715 3032 997 3097; x_wconf 76' lang='lat' dir='ltr'><strong>elephanti,</strong></span> <span class='ocrx_word' id='word_1_216' title='bbox 1035 3033 1174 3096; x_wconf 88' lang='lat' dir='ltr'><strong>equi,</strong></span> <span class='ocrx_word' id='word_1_217' title='bbox 1214 3047 1351 3092; x_wconf 85' lang='lat' dir='ltr'><strong>aves,</strong></span> 
     </span>
     <span class='ocr_line' id='line_1_32' title="bbox 300 3108 1352 3174; baseline 0.001 -15"><span class='ocrx_word' id='word_1_218' title='bbox 300 3111 421 3174; x_wconf 86' lang='lat' dir='ltr'><strong>quin</strong></span> <span class='ocrx_word' id='word_1_219' title='bbox 436 3117 492 3161; x_wconf 91' lang='lat' dir='ltr'><strong>et</strong></span> <span class='ocrx_word' id='word_1_220' title='bbox 508 3111 693 3174; x_wconf 78' lang='lat' dir='ltr'><strong>pisces,</strong></span> <span class='ocrx_word' id='word_1_221' title='bbox 708 3111 892 3174; x_wconf 85' lang='lat' dir='ltr'><strong>quibus</strong></span> <span class='ocrx_word' id='word_1_222' title='bbox 908 3108 1103 3159; x_wconf 84' lang='lat' dir='ltr'><strong>affundi</strong></span> <span class='ocrx_word' id='word_1_223' title='bbox 1127 3125 1352 3172; x_wconf 78' lang='lat' dir='ltr'><strong>unguen·</strong></span> 
     </span>
     <span class='ocr_line' id='line_1_33' title="bbox 305 3185 1351 3249; baseline -0.001 -13"><span class='ocrx_word' id='word_1_224' title='bbox 305 3196 409 3237; x_wconf 85' lang='lat' dir='ltr'><strong>tum</strong></span> <span class='ocrx_word' id='word_1_225' title='bbox 442 3188 595 3236; x_wconf 85' lang='lat' dir='ltr'><strong>moris</strong></span> <span class='ocrx_word' id='word_1_226' title='bbox 627 3196 759 3249; x_wconf 78' lang='lat' dir='ltr'><strong>erat,</strong></span> <span class='ocrx_word' id='word_1_227' title='bbox 793 3195 852 3235; x_wconf 90' lang='lat' dir='ltr'><strong>ut</strong></span> <span class='ocrx_word' id='word_1_228' title='bbox 886 3201 950 3236; x_wconf 87' lang='lat' dir='ltr'><strong>ex</strong></span> <span class='ocrx_word' id='word_1_229' title='bbox 973 3185 1247 3249; x_wconf 83' lang='lat' dir='ltr'><strong>Athenaeo,</strong></span> <span class='ocrx_word' id='word_1_230' title='bbox 1270 3187 1351 3235; x_wconf 71' lang='grc' dir='ltr'><strong>ΙΕ-</strong></span> 
     </span>
     <span class='ocr_line' id='line_1_34' title="bbox 299 3261 1353 3326; baseline -0.001 -15"><span class='ocrx_word' id='word_1_231' title='bbox 299 3263 453 3326; x_wconf 78' lang='lat' dir='ltr'><strong>liano,</strong></span> <span class='ocrx_word' id='word_1_232' title='bbox 480 3266 580 3313; x_wconf 58' lang='lat' dir='ltr'><strong>&amp;tu</strong></span> <span class='ocrx_word' id='word_1_233' title='bbox 615 3261 731 3311; x_wconf 86' lang='lat' dir='ltr'><strong>fuse</strong></span> <span class='ocrx_word' id='word_1_234' title='bbox 763 3263 848 3311; x_wconf 86' lang='lat' dir='ltr'><strong>hic</strong></span> <span class='ocrx_word' id='word_1_235' title='bbox 888 3261 1076 3325; x_wconf 88' lang='lat' dir='ltr'><strong>probat</strong></span> <span class='ocrx_word' id='word_1_236' title='bbox 1098 3263 1353 3312; x_wconf 82' lang='lat' dir='ltr'><strong>Cassubo·</strong></span> 
     </span>
     <span class='ocr_line' id='line_1_35' title="bbox 302 3336 1355 3402; baseline 0 -15"><span class='ocrx_word' id='word_1_237' title='bbox 302 3353 413 3397; x_wconf 84' lang='lat' dir='ltr'><strong>nus.</strong></span> <span class='ocrx_word' id='word_1_238' title='bbox 482 3341 567 3389; x_wconf 90' lang='lat' dir='ltr'><strong>De</strong></span> <span class='ocrx_word' id='word_1_239' title='bbox 591 3339 692 3388; x_wconf 83' lang='lat' dir='ltr'><strong>illis</strong></span> <span class='ocrx_word' id='word_1_240' title='bbox 709 3339 855 3402; x_wconf 87' lang='lat' dir='ltr'><strong>equis</strong></span> <span class='ocrx_word' id='word_1_241' title='bbox 874 3339 1001 3388; x_wconf 79' lang='lat' dir='ltr'><strong>Luc.</strong></span> <span class='ocrx_word' id='word_1_242' title='bbox 1025 3336 1114 3388; x_wconf 89' lang='lat' dir='ltr'><strong>lib.</strong></span> <span class='ocrx_word' id='word_1_243' title='bbox 1141 3352 1179 3386; x_wconf 89' lang='lat'><strong>1.</strong></span> <span class='ocrx_word' id='word_1_244' title='bbox 1204 3340 1219 3366; x_wconf 91' lang='lat'>‘</span> <span class='ocrx_word' id='word_1_245' title='bbox 1240 3339 1355 3387; x_wconf 89' lang='lat' dir='ltr'><strong>Pri·</strong></span> 
     </span>
     <span class='ocr_line' id='line_1_36' title="bbox 305 3415 1357 3480; baseline -0.001 -16"><span class='ocrx_word' id='word_1_246' title='bbox 305 3430 411 3466; x_wconf 87' lang='lat' dir='ltr'><strong>mus</strong></span> <span class='ocrx_word' id='word_1_247' title='bbox 446 3417 502 3464; x_wconf 87' lang='lat' dir='ltr'><strong>in</strong></span> <span class='ocrx_word' id='word_1_248' title='bbox 535 3415 794 3480; x_wconf 88' lang='lat' dir='ltr'><strong>obliquum</strong></span> <span class='ocrx_word' id='word_1_249' title='bbox 829 3415 1038 3476; x_wconf 88' lang='lat' dir='ltr'><strong>sonipes</strong></span> <span class='ocrx_word' id='word_1_250' title='bbox 1077 3415 1357 3478; x_wconf 88' lang='lat' dir='ltr'><strong>opponitur</strong></span> 
     </span>
     <span class='ocr_line' id='line_1_37' title="bbox 302 3492 1354 3554; baseline 0 -15"><span class='ocrx_word' id='word_1_251' title='bbox 302 3505 516 3548; x_wconf 81' lang='lat' dir='ltr'><strong>amnem,</strong></span> <span class='ocrx_word' id='word_1_252' title='bbox 531 3493 858 3553; x_wconf 70' lang='lat' dir='ltr'><strong>Excepturus</strong></span> <span class='ocrx_word' id='word_1_253' title='bbox 872 3505 1055 3554; x_wconf 81' lang='lat' dir='ltr'><strong>aquas:</strong></span> <span class='ocrx_word' id='word_1_254' title='bbox 1076 3492 1212 3540; x_wconf 85' lang='lat' dir='ltr'><strong>molli</strong></span> <span class='ocrx_word' id='word_1_255' title='bbox 1232 3499 1354 3540; x_wconf 85' lang='lat' dir='ltr'><strong>tunc</strong></span> 
     </span>
    </p>
   </div>
   <div class='ocr_carea' id='block_1_13' title="bbox 203 3565 1352 3630">
    <p class='ocr_par' dir='ltr' id='par_1_13' title="bbox 203 3565 1352 3630">
     <span class='ocr_line' id='line_1_38' title="bbox 203 3565 1352 3630; baseline 0 -16"><span class='ocrx_word' id='word_1_256' title='bbox 203 3582 206 3583; x_wconf 44' lang='lat'><em>⁷</em></span> <span class='ocrx_word' id='word_1_257' title='bbox 304 3575 480 3617; x_wconf 83' lang='lat' dir='ltr'><strong>cetera</strong></span> <span class='ocrx_word' id='word_1_258' title='bbox 501 3567 695 3630; x_wconf 78' lang='lat' dir='ltr'><strong>rumpit</strong></span> <span class='ocrx_word' id='word_1_259' title='bbox 708 3567 880 3616; x_wconf 85' lang='lat' dir='ltr'><strong>Turba</strong></span> <span class='ocrx_word' id='word_1_260' title='bbox 899 3565 1029 3619; x_wconf 79' lang='lat' dir='ltr'><strong>vado</strong></span> <span class='ocrx_word' id='word_1_261' title='bbox 1053 3565 1233 3616; x_wconf 78' lang='lat' dir='ltr'><strong>faciles</strong></span> <span class='ocrx_word' id='word_1_262' title='bbox 1244 3566 1352 3628; x_wconf 86' lang='lat' dir='ltr'><strong>jam</strong></span> 
     </span>
    </p>
   </div>
   <div class='ocr_carea' id='block_1_14' title="bbox 235 3640 1359 4394">
    <p class='ocr_par' dir='ltr' id='par_1_14' title="bbox 304 3640 910 3696">
     <span class='ocr_line' id='line_1_39' title="bbox 304 3640 910 3696; baseline 0.003 -6"><span class='ocrx_word' id='word_1_263' title='bbox 304 3640 452 3694; x_wconf 79' lang='lat' dir='ltr'><strong>fracti</strong></span> <span class='ocrx_word' id='word_1_264' title='bbox 470 3642 694 3696; x_wconf 80' lang='lat' dir='ltr'><strong>fluminis</strong></span> <span class='ocrx_word' id='word_1_265' title='bbox 717 3642 910 3692; x_wconf 81' lang='lat' dir='ltr'><strong>undas.’</strong></span> 
     </span>
    </p>

    <p class='ocr_par' dir='ltr' id='par_1_15' title="bbox 303 3719 1357 3998">
     <span class='ocr_line' id='line_1_40' title="bbox 365 3719 1357 3784; baseline 0.005 -20"><span class='ocrx_word' id='word_1_266' title='bbox 365 3719 390 3754; x_wconf 80' lang='lat' dir='ltr'><strong>b</strong></span> <span class='ocrx_word' id='word_1_267' title='bbox 414 3720 571 3782; x_wconf 74' lang='lat' dir='ltr'><strong>Vagus</strong></span> <span class='ocrx_word' id='word_1_268' title='bbox 586 3726 633 3769; x_wconf 82' lang='lat' dir='ltr'><strong>et</strong></span> <span class='ocrx_word' id='word_1_269' title='bbox 655 3720 757 3769; x_wconf 71' lang='lat' dir='ltr'><strong>siae</strong></span> <span class='ocrx_word' id='word_1_270' title='bbox 772 3720 984 3784; x_wconf 72' lang='lat' dir='ltr'><strong>custode]</strong></span> <span class='ocrx_word' id='word_1_271' title='bbox 1010 3720 1183 3770; x_wconf 83' lang='lat' dir='ltr'><strong>Graeci</strong></span> <span class='ocrx_word' id='word_1_272' title='bbox 1202 3719 1357 3783; x_wconf 61' lang='grc' dir='ltr'><strong><em>ἄφατα</em></strong></span> 
     </span>
     <span class='ocr_line' id='line_1_41' title="bbox 307 3795 1357 3861; baseline 0 -17"><span class='ocrx_word' id='word_1_273' title='bbox 307 3795 504 3857; x_wconf 83' lang='lat' dir='ltr'><strong>dieunt,</strong></span> <span class='ocrx_word' id='word_1_274' title='bbox 536 3803 596 3846; x_wconf 86' lang='lat' dir='ltr'><strong>ut</strong></span> <span class='ocrx_word' id='word_1_275' title='bbox 645 3795 982 3856; x_wconf 78' lang='lat' dir='ltr'><strong>Plutarchus,</strong></span> <span class='ocrx_word' id='word_1_276' title='bbox 1024 3797 1076 3846; x_wconf 87' lang='lat' dir='ltr'><strong>iu</strong></span> <span class='ocrx_word' id='word_1_277' title='bbox 1120 3797 1357 3861; x_wconf 85' lang='lat' dir='ltr'><strong>Lucullo,</strong></span> 
     </span>
     <span class='ocr_line' id='line_1_42' title="bbox 303 3873 1356 3925; baseline 0.001 -3"><span class='ocrx_word' id='word_1_278' title='bbox 303 3873 373 3922; x_wconf 89' lang='lat' dir='ltr'><strong>de</strong></span> <span class='ocrx_word' id='word_1_279' title='bbox 396 3873 557 3925; x_wconf 84' lang='lat' dir='ltr'><strong>bobus</strong></span> <span class='ocrx_word' id='word_1_280' title='bbox 592 3873 779 3923; x_wconf 80' lang='lat' dir='ltr'><strong>Diauae</strong></span> <span class='ocrx_word' id='word_1_281' title='bbox 812 3873 1036 3922; x_wconf 64' lang='lat' dir='ltr'><strong>Persice</strong></span> <span class='ocrx_word' id='word_1_282' title='bbox 1060 3873 1219 3923; x_wconf 84' lang='lat' dir='ltr'><strong>sacris</strong></span> <span class='ocrx_word' id='word_1_283' title='bbox 1243 3888 1356 3924; x_wconf 83' lang='lat' dir='ltr'><strong>nar-</strong></span> 
     </span>
     <span class='ocr_line' id='line_1_43' title="bbox 309 3956 405 3998; baseline -0.01 0"><span class='ocrx_word' id='word_1_284' title='bbox 309 3956 405 3998; x_wconf 81' lang='lat' dir='ltr'><strong>rat.</strong></span> 
     </span>
    </p>

    <p class='ocr_par' dir='ltr' id='par_1_16' title="bbox 235 4011 1359 4394">
     <span class='ocr_line' id='line_1_44' title="bbox 371 4011 1357 4087; baseline -0.003 -13"><span class='ocrx_word' id='word_1_285' title='bbox 371 4031 393 4057; x_wconf 70' lang='lat' dir='ltr'><strong>e</strong></span> <span class='ocrx_word' id='word_1_286' title='bbox 425 4025 607 4074; x_wconf 67' lang='lat' dir='ltr'><strong>Pabula</strong></span> <span class='ocrx_word' id='word_1_287' title='bbox 636 4011 895 4087; x_wconf 64' lang='lat' dir='ltr'><strong>abstinere]</strong></span> <span class='ocrx_word' id='word_1_288' title='bbox 935 4023 1019 4073; x_wconf 81' lang='lat' dir='ltr'><strong>Ad</strong></span> <span class='ocrx_word' id='word_1_289' title='bbox 1058 4025 1156 4073; x_wconf 86' lang='lat' dir='ltr'><strong>hoc</strong></span> <span class='ocrx_word' id='word_1_290' title='bbox 1186 4023 1357 4087; x_wconf 78' lang='lat' dir='ltr'><strong>virgi-</strong></span> 
     </span>
     <span class='ocr_line' id='line_1_45' title="bbox 235 4100 1358 4165; baseline 0 -17"><span class='ocrx_word' id='word_1_291' title='bbox 235 4128 239 4132; x_wconf 93' lang='lat'>·</span> <span class='ocrx_word' id='word_1_292' title='bbox 308 4100 406 4149; x_wconf 82' lang='lat' dir='ltr'><strong>lius</strong></span> <span class='ocrx_word' id='word_1_293' title='bbox 426 4101 659 4153; x_wconf 76' lang='lat' dir='ltr'><strong>alludens</strong></span> <span class='ocrx_word' id='word_1_294' title='bbox 691 4102 871 4163; x_wconf 78' lang='lat' dir='ltr'><strong>Eclog·.</strong></span> <span class='ocrx_word' id='word_1_295' title='bbox 903 4115 959 4150; x_wconf 80' lang='lat' dir='ltr'><strong>v.</strong></span> <span class='ocrx_word' id='word_1_296' title='bbox 993 4116 1096 4165; x_wconf 80' lang='lat' dir='ltr'><strong>qua</strong></span> <span class='ocrx_word' id='word_1_297' title='bbox 1118 4100 1267 4160; x_wconf 80' lang='lat' dir='ltr'><strong>Julii,</strong></span> <span class='ocrx_word' id='word_1_298' title='bbox 1299 4108 1358 4151; x_wconf 88' lang='lat' dir='ltr'><strong>ut</strong></span> 
     </span>
     <span class='ocr_line' id='line_1_46' title="bbox 309 4175 1359 4239; baseline -0.002 -13"><span class='ocrx_word' id='word_1_299' title='bbox 309 4181 541 4239; x_wconf 84' lang='lat' dir='ltr'><strong>censent,</strong></span> <span class='ocrx_word' id='word_1_300' title='bbox 572 4185 788 4227; x_wconf 85' lang='lat' dir='ltr'><strong>mortem</strong></span> <span class='ocrx_word' id='word_1_301' title='bbox 822 4175 981 4226; x_wconf 82' lang='lat' dir='ltr'><strong>deflet</strong></span> <span class='ocrx_word' id='word_1_302' title='bbox 1004 4177 1107 4226; x_wconf 63' lang='lat' dir='ltr'><strong>&gt;sub</strong></span> <span class='ocrx_word' id='word_1_303' title='bbox 1142 4190 1359 4238; x_wconf 81' lang='lat' dir='ltr'><strong>persona</strong></span> 
     </span>
     <span class='ocr_line' id='line_1_47' title="bbox 309 4252 1359 4316; baseline 0.001 -16"><span class='ocrx_word' id='word_1_304' title='bbox 309 4252 623 4316; x_wconf 79' lang='lat' dir='ltr'><strong>Daphnidis:</strong></span> <span class='ocrx_word' id='word_1_305' title='bbox 651 4255 665 4282; x_wconf 90' lang='lat'>‘</span> <span class='ocrx_word' id='word_1_306' title='bbox 688 4253 842 4303; x_wconf 85' lang='lat' dir='ltr'><strong>Nulla</strong></span> <span class='ocrx_word' id='word_1_307' title='bbox 862 4267 1028 4315; x_wconf 82' lang='lat' dir='ltr'><strong>neque</strong></span> <span class='ocrx_word' id='word_1_308' title='bbox 1052 4265 1251 4309; x_wconf 83' lang='lat' dir='ltr'><strong>amnem</strong></span> <span class='ocrx_word' id='word_1_309' title='bbox 1275 4252 1359 4301; x_wconf 83' lang='lat' dir='ltr'><strong>Li·</strong></span> 
     </span>
     <span class='ocr_line' id='line_1_48' title="bbox 311 4326 1359 4394; baseline 0 -18"><span class='ocrx_word' id='word_1_310' title='bbox 311 4326 450 4377; x_wconf 83' lang='lat' dir='ltr'><strong>bavit</strong></span> <span class='ocrx_word' id='word_1_311' title='bbox 467 4327 787 4394; x_wconf 73' lang='lat' dir='ltr'><strong>quadrupes,</strong></span> <span class='ocrx_word' id='word_1_312' title='bbox 818 4341 985 4388; x_wconf 83' lang='lat' dir='ltr'><strong>neque</strong></span> <span class='ocrx_word' id='word_1_313' title='bbox 1017 4327 1258 4390; x_wconf 85' lang='lat' dir='ltr'><strong>graminis</strong></span> <span class='ocrx_word' id='word_1_314' title='bbox 1282 4333 1359 4376; x_wconf 85' lang='lat' dir='ltr'><strong>at-</strong></span> 
     </span>
    </p>
   </div>
   <div class='ocr_carea' id='block_1_15' title="bbox 1430 2495 2486 2866">
    <p class='ocr_par' dir='ltr' id='par_1_17' title="bbox 1430 2495 2486 2866">
     <span class='ocr_line' id='line_1_49' title="bbox 1432 2495 2486 2562; baseline -0.008 -14"><span class='ocrx_word' id='word_1_315' title='bbox 1432 2501 1715 2562; x_wconf 82' lang='lat' dir='ltr'><strong>respexisse</strong></span> <span class='ocrx_word' id='word_1_316' title='bbox 1756 2499 2027 2561; x_wconf 79' lang='lat' dir='ltr'><strong>Virgilium</strong></span> <span class='ocrx_word' id='word_1_317' title='bbox 2066 2496 2157 2546; x_wconf 88' lang='lat' dir='ltr'><strong>lib.</strong></span> <span class='ocrx_word' id='word_1_318' title='bbox 2189 2508 2250 2545; x_wconf 85' lang='lat'><strong>11.</strong></span> <span class='ocrx_word' id='word_1_319' title='bbox 2284 2495 2486 2543; x_wconf 84' lang='lat' dir='ltr'><strong>AEneid.</strong></span> 
     </span>
     <span class='ocr_line' id='line_1_50' title="bbox 1430 2571 2485 2633; baseline -0.007 -9"><span class='ocrx_word' id='word_1_320' title='bbox 1430 2576 1481 2624; x_wconf 89' lang='lat' dir='ltr'><strong>in</strong></span> <span class='ocrx_word' id='word_1_321' title='bbox 1522 2576 1775 2625; x_wconf 84' lang='lat' dir='ltr'><strong>Pallantis</strong></span> <span class='ocrx_word' id='word_1_322' title='bbox 1808 2574 2008 2633; x_wconf 62' lang='lat' dir='ltr'><strong>fauere,</strong></span> <span class='ocrx_word' id='word_1_323' title='bbox 2029 2571 2328 2622; x_wconf 79' lang='lat' dir='ltr'><strong>Torrentius</strong></span> <span class='ocrx_word' id='word_1_324' title='bbox 2353 2572 2485 2618; x_wconf 83' lang='lat' dir='ltr'><strong>exis-</strong></span> 
     </span>
     <span class='ocr_line' id='line_1_51' title="bbox 1432 2647 2484 2711; baseline -0.008 -10"><span class='ocrx_word' id='word_1_325' title='bbox 1432 2651 1614 2701; x_wconf 83' lang='lat' dir='ltr'><strong>timat:</strong></span> <span class='ocrx_word' id='word_1_326' title='bbox 1650 2656 1664 2680; x_wconf 88' lang='lat'>‘</span> <span class='ocrx_word' id='word_1_327' title='bbox 1688 2653 1815 2700; x_wconf 87' lang='lat' dir='ltr'><strong>Post</strong></span> <span class='ocrx_word' id='word_1_328' title='bbox 1845 2650 2065 2699; x_wconf 85' lang='lat' dir='ltr'><strong>bellator</strong></span> <span class='ocrx_word' id='word_1_329' title='bbox 2091 2663 2271 2711; x_wconf 88' lang='lat' dir='ltr'><strong>equus,</strong></span> <span class='ocrx_word' id='word_1_330' title='bbox 2303 2647 2484 2709; x_wconf 76' lang='lat' dir='ltr'><strong>positis</strong></span> 
     </span>
     <span class='ocr_line' id='line_1_52' title="bbox 1432 2724 2483 2788; baseline -0.007 -13"><span class='ocrx_word' id='word_1_331' title='bbox 1432 2727 1731 2788; x_wconf 85' lang='lat' dir='ltr'><strong>insignibus,</strong></span> <span class='ocrx_word' id='word_1_332' title='bbox 1755 2727 1935 2776; x_wconf 83' lang='lat' dir='ltr'><strong>AEtbon</strong></span> <span class='ocrx_word' id='word_1_333' title='bbox 1960 2725 2009 2773; x_wconf 87' lang='lat' dir='ltr'><strong>1t</strong></span> <span class='ocrx_word' id='word_1_334' title='bbox 2033 2724 2483 2785; x_wconf 81' lang='lat' dir='ltr'><strong>lacrymans,.gut-</strong></span> 
     </span>
     <span class='ocr_line' id='line_1_53' title="bbox 1431 2795 2483 2866; baseline -0.01 -13"><span class='ocrx_word' id='word_1_335' title='bbox 1431 2803 1601 2866; x_wconf 87' lang='lat' dir='ltr'><strong>tisque</strong></span> <span class='ocrx_word' id='word_1_336' title='bbox 1615 2804 1877 2851; x_wconf 80' lang='lat' dir='ltr'><strong>humectat</strong></span> <span class='ocrx_word' id='word_1_337' title='bbox 1892 2798 2173 2861; x_wconf 83' lang='lat' dir='ltr'><strong>grandibus</strong></span> <span class='ocrx_word' id='word_1_338' title='bbox 2188 2795 2308 2845; x_wconf 81' lang='lat' dir='ltr'><strong>ora.&#39;</strong></span> <span class='ocrx_word' id='word_1_339' title='bbox 2331 2795 2483 2847; x_wconf 82' lang='lat' dir='ltr'><strong>Quod</strong></span> 
     </span>
    </p>
   </div>
   <div class='ocr_carea' id='block_1_16' title="bbox 1406 2869 2486 3018">
    <p class='ocr_par' dir='ltr' id='par_1_18' title="bbox 1406 2869 2486 3018">
     <span class='ocr_line' id='line_1_54' title="bbox 1406 2869 2486 2942; baseline -0.009 -13"><span class='ocrx_word' id='word_1_340' title='bbox 1406 2869 1494 2928; x_wconf 69' lang='lat' dir='ltr'><strong>⁸ne</strong></span> <span class='ocrx_word' id='word_1_341' title='bbox 1517 2878 1720 2942; x_wconf 67' lang='lat' dir='ltr'><strong>poetice</strong></span> <span class='ocrx_word' id='word_1_342' title='bbox 1742 2877 1916 2927; x_wconf 83' lang='lat' dir='ltr'><strong>fictum</strong></span> <span class='ocrx_word' id='word_1_343' title='bbox 1942 2875 2193 2928; x_wconf 84' lang='lat' dir='ltr'><strong>videatur.</strong></span> <span class='ocrx_word' id='word_1_344' title='bbox 2222 2872 2486 2921; x_wconf 81' lang='lat' dir='ltr'><strong>obstiterit</strong></span> 
     </span>
     <span class='ocr_line' id='line_1_55' title="bbox 1407 2948 2484 3018; baseline -0.007 -13"><span class='ocrx_word' id='word_1_345' title='bbox 1407 2951 1650 3016; x_wconf 59' lang='lat' dir='ltr'><strong>Plinius,</strong></span> <span class='ocrx_word' id='word_1_346' title='bbox 1673 2955 1760 3018; x_wconf 87' lang='lat' dir='ltr'><strong>qui</strong></span> <span class='ocrx_word' id='word_1_347' title='bbox 1785 2954 1872 3002; x_wconf 88' lang='lat' dir='ltr'><strong>lib.</strong></span> <span class='ocrx_word' id='word_1_348' title='bbox 1898 2965 2020 3002; x_wconf 84' lang='lat' dir='ltr'><strong>vm.</strong></span> <span class='ocrx_word' id='word_1_349' title='bbox 2063 2965 2109 3000; x_wconf 88' lang='lat' dir='ltr'><strong>c.</strong></span> <span class='ocrx_word' id='word_1_350' title='bbox 2130 2954 2211 3000; x_wconf 86' lang='grc'><strong>42.</strong></span> <span class='ocrx_word' id='word_1_351' title='bbox 2240 2949 2305 2998; x_wconf 91' lang='lat' dir='ltr'><strong>de</strong></span> <span class='ocrx_word' id='word_1_352' title='bbox 2339 2948 2484 3012; x_wconf 87' lang='lat' dir='ltr'><strong>equis</strong></span> 
     </span>
    </p>
   </div>
   <div class='ocr_carea' id='block_1_17' title="bbox 1429 3025 2489 3472">
    <p class='ocr_par' dir='ltr' id='par_1_19' title="bbox 1429 3025 2487 3234">
     <span class='ocr_line' id='line_1_56' title="bbox 1431 3025 2487 3094; baseline -0.008 -14"><span class='ocrx_word' id='word_1_353' title='bbox 1431 3032 1522 3090; x_wconf 84' lang='lat' dir='ltr'><strong>ait,</strong></span> <span class='ocrx_word' id='word_1_354' title='bbox 1556 3033 1570 3058; x_wconf 87' lang='lat'>‘</span> <span class='ocrx_word' id='word_1_355' title='bbox 1591 3030 1904 3094; x_wconf 62' lang='lat' dir='ltr'><strong>praesagiunt</strong></span> <span class='ocrx_word' id='word_1_356' title='bbox 1927 3041 2169 3092; x_wconf 84' lang='lat' dir='ltr'><strong>pugnam,</strong></span> <span class='ocrx_word' id='word_1_357' title='bbox 2202 3032 2256 3074; x_wconf 87' lang='lat' dir='ltr'><strong>et</strong></span> <span class='ocrx_word' id='word_1_358' title='bbox 2277 3025 2487 3075; x_wconf 76' lang='lat' dir='ltr'><strong>aniissos</strong></span> 
     </span>
     <span class='ocr_line' id='line_1_57' title="bbox 1429 3102 2487 3170; baseline -0.007 -14"><span class='ocrx_word' id='word_1_359' title='bbox 1429 3108 1607 3170; x_wconf 84' lang='lat' dir='ltr'><strong>lugent</strong></span> <span class='ocrx_word' id='word_1_360' title='bbox 1649 3107 1896 3163; x_wconf 87' lang='lat' dir='ltr'><strong>dominos,</strong></span> <span class='ocrx_word' id='word_1_361' title='bbox 1935 3106 2286 3168; x_wconf 83' lang='lat' dir='ltr'><strong>lacrymasque</strong></span> <span class='ocrx_word' id='word_1_362' title='bbox 2324 3102 2487 3151; x_wconf 85' lang='lat' dir='ltr'><strong>inter-</strong></span> 
     </span>
     <span class='ocr_line' id='line_1_58' title="bbox 1430 3180 2114 3234; baseline -0.009 -1"><span class='ocrx_word' id='word_1_363' title='bbox 1430 3184 1549 3234; x_wconf 86' lang='lat' dir='ltr'><strong>dum</strong></span> <span class='ocrx_word' id='word_1_364' title='bbox 1573 3184 1830 3233; x_wconf 86' lang='lat' dir='ltr'><strong>desiderio</strong></span> <span class='ocrx_word' id='word_1_365' title='bbox 1853 3180 2114 3233; x_wconf 80' lang='lat' dir='ltr'><strong>fundunt.‘.</strong></span> 
     </span>
    </p>

    <p class='ocr_par' dir='ltr' id='par_1_20' title="bbox 1433 3252 2489 3472">
     <span class='ocr_line' id='line_1_59' title="bbox 1493 3252 2484 3320; baseline -0.01 -11"><span class='ocrx_word' id='word_1_366' title='bbox 1493 3266 1518 3293; x_wconf 79' lang='lat' dir='ltr'><strong>e</strong></span> <span class='ocrx_word' id='word_1_367' title='bbox 1549 3259 1762 3309; x_wconf 77' lang='lat' dir='ltr'><strong>Martias</strong></span> <span class='ocrx_word' id='word_1_368' title='bbox 1799 3257 1938 3320; x_wconf 74' lang='lat' dir='ltr'><strong>Idus]</strong></span> <span class='ocrx_word' id='word_1_369' title='bbox 1996 3257 2136 3307; x_wconf 82' lang='lat' dir='ltr'><strong>Quas</strong></span> <span class='ocrx_word' id='word_1_370' title='bbox 2176 3253 2332 3302; x_wconf 79' lang='lat' dir='ltr'><strong>etiam</strong></span> <span class='ocrx_word' id='word_1_371' title='bbox 2373 3252 2484 3314; x_wconf 86' lang='lat' dir='ltr'><strong>ipse</strong></span> 
     </span>
     <span class='ocr_line' id='line_1_60' title="bbox 1433 3327 2487 3398; baseline -0.008 -14"><span class='ocrx_word' id='word_1_372' title='bbox 1433 3335 1530 3384; x_wconf 84' lang='lat' dir='ltr'><strong>sibi</strong></span> <span class='ocrx_word' id='word_1_373' title='bbox 1578 3335 1866 3398; x_wconf 81' lang='lat' dir='ltr'><strong>Scorpionis</strong></span> <span class='ocrx_word' id='word_1_374' title='bbox 1906 3348 2092 3382; x_wconf 83' lang='lat' dir='ltr'><strong>occasu</strong></span> <span class='ocrx_word' id='word_1_375' title='bbox 2151 3329 2336 3379; x_wconf 81' lang='lat' dir='ltr'><strong>ferales</strong></span> <span class='ocrx_word' id='word_1_376' title='bbox 2374 3327 2487 3377; x_wconf 83' lang='lat' dir='ltr'><strong>fore</strong></span> 
     </span>
     <span class='ocr_line' id='line_1_61' title="bbox 1435 3406 2489 3472; baseline -0.009 -12"><span class='ocrx_word' id='word_1_377' title='bbox 1435 3418 1727 3472; x_wconf 85' lang='lat' dir='ltr'><strong>annotarat,</strong></span> <span class='ocrx_word' id='word_1_378' title='bbox 1761 3416 1972 3459; x_wconf 86' lang='lat' dir='ltr'><strong>auctore</strong></span> <span class='ocrx_word' id='word_1_379' title='bbox 2008 3407 2176 3458; x_wconf 88' lang='lat' dir='ltr'><strong>Plinio</strong></span> <span class='ocrx_word' id='word_1_380' title='bbox 2200 3406 2293 3454; x_wconf 87' lang='lat' dir='ltr'><strong>lib.</strong></span> <span class='ocrx_word' id='word_1_381' title='bbox 2316 3417 2489 3453; x_wconf 75' lang='lat' dir='ltr'><strong>xvm.</strong></span> 
     </span>
    </p>
   </div>
   <div class='ocr_carea' id='block_1_18' title="bbox 1435 3491 2489 3623">
    <p class='ocr_par' dir='ltr' id='par_1_21' title="bbox 1435 3491 2489 3623">
     <span class='ocr_line' id='line_1_62' title="bbox 1435 3491 2489 3623; baseline -0.01 -12"><span class='ocrx_word' id='word_1_382' title='bbox 1435 3501 1551 3593; x_wconf 52' lang='lat'><strong>0³1¹)-</strong></span> <span class='ocrx_word' id='word_1_383' title='bbox 1572 3491 1892 3623; x_wconf 47' lang='grc' dir='ltr'><strong>Ξῖῖὲάῑὶοἰιηη]</strong></span> <span class='ocrx_word' id='word_1_384' title='bbox 1957 3556 2287 3605; x_wconf 86' lang='lat' dir='ltr'><strong>Casaubonus</strong></span> <span class='ocrx_word' id='word_1_385' title='bbox 2342 3559 2489 3601; x_wconf 82' lang='lat' dir='ltr'><strong>notat</strong></span> 
     </span>
    </p>
   </div>
   <div class='ocr_carea' id='block_1_19' title="bbox 1433 3626 2505 4388">
    <p class='ocr_par' dir='ltr' id='par_1_22' title="bbox 1433 3626 2505 4222">
     <span class='ocr_line' id='line_1_63' title="bbox 1435 3626 2488 3701; baseline -0.012 -13"><span class='ocrx_word' id='word_1_386' title='bbox 1435 3635 1686 3701; x_wconf 84' lang='lat' dir='ltr'><strong>scriptum</strong></span> <span class='ocrx_word' id='word_1_387' title='bbox 1710 3637 1761 3684; x_wconf 87' lang='lat' dir='ltr'><strong>in</strong></span> <span class='ocrx_word' id='word_1_388' title='bbox 1785 3634 2049 3685; x_wconf 85' lang='lat' dir='ltr'><strong>Glossario</strong></span> <span class='ocrx_word' id='word_1_389' title='bbox 2083 3626 2488 3692; x_wconf 82' lang='lat' dir='ltr'><strong>⁸·Regaviolum‚’</strong></span> 
     </span>
     <span class='ocr_line' id='line_1_64' title="bbox 1435 3704 2488 3776; baseline -0.013 -12"><span class='ocrx_word' id='word_1_390' title='bbox 1435 3729 1530 3764; x_wconf 89' lang='lat' dir='ltr'><strong>uec</strong></span> <span class='ocrx_word' id='word_1_391' title='bbox 1553 3714 1758 3776; x_wconf 85' lang='lat' dir='ltr'><strong>inepte:</strong></span> <span class='ocrx_word' id='word_1_392' title='bbox 1795 3712 1990 3774; x_wconf 82' lang='lat' dir='ltr'><strong>Regem</strong></span> <span class='ocrx_word' id='word_1_393' title='bbox 2015 3708 2148 3758; x_wconf 88' lang='lat' dir='ltr'><strong>enim</strong></span> <span class='ocrx_word' id='word_1_394' title='bbox 2174 3707 2341 3756; x_wconf 83' lang='lat' dir='ltr'><strong>avium</strong></span> <span class='ocrx_word' id='word_1_395' title='bbox 2383 3704 2488 3752; x_wconf 83' lang='lat' dir='ltr'><strong>avi·</strong></span> 
     </span>
     <span class='ocr_line' id='line_1_65' title="bbox 1433 3781 2491 3850; baseline -0.011 -10"><span class='ocrx_word' id='word_1_396' title='bbox 1433 3792 1598 3841; x_wconf 80' lang='lat' dir='ltr'><strong>culam</strong></span> <span class='ocrx_word' id='word_1_397' title='bbox 1636 3790 1768 3839; x_wconf 83' lang='lat' dir='ltr'><strong>hauc</strong></span> <span class='ocrx_word' id='word_1_398' title='bbox 1807 3784 2073 3850; x_wconf 82' lang='lat' dir='ltr'><strong>appellari,</strong></span> <span class='ocrx_word' id='word_1_399' title='bbox 2117 3783 2244 3832; x_wconf 87' lang='lat' dir='ltr'><strong>dicit</strong></span> <span class='ocrx_word' id='word_1_400' title='bbox 2290 3781 2491 3830; x_wconf 86' lang='lat' dir='ltr'><strong>Plinius</strong></span> 
     </span>
     <span class='ocr_line' id='line_1_66' title="bbox 1434 3859 2505 3928; baseline -0.01 -11"><span class='ocrx_word' id='word_1_401' title='bbox 1434 3868 1523 3917; x_wconf 88' lang='lat' dir='ltr'><strong>lib.</strong></span> <span class='ocrx_word' id='word_1_402' title='bbox 1543 3880 1668 3916; x_wconf 78' lang='lat' dir='ltr'><strong>vni.</strong></span> <span class='ocrx_word' id='word_1_403' title='bbox 1689 3879 1806 3928; x_wconf 88' lang='lat' dir='ltr'><strong>cap.</strong></span> <span class='ocrx_word' id='word_1_404' title='bbox 1824 3869 1904 3913; x_wconf 83' lang='grc'><strong>25.</strong></span> <span class='ocrx_word' id='word_1_405' title='bbox 1924 3860 2134 3911; x_wconf 84' lang='lat' dir='ltr'><strong>medicis</strong></span> <span class='ocrx_word' id='word_1_406' title='bbox 2150 3859 2354 3910; x_wconf 82' lang='lat' dir='ltr'><strong>Graecis</strong></span> <span class='ocrx_word' id='word_1_407' title='bbox 2374 3873 2505 3918; x_wconf 48' lang='lat' dir='ltr'><strong>pas-¹</strong></span> 
     </span>
     <span class='ocr_line' id='line_1_67' title="bbox 1433 3934 2489 4005; baseline -0.01 -12"><span class='ocrx_word' id='word_1_408' title='bbox 1433 3959 1599 3993; x_wconf 86' lang='lat' dir='ltr'><strong>serem</strong></span> <span class='ocrx_word' id='word_1_409' title='bbox 1626 3939 1952 4005; x_wconf 83' lang='lat' dir='ltr'><strong>troglodyten</strong></span> <span class='ocrx_word' id='word_1_410' title='bbox 1976 3938 2102 3998; x_wconf 86' lang='lat' dir='ltr'><strong>dici,</strong></span> <span class='ocrx_word' id='word_1_411' title='bbox 2136 3943 2291 3998; x_wconf 81' lang='lat' dir='ltr'><strong>atque</strong></span> <span class='ocrx_word' id='word_1_412' title='bbox 2323 3934 2489 3984; x_wconf 84' lang='lat' dir='ltr'><strong>ini&#39;mi-</strong></span> 
     </span>
     <span class='ocr_line' id='line_1_68' title="bbox 1433 4011 2491 4080; baseline -0.011 -10"><span class='ocrx_word' id='word_1_413' title='bbox 1433 4021 1586 4070; x_wconf 87' lang='lat' dir='ltr'><strong>citias</strong></span> <span class='ocrx_word' id='word_1_414' title='bbox 1621 4031 1736 4067; x_wconf 88' lang='lat' dir='ltr'><strong>cum</strong></span> <span class='ocrx_word' id='word_1_415' title='bbox 1774 4014 1946 4080; x_wconf 86' lang='lat' dir='ltr'><strong>aquila</strong></span> <span class='ocrx_word' id='word_1_416' title='bbox 1981 4027 2258 4062; x_wconf 84' lang='lat' dir='ltr'><strong>exercere:</strong></span> <span class='ocrx_word' id='word_1_417' title='bbox 2306 4011 2393 4060; x_wconf 89' lang='lat' dir='ltr'><strong>lib.</strong></span> <span class='ocrx_word' id='word_1_418' title='bbox 2435 4023 2491 4059; x_wconf 88' lang='lat' dir='ltr'><strong>x.</strong></span> 
     </span>
     <span class='ocr_line' id='line_1_69' title="bbox 1434 4087 2490 4159; baseline -0.011 -13"><span class='ocrx_word' id='word_1_419' title='bbox 1434 4112 1548 4159; x_wconf 83' lang='lat' dir='ltr'><strong>cap.</strong></span> <span class='ocrx_word' id='word_1_420' title='bbox 1569 4097 1650 4144; x_wconf 82' lang='grc'><strong>74.</strong></span> <span class='ocrx_word' id='word_1_421' title='bbox 1676 4092 1944 4142; x_wconf 86' lang='lat' dir='ltr'><strong>trochilum</strong></span> <span class='ocrx_word' id='word_1_422' title='bbox 1967 4089 2242 4153; x_wconf 82' lang='lat' dir='ltr'><strong>indigitat=</strong></span> <span class='ocrx_word' id='word_1_423' title='bbox 2278 4101 2370 4136; x_wconf 88' lang='lat' dir='ltr'><strong>nos</strong></span> <span class='ocrx_word' id='word_1_424' title='bbox 2393 4087 2490 4135; x_wconf 79' lang='lat' dir='ltr'><strong>roi·</strong></span> 
     </span>
     <span class='ocr_line' id='line_1_70' title="bbox 1435 4174 1565 4222; baseline -0.015 0"><span class='ocrx_word' id='word_1_425' title='bbox 1435 4174 1565 4222; x_wconf 75' lang='lat' dir='ltr'><strong>telet.</strong></span> 
     </span>
    </p>

    <p class='ocr_par' dir='ltr' id='par_1_23' title="bbox 1438 4238 2490 4388">
     <span class='ocr_line' id='line_1_71' title="bbox 1500 4238 2490 4308; baseline -0.013 -12"><span class='ocrx_word' id='word_1_426' title='bbox 1500 4256 1526 4291; x_wconf 73' lang='lat'>8</span> <span class='ocrx_word' id='word_1_427' title='bbox 1552 4243 1835 4308; x_wconf 74' lang='lat' dir='ltr'><strong>Calpurnia]</strong></span> <span class='ocrx_word' id='word_1_428' title='bbox 1860 4244 1920 4296; x_wconf 79' lang='lat' dir='ltr'><strong>L.</strong></span> <span class='ocrx_word' id='word_1_429' title='bbox 1937 4242 2138 4293; x_wconf 88' lang='lat' dir='ltr'><strong>Pisonis</strong></span> <span class='ocrx_word' id='word_1_430' title='bbox 2162 4239 2285 4294; x_wconf 87' lang='lat' dir='ltr'><strong>filia,</strong></span> <span class='ocrx_word' id='word_1_431' title='bbox 2304 4238 2368 4285; x_wconf 82' lang='lat' dir='ltr'><strong>de</strong></span> <span class='ocrx_word' id='word_1_432' title='bbox 2390 4250 2490 4301; x_wconf 83' lang='lat' dir='ltr'><strong>qua</strong></span> 
     </span>
     <span class='ocr_line' id='line_1_72' title="bbox 1438 4314 2490 4388; baseline -0.015 -14"><span class='ocrx_word' id='word_1_433' title='bbox 1438 4338 1595 4388; x_wconf 85' lang='lat' dir='ltr'><strong>supra</strong></span> <span class='ocrx_word' id='word_1_434' title='bbox 1631 4336 1748 4385; x_wconf 87' lang='lat' dir='ltr'><strong>cap.</strong></span> <span class='ocrx_word' id='word_1_435' title='bbox 1785 4325 1867 4371; x_wconf 77' lang='lat'><strong>21.</strong></span> <span class='ocrx_word' id='word_1_436' title='bbox 1903 4319 2217 4382; x_wconf 54' lang='lat' dir='ltr'><strong>‘imaginata</strong></span> <span class='ocrx_word' id='word_1_437' title='bbox 2238 4314 2252 4335; x_wconf 88' lang='lat'>’</span> <span class='ocrx_word' id='word_1_438' title='bbox 2286 4314 2490 4365; x_wconf 86' lang='lat' dir='ltr'><strong>dicitur,</strong></span> 
     </span>
    </p>
   </div>
  </div>
 </body>
</html>
