3019 4922
1248 392 1542 442 sumus,
2360 380 2490 444 155

295 538 376 603 C.
405 537 845 612 Trebatium‚⁰
875 544 952 602 ut
981 545 1374 621 assurgeret,
1405 539 1619 602 minus
1645 537 1958 604 familiari
1987 539 2179 603 vultu
2213 559 2487 624 respex-

293 645 451 707 isse.
542 642 756 726 quue
777 654 799 679 ⁰
843 642 1085 707 sactum
1134 642 1278 725 ejus
1326 648 1509 707 tanto
1561 644 2046 709 intolerabilius
2096 651 2201 708 est
2244 646 2487 721 visum,

293 745 478 827 quod
507 746 682 828 ipse,
713 744 1150 828 triumphanti
1200 753 1269 808 et
1314 744 1641 809 subsellia
1687 742 2086 809 tribuniciad
2130 753 2488 829 praeterve-

290 848 515 912 henti⁷
548 849 679 912 sibi
709 868 915 912 unum
947 869 985 912 e
1018 847 1298 929 collegio
1319 855 1342 882 ⁰
1386 847 1703 913 Pontium
1733 845 2243 932 Aquilamfnon
2271 868 2488 913 assur-

292 951 579 1028 rexisse,
610 952 784 1016 adeo
814 950 1197 1033 indignatus
1226 952 1339 1028 sit,
1373 958 1444 1015 ut
1479 952 2033 1034 proclamaverit:
2055 950 2079 989 ⁸
2127 956 2147 985 ‘
2173 952 2440 1035 Repete
2461 960 2487 996 ⁸

288 1074 450 1136 ergo
482 1074 524 1119 a
551 1076 681 1132 me,
715 1054 984 1139 Aquila,
1016 1054 1536 1139 Rempublicam
1563 1054 1900 1119 Tribunus
1925 1053 1963 1119 :’
2008 1061 2075 1119 et
2117 1074 2235 1119 nec
2288 1054 2488 1119 desti-

287 1158 454 1219 terit
487 1177 607 1240 per
635 1160 983 1222 continuos
1014 1157 1185 1234 dies»,
1241 1157 1600 1241 quicquam
1648 1157 1986 1240 cuiquam,
2025 1156 2153 1219 nisi
2196 1156 2323 1219 sub
2369 1176 2488 1220 ex·

287 1261 603 1342 ceptione
631 1261 962 1345 polliceri,
1010 1265 1030 1293 ‘
1057 1259 1116 1323 si
1161 1266 1387 1323 tamen
1439 1278 1559 1343 per
1588 1259 1897 1323 Pontium
1928 1257 2249 1342 Aquilam
2280 1259 2486 1323 licue-

286 1362 421 1428 rit?
508 1363 673 1449 [79.]
718 1363 990 1448 Adjecit
1021 1363 1107 1427 ad
1140 1370 1277 1427 tam
1309 1362 1631 1445 insignem
1665 1361 1971 1445 despecti
2003 1362 2291 1428 Senatus
2324 1380 2484 1425 con-

286 1466 633 1530 tumeliam
665 1466 869 1531 multo
903 1465 1318 1547 arrogantius
1350 1463 1622 1527 factum.
1661 1507 1667 1514 -
1713 1463 1893 1529 Nam
1917 1484 2068 1528 cum
2087 1473 2115 1514 9
2145 1464 2481 1529 sacrificio

287 1568 677 1634 Latinarum
697 1568 724 1605 ¹¹
753 1575 1118 1636 revertente
1149 1587 1257 1646 eo,
1279 1570 1450 1633 inter
1477 1567 1874 1631 immodicas
1902 1588 1984 1633 ac
2008 1587 2221 1633 novas
2248 1567 2487 1651 populi

350 1765 372 1786 ⁰
408 1757 476 1804 Et
498 1757 598 1806 hoec
618 1757 793 1819 agendi
817 1756 941 1805 ratio
962 1756 1066 1805 visa
1086 1761 1157 1804 est
1179 1769 1230 1804 eo
1256 1753 1411 1815 magis
1429 1752 1745 1813 intoleranda,
1768 1753 1890 1815 quod
1921 1752 2118 1815 ipsemet
2151 1754 2264 1801 adeo
2295 1767 2484 1801 suecen-

284 1823 461 1885 suerit,
484 1823 594 1884 quia
617 1824 821 1871 Pontius
841 1823 1018 1885 Aquila
1037 1822 1163 1870 solus
1183 1836 1209 1869 e
1229 1820 1423 1880 collegio
1449 1818 1759 1867 Tribunorum
1778 1833 1872 1866 non
1893 1817 2232 1866 assurrexisset
2263 1816 2358 1865 sibi
2392 1818 2483 1866 tri·

284 1888 554 1952 amplianti,
575 1894 623 1938 et
640 1890 947 1951 pratereunti
960 1902 1045 1950 per
1062 1888 1197 1934 sedes
1218 1884 1514 1945 tribunitius,
1533 1889 1586 1932 ut
1609 1883 1943 1933 exclamaverit
1959 1898 1975 1930 .·
2014 1884 2060 1930 0
2080 1882 2274 1946 Aquila,
2297 1887 2349 1930 tu
2373 1882 2482 1930 Tri-

287 1952 443 2001 bunus
463 1967 650 2016 reposce
671 1953 825 2014 igitur
847 1970 876 2001 a
898 1969 970 2001 me
988 1951 1449 2020 administrationem
1477 1948 1613 2012 Reip.
1634 1954 1684 1997 et
1701 1948 1864 1998 diebus
1880 1948 2280 2011 consequentibus,
2314 1946 2360 1995 si
2390 1947 2481 1996 ali-

283 2020 396 2080 quid
416 2019 714 2081 promitteret
748 2020 913 2082 alicui,
948 2032 1038 2066 non
1074 2016 1327 2066 cessaverit
1346 2015 1640 2078 promittere,
1677 2020 1859 2064 tontum
1880 2013 1964 2062 sub
1984 2014 2072 2062 hac
2089 2012 2403 2077 udjtaenctione,
2439 2012 2482 2060 si

282 2090 441 2133 tamen
468 2084 666 2133 Pontius
686 2085 865 2148 Aquila
886 2098 979 2132 non
998 2081 1309 2147 prohibuerit.

1203 2225 1567 2248 ΜΟΜΝΟΟ

281 2350 329 2394 2.
397 2345 526 2394 Tum
572 2360 802 2407 exurgere
846 2346 1015 2396 Rhed.
1054 2350 1199 2396 1.-7
1234 2345 1560 2395 Proetereunti
1600 2343 1834 2393 Han-lem.
1881 2341 2014 2397 Edd.
2060 2343 2206 2390 Rom.
2251 2340 2385 2389 Ven.
2431 2343 2483 2387 2.

282 2416 331 2458 3.
356 2411 490 2459 Bon.
517 2411 662 2461 Jnnt.
699 2412 817 2460 ΑΜ.
843 2411 989 2461 Med.
1024 2411 1169 2461 Cald.
1202 2419 1256 2461 et
1287 2412 1474 2475 plures.
1505 2408 1841 2473 proeterveunti
1878 2408 2044 2456 Periz.
2080 2408 2209 2453 Ven.
2237 2409 2281 2455 l.
2352 2405 2480 2453 Mox

280 2478 337 2525 de
372 2479 477 2526 colt.
516 2478 670 2526 Fouc.
743 2477 793 2526 ui
834 2480 994 2528 etiam
1028 2483 1218 2541 repente
1256 2492 1348 2542 pro
1384 2479 1657 2541 νεικείω-8
1692 2475 2012 2523 Proclamat-it
2047 2472 2202 2521 vind.
2232 2477 2277 2520 1.
2344 2471 2481 2520 Dein

281 2558 312 2590 a
354 2544 535 2591 exttlat
583 2544 649 2591 ab
690 2493 919 2592 gadem.
972 2542 1145 2606 Peria.
1201 2560 1231 2593 a
1274 2559 1341 2594 m.
1384 2557 1463 2606 pr.
1557 2540 1691 2590 Item
1733 2541 1999 2588 constiterit
2041 2539 2300 2613 Eoum—9
2350 2536 2481 2583 Nam

282 2608 334 2656 in
363 2623 466 2657 cum
490 2608 707 2657 Memm.
732 2625 824 2673 pro
857 2624 968 2658 nam
999 2624 1103 2658 oum
1134 2609 1206 2670 in,
1240 2617 1300 2658 ut
1334 2607 1484 2658 Huls.
1518 2607 1675 2655 Fouc.
1709 2605 1902 2654 Medic.
1942 2613 2006 2653 tr.
2028 2603 2178 2651 vind.
2205 2603 2348 2677 Cort.
2383 2601 2480 2648 Ed.

283 2673 465 2736 Camp.
560 2675 686 2723 Mox
730 2675 935 2723 modicas
981 2675 1179 2738 Copes.
1230 2674 1398 2724 Periz.
1447 2671 1604 2720 Vind.
1655 2675 1705 2719 2.
1763 2670 1906 2719 Cort.
1965 2669 2192 2718 Harlem.
2245 2670 2323 2741 (in
2377 2679 2477 2739 qno

281 2738 425 2789 deest
453 2739 645 2805 popuii)
684 2740 818 2791 Edd.
853 2741 986 2789 Ven.
1025 2752 1092 2792 tr.
1159 2740 1222 2789 In
1257 2739 1423 2804 Lugd.
1458 2746 1514 2786 et
1548 2736 1695 2788 Junt.
1733 2749 1891 2798 prava
1923 2733 2253 2783 distinctione
2288 2735 2479 2791 interim

1278 2901 1328 2951 N
1337 2897 1506 2949 01*AE

342 3026 363 3051 ⁰
400 3020 459 3068 C.
488 3019 786 3082 Trebatium]
819 3018 923 3068 Hic-
945 3019 1031 3068 ille
1046 3017 1181 3081 juris
1203 3017 1337 3081 peri-

279 3101 378 3152 tus,
417 3095 504 3160 qui
541 3095 802 3145 Caesarem
831 3094 881 3142 in
908 3095 1103 3144 Gallias
1128 3095 1337 3145 comita·

281 3178 360 3220 tus
381 3179 514 3228 erat,
532 3171 597 3221 ad
622 3186 773 3236 quem
799 3180 877 3221 tot
899 3173 1165 3223 Ciceronis
1187 3173 1336 3237 Epis-

280 3248 413 3298 tolae.

340 3326 362 3359 ‘¹
396 3326 636 3376 Subsellia
670 3326 949 3391 tribunicia]
1000 3326 1164 3375 Moris
1203 3333 1340 3397 erat,

282 3411 336 3452 ut
358 3404 689 3467 magistratus
715 3405 888 3466 populi
914 3403 1129 3452 Romani
1147 3408 1336 3467 expec-

284 3487 452 3529 tarent
498 3480 876 3542 triumphantes
914 3479 965 3528 in
1010 3480 1183 3544 aliqua
1222 3494 1337 3543 por·

282 3558 405 3613 tien,
439 3563 500 3604 nt
538 3557 604 3605 de
644 3556 870 3605 Octavia
906 3562 1082 3605 narrat
1117 3555 1336 3618 Josepb.

284 3630 368 3682 lib.
387 3633 583 3682 Bellor.
609 3646 711 3682 vu.
745 3647 791 3681 c.
817 3636 895 3681 16.
936 3632 1023 3681 ubi
1059 3632 1337 3682 notandum

284 3723 342 3755 ex
368 3709 610 3764 Asconio,
642 3708 883 3757 subsellia
903 3706 1059 3757 fuisse
1082 3707 1342 3757 Tribuno-

285 3799 407 3848 rum,
442 3791 498 3834 et
521 3786 775 3833 minorum
799 3783 1210 3846 magistratuum,
1233 3798 1339 3832 ma·

277 3861 443 3924 jorum
470 3876 595 3910 vero
618 3862 781 3910 Sellas
804 3860 1037 3908 curules.

344 3945 364 3973 Θ
400 3939 635 4002 Collegio]
687 3939 885 3987 Decem
931 3946 1081 3986 erant
1121 3936 1337 3986 Tribuni

285 4018 448 4080 plebis
472 4017 693 4067 invicem
717 4015 952 4079 collegae.

346 4091 362 4126 t
388 4095 618 4143 Pontium
638 4090 888 4156 Aquilam]
929 4092 1083 4142 Hunc
1110 4090 1211 4141 Dio
1234 4096 1339 4140 tra-

287 4169 361 4220 ‹lit
398 4171 685 4220 Mutinensi
724 4169 880 4228 bello,
919 4169 985 4219 de
1022 4183 1125 4232 quo
1157 4168 1207 4216 in
1231 4166 1337 4217 Αιι-

289 4256 418 4308 gust.
458 4264 574 4313 cap.
607 4252 657 4297 9.
724 4245 879 4296 Decii
917 4246 1071 4294 Bruti
1110 4245 1335 4309 legatum

288 4324 597 4388 occubuisse,
632 4322 768 4373 unde
808 4322 1110 4372 acerrimum
1133 4320 1336 4371 liberta-

1423 3015 1492 3065 tis
1519 3016 1954 3077 propugnatorem
1979 3006 2133 3056 fuisse
2157 3005 2385 3068 colligas.

1487 3100 1514 3136 ις
1549 3088 1750 3153 Repete]
1797 3084 2134 3136 Contumeliae
2177 3096 2333 3132 causa
2373 3082 2480 3131 dic-

1421 3177 1549 3231 tum,
1571 3169 1716 3233 quasi
1740 3164 2082 3230 exprobraret
2106 3162 2317 3222 Pontio,
2343 3161 2478 3222 quod

1420 3248 1693 3298 ambitiosa
1727 3247 1814 3295 illa
1848 3243 2106 3293 libertatis
2129 3240 2480 3290 ostentatione

1416 3339 1470 3374 se
1496 3325 1717 3388 publicae
1741 3321 1970 3371 fortunae
1995 3317 2245 3367 arbitrum
2269 3330 2368 3364 non
2395 3330 2480 3374 ag·

1419 3407 1679 3462 nosceret,
1727 3400 1808 3448 vel
1851 3396 1998 3462 quasi
2038 3395 2291 3444 rationem
2327 3390 2479 3455 Reip.

1421 3486 1584 3543 gestae
1610 3483 1927 3539 reposceret.

1483 3551 1507 3586 ¹¹
1541 3550 1788 3616 Sacrificio
1818 3545 2123 3607 Latinarum]
2170 3545 2365 3606 Supple
2402 3541 2479 3590 fe-

1421 3629 1630 3679 riarum.
1651 3626 1928 3690 Dionysius
1945 3623 2372 3671 Halicarnasseus
2391 3619 2481 3667 lib.

1422 3718 1497 3757 1v.
1514 3704 1668 3755 ferias
1689 3703 1897 3753 Latinas
1911 3716 1938 3748 a
1952 3697 2229 3762 Tarquinio
2245 3696 2479 3758 Superbo

1420 3784 1682 3833 institutas
1707 3778 1888 3834 refert,
1913 3777 2016 3825 icto
2037 3788 2150 3822 cnm
2167 3771 2367 3821 Latinis
2387 3772 2482 3821 foe-
2535 3794 2545 3807 ι

1420 3861 1562 3919 dere,
1579 3858 1712 3925 qnod
1735 3865 1790 3905 nt
1810 3852 2176 3915 sempiternum
2197 3857 2354 3907 esset,
2371 3850 2480 3913 ejus

1419 3939 1635 3989 consilio
1659 3935 1980 3998 designatum
2005 3936 2086 3977 est
2108 3926 2282 3977 sanum
2310 3927 2359 3976 in
2388 3927 2482 3977 ΑΙ-

1416 4015 1551 4065 bano
1574 4021 1765 4066 monte,
1790 4011 1906 4058 loco
1932 4005 2136 4070 populis
2160 4005 2388 4068 utrisque
2412 4005 2478 4053 ad

1418 4087 1829 4142 conveniendum
1891 4081 2244 4132 accommodo.
2344 4082 2476 4131 Illuc

1417 4167 1630 4232 singulis
1642 4165 1786 4214 annis
1795 4174 2064 4212 commune
2075 4156 2381 4208 sacrificium
2394 4173 2479 4207 ce-

1416 4245 1687 4306 lebraturi,
1711 4255 1886 4292 omnes
1909 4236 2305 4297 conveniebant,
2333 4250 2474 4285 snam

1416 4324 1606 4390 quique
1631 4337 1694 4372 ex
1729 4325 2005 4384 compacto
2044 4315 2353 4379 portionem,
2387 4327 2474 4374 ag-
