<?xml version="1.0" encoding="UTF-8"?>
<!DOCTYPE html PUBLIC "-//W3C//DTD XHTML 1.0 Transitional//EN"
    "http://www.w3.org/TR/xhtml1/DTD/xhtml1-transitional.dtd">
<html xmlns="http://www.w3.org/1999/xhtml" xml:lang="en" lang="en">
 <head>
  <title>
</title>
<meta http-equiv="Content-Type" content="text/html;charset=utf-8" />
  <meta name='ocr-system' content='tesseract 3.04.00' />
  <meta name='ocr-capabilities' content='ocr_page ocr_carea ocr_par ocr_line ocrx_word'/>
</head>
<body>
  <div class='ocr_page' id='page_1' title='image "./operaomniaexedi04suetgoog_0510.png"; bbox 0 0 3019 4922; ppageno 0'>
   <div class='ocr_carea' id='block_1_1' title="bbox 432 376 2720 1137">
    <p class='ocr_par' dir='ltr' id='par_1_1' title="bbox 432 376 2720 1137">
     <span class='ocr_line' id='line_1_1' title="bbox 521 376 1852 442; baseline -0.002 0"><span class='ocrx_word' id='word_1_1' title='bbox 521 376 652 442; x_wconf 79' lang='lat'>498</span> <span class='ocrx_word' id='word_1_2' title='bbox 1379 392 1443 440; x_wconf 83' lang='lat' dir='ltr'>c.</span> <span class='ocrx_word' id='word_1_3' title='bbox 1491 391 1852 441; x_wconf 63' lang='lat' dir='ltr'>sun‘roun</span> 
     </span>
     <span class='ocr_line' id='line_1_2' title="bbox 527 538 2716 617; baseline 0 -12"><span class='ocrx_word' id='word_1_4' title='bbox 527 541 700 606; x_wconf 87' lang='lat' dir='ltr'>adeo</span> <span class='ocrx_word' id='word_1_5' title='bbox 732 538 1046 603; x_wconf 85' lang='lat' dir='ltr'>alimenta</span> <span class='ocrx_word' id='word_1_6' title='bbox 1072 538 1422 617; x_wconf 84' lang='lat' dir='ltr'>subducta,</span> <span class='ocrx_word' id='word_1_7' title='bbox 1453 546 1532 603; x_wconf 87' lang='lat' dir='ltr'>ut</span> <span class='ocrx_word' id='word_1_8' title='bbox 1576 545 1941 605; x_wconf 89' lang='lat' dir='ltr'>tomentum</span> <span class='ocrx_word' id='word_1_9' title='bbox 1967 544 2061 585; x_wconf 71' lang='lat'>10‘1</span> <span class='ocrx_word' id='word_1_10' title='bbox 2105 558 2143 603; x_wconf 91' lang='lat' dir='ltr'>e</span> <span class='ocrx_word' id='word_1_11' title='bbox 2171 538 2423 604; x_wconf 83' lang='lat' dir='ltr'>culcita</span> <span class='ocrx_word' id='word_1_12' title='bbox 2445 547 2466 575; x_wconf 79' lang='lat'>¹&#39;</span> <span class='ocrx_word' id='word_1_13' title='bbox 2509 548 2716 606; x_wconf 85' lang='lat' dir='ltr'>tenta-</span> 
     </span>
     <span class='ocr_line' id='line_1_3' title="bbox 525 640 2717 725; baseline -0.001 -17"><span class='ocrx_word' id='word_1_14' title='bbox 525 645 728 709; x_wconf 84' lang='lat' dir='ltr'>verit⁸</span> <span class='ocrx_word' id='word_1_15' title='bbox 756 641 1104 705; x_wconf 78' lang='lat' dir='ltr'>mandere:</span> <span class='ocrx_word' id='word_1_16' title='bbox 1152 642 1491 705; x_wconf 88' lang='lat' dir='ltr'>amborum</span> <span class='ocrx_word' id='word_1_17' title='bbox 1535 642 1633 706; x_wconf 91' lang='lat' dir='ltr'>sic</span> <span class='ocrx_word' id='word_1_18' title='bbox 1674 640 1998 724; x_wconf 83' lang='lat' dir='ltr'><strong>reliquias</strong></span> <span class='ocrx_word' id='word_1_19' title='bbox 2038 640 2464 725; x_wconf 73' lang='lat' dir='ltr'>dispersaS,¹‘</span> <span class='ocrx_word' id='word_1_20' title='bbox 2504 650 2575 708; x_wconf 90' lang='lat' dir='ltr'>ut</span> <span class='ocrx_word' id='word_1_21' title='bbox 2604 645 2717 707; x_wconf 78' lang='lat' dir='ltr'>vix</span> 
     </span>
     <span class='ocr_line' id='line_1_4' title="bbox 432 731 2716 829; baseline 0.001 -20"><span class='ocrx_word' id='word_1_22' title='bbox 432 731 443 743; x_wconf 70' lang='grc'><strong><em>’</em></strong></span> <span class='ocrx_word' id='word_1_23' title='bbox 525 744 933 829; x_wconf 84' lang='lat' dir='ltr'>quandoque</span> <span class='ocrx_word' id='word_1_24' title='bbox 955 742 1181 824; x_wconf 78' lang='lat' dir='ltr'>colligi</span> <span class='ocrx_word' id='word_1_25' title='bbox 1222 750 1519 826; x_wconf 79' lang='lat' dir='ltr'><strong>possent.</strong></span> <span class='ocrx_word' id='word_1_26' title='bbox 1607 744 1770 826; x_wconf 67' lang='lat'><strong>[55]</strong></span> <span class='ocrx_word' id='word_1_27' title='bbox 1817 744 2037 828; x_wconf 81' lang='lat' dir='ltr'>Super</span> <span class='ocrx_word' id='word_1_28' title='bbox 2065 752 2322 810; x_wconf 86' lang='lat' dir='ltr'>veteres</span> <span class='ocrx_word' id='word_1_29' title='bbox 2351 747 2609 811; x_wconf 86' lang='lat' dir='ltr'>amicos</span> <span class='ocrx_word' id='word_1_30' title='bbox 2639 767 2716 811; x_wconf 86' lang='lat' dir='ltr'>ac</span> 
     </span>
     <span class='ocr_line' id='line_1_5' title="bbox 522 847 2720 933; baseline 0 -20"><span class='ocrx_word' id='word_1_31' title='bbox 522 849 906 927; x_wconf 44' lang='lat' dir='ltr'>familiarem</span> <span class='ocrx_word' id='word_1_32' title='bbox 939 847 1168 929; x_wconf 86' lang='lat' dir='ltr'>viginti</span> <span class='ocrx_word' id='word_1_33' title='bbox 1197 848 1329 911; x_wconf 89' lang='lat' dir='ltr'>sibi</span> <span class='ocrx_word' id='word_1_34' title='bbox 1360 868 1398 911; x_wconf 93' lang='lat' dir='ltr'>e</span> <span class='ocrx_word' id='word_1_35' title='bbox 1425 867 1700 912; x_wconf 86' lang='lat' dir='ltr'>numero</span> <span class='ocrx_word' id='word_1_36' title='bbox 1720 855 1745 884; x_wconf 87' lang='lat'>²</span> <span class='ocrx_word' id='word_1_37' title='bbox 1790 848 2160 932; x_wconf 88' lang='lat' dir='ltr'>principum</span> <span class='ocrx_word' id='word_1_38' title='bbox 2191 849 2486 915; x_wconf 83' lang='lat' dir='ltr'>civitatis</span> <span class='ocrx_word' id='word_1_39' title='bbox 2516 849 2720 933; x_wconf 90' lang='lat' dir='ltr'>depo·</span> 
     </span>
     <span class='ocr_line' id='line_1_6' title="bbox 526 949 2719 1037; baseline 0 -22"><span class='ocrx_word' id='word_1_40' title='bbox 526 959 856 1037; x_wconf 75' lang='lat' dir='ltr'>posuerat,</span> <span class='ocrx_word' id='word_1_41' title='bbox 889 950 1067 1014; x_wconf 86' lang='lat' dir='ltr'>velut</span> <span class='ocrx_word' id='word_1_42' title='bbox 1098 949 1520 1014; x_wconf 81' lang='lat' dir='ltr'>consiliarios</span> <span class='ocrx_word' id='word_1_43' title='bbox 1543 957 1571 985; x_wconf 81' lang='lat'>¹¹</span> <span class='ocrx_word' id='word_1_44' title='bbox 1621 951 1691 1014; x_wconf 90' lang='lat' dir='ltr'>in</span> <span class='ocrx_word' id='word_1_45' title='bbox 1723 951 2008 1033; x_wconf 88' lang='lat' dir='ltr'>negotiis</span> <span class='ocrx_word' id='word_1_46' title='bbox 2043 951 2366 1035; x_wconf 63' lang='lat' dir='ltr'>publicis⁴</span> <span class='ocrx_word' id='word_1_47' title='bbox 2455 952 2719 1016; x_wconf 88' lang='lat' dir='ltr'>Horum</span> 
     </span>
     <span class='ocr_line' id='line_1_7' title="bbox 523 1052 2718 1137; baseline -0 -18"><span class='ocrx_word' id='word_1_48' title='bbox 523 1055 813 1128; x_wconf 86' lang='lat' dir='ltr'>omnium</span> <span class='ocrx_word' id='word_1_49' title='bbox 872 1054 986 1116; x_wconf 78' lang='lat' dir='ltr'>vix</span> <span class='ocrx_word' id='word_1_50' title='bbox 1034 1052 1202 1116; x_wconf 87' lang='lat' dir='ltr'>duos</span> <span class='ocrx_word' id='word_1_51' title='bbox 1247 1059 1363 1118; x_wconf 83' lang='lat' dir='ltr'>aut</span> <span class='ocrx_word' id='word_1_52' title='bbox 1409 1061 1575 1118; x_wconf 78' lang='lat' dir='ltr'>tres³</span> <span class='ocrx_word' id='word_1_53' title='bbox 1624 1054 1991 1119; x_wconf 81' lang='lat' dir='ltr'>incolumes</span> <span class='ocrx_word' id='word_1_54' title='bbox 2037 1056 2391 1137; x_wconf 77' lang='lat' dir='ltr'>praestitit:</span> <span class='ocrx_word' id='word_1_55' title='bbox 2440 1060 2718 1136; x_wconf 81' lang='lat' dir='ltr'>ceteros,</span> 
     </span>
    </p>
   </div>
   <div class='ocr_carea' id='block_1_2' title="bbox 527 1155 2818 1240">
    <p class='ocr_par' dir='ltr' id='par_1_2' title="bbox 527 1155 2818 1240">
     <span class='ocr_line' id='line_1_8' title="bbox 527 1155 2818 1240; baseline -0.001 -19"><span class='ocrx_word' id='word_1_56' title='bbox 527 1159 730 1221; x_wconf 89' lang='lat' dir='ltr'>alium</span> <span class='ocrx_word' id='word_1_57' title='bbox 761 1157 895 1221; x_wconf 87' lang='lat' dir='ltr'>alia</span> <span class='ocrx_word' id='word_1_58' title='bbox 922 1156 1007 1218; x_wconf 90' lang='lat' dir='ltr'>de</span> <span class='ocrx_word' id='word_1_59' title='bbox 1035 1175 1269 1233; x_wconf 84' lang='lat' dir='ltr'>causa,</span> <span class='ocrx_word' id='word_1_60' title='bbox 1301 1155 1610 1240; x_wconf 88' lang='lat' dir='ltr'>perculit,</span> <span class='ocrx_word' id='word_1_61' title='bbox 1640 1155 1816 1219; x_wconf 88' lang='lat' dir='ltr'>inter</span> <span class='ocrx_word' id='word_1_62' title='bbox 1843 1176 2016 1237; x_wconf 89' lang='lat' dir='ltr'>quos</span> <span class='ocrx_word' id='word_1_63' title='bbox 2038 1163 2068 1204; x_wconf 85' lang='lat'>4</span> <span class='ocrx_word' id='word_1_64' title='bbox 2097 1176 2247 1219; x_wconf 90' lang='lat' dir='ltr'>cum</span> <span class='ocrx_word' id='word_1_65' title='bbox 2279 1156 2715 1238; x_wconf 77' lang='lat' dir='ltr'>plurimorum</span> <span class='ocrx_word' id='word_1_66' title='bbox 2814 1196 2818 1199; x_wconf 55' lang='lat'>&gt;</span> 
     </span>
    </p>
   </div>
   <div class='ocr_carea' id='block_1_3' title="bbox 523 1258 2771 1343">
    <p class='ocr_par' dir='ltr' id='par_1_3' title="bbox 523 1258 2771 1343">
     <span class='ocr_line' id='line_1_9' title="bbox 523 1258 2771 1343; baseline -0.001 -19"><span class='ocrx_word' id='word_1_67' title='bbox 523 1260 718 1324; x_wconf 87' lang='lat' dir='ltr'>clade</span> <span class='ocrx_word' id='word_1_68' title='bbox 754 1260 1002 1323; x_wconf 85' lang='lat' dir='ltr'>AElium</span> <span class='ocrx_word' id='word_1_69' title='bbox 1038 1258 1405 1343; x_wconf 75' lang='lat' dir='ltr'>Sejanum,v</span> <span class='ocrx_word' id='word_1_70' title='bbox 1450 1279 1647 1342; x_wconf 89' lang='lat' dir='ltr'>quem</span> <span class='ocrx_word' id='word_1_71' title='bbox 1694 1258 1779 1322; x_wconf 88' lang='lat' dir='ltr'>ad</span> <span class='ocrx_word' id='word_1_72' title='bbox 1825 1278 2149 1324; x_wconf 86' lang='lat' dir='ltr'>summam</span> <span class='ocrx_word' id='word_1_73' title='bbox 2183 1261 2553 1342; x_wconf 83' lang='lat' dir='ltr'>potentiam</span> <span class='ocrx_word' id='word_1_74' title='bbox 2584 1278 2713 1322; x_wconf 89' lang='lat' dir='ltr'>uon</span> <span class='ocrx_word' id='word_1_75' title='bbox 2759 1276 2771 1283; x_wconf 74' lang='grc'><strong><em>’</em></strong></span> 
     </span>
    </p>
   </div>
   <div class='ocr_carea' id='block_1_4' title="bbox 1434 1442 1795 1463">
    <p class='ocr_par' dir='ltr' id='par_1_4' title="bbox 1434 1442 1795 1463">
     <span class='ocr_line' id='line_1_10' title="bbox 1434 1442 1795 1463; baseline 0 -2"><span class='ocrx_word' id='word_1_76' title='bbox 1434 1442 1795 1463; x_wconf 62' lang='lat' dir='ltr'>O‘OOOOOOONO</span> 
     </span>
    </p>
   </div>
   <div class='ocr_carea' id='block_1_5' title="bbox 515 1573 2724 2227">
    <p class='ocr_par' dir='ltr' id='par_1_5' title="bbox 515 1573 2724 2227">
     <span class='ocr_line' id='line_1_11' title="bbox 523 1573 2721 1638; baseline -0 -14"><span class='ocrx_word' id='word_1_77' title='bbox 523 1576 802 1625; x_wconf 66' lang='lat' dir='ltr'>Rom—10</span> <span class='ocrx_word' id='word_1_78' title='bbox 840 1575 1308 1626; x_wconf 73' lang='lat' dir='ltr'>omentumMedic.</span> <span class='ocrx_word' id='word_1_79' title='bbox 1331 1581 1379 1625; x_wconf 90' lang='grc'>1.</span> <span class='ocrx_word' id='word_1_80' title='bbox 1405 1576 1563 1625; x_wconf 79' lang='lat' dir='ltr'>vind.</span> <span class='ocrx_word' id='word_1_81' title='bbox 1588 1580 1637 1625; x_wconf 83' lang='grc'>2.</span> <span class='ocrx_word' id='word_1_82' title='bbox 1661 1577 1803 1626; x_wconf 87' lang='lat' dir='ltr'>Cort.</span> <span class='ocrx_word' id='word_1_83' title='bbox 1825 1576 1955 1638; x_wconf 82' lang='lat' dir='ltr'>Cop.</span> <span class='ocrx_word' id='word_1_84' title='bbox 1980 1579 2263 1626; x_wconf 73' lang='lat' dir='ltr'>tormentum</span> <span class='ocrx_word' id='word_1_85' title='bbox 2284 1574 2476 1632; x_wconf 73' lang='lat' dir='ltr'>Medic.</span> <span class='ocrx_word' id='word_1_86' title='bbox 2495 1578 2544 1624; x_wconf 75' lang='grc'>3.</span> <span class='ocrx_word' id='word_1_87' title='bbox 2568 1573 2721 1625; x_wconf 85' lang='lat' dir='ltr'>vind.</span> 
     </span>
     <span class='ocr_line' id='line_1_12' title="bbox 525 1639 2720 1702; baseline -0.001 -13"><span class='ocrx_word' id='word_1_88' title='bbox 525 1646 569 1690; x_wconf 96' lang='grc'>1.</span> <span class='ocrx_word' id='word_1_89' title='bbox 608 1640 741 1692; x_wconf 78' lang='lat' dir='ltr'>Edu.</span> <span class='ocrx_word' id='word_1_90' title='bbox 784 1639 930 1702; x_wconf 78' lang='lat' dir='ltr'>Rom.</span> <span class='ocrx_word' id='word_1_91' title='bbox 961 1642 1092 1689; x_wconf 85' lang='lat' dir='ltr'>Ven.</span> <span class='ocrx_word' id='word_1_92' title='bbox 1115 1646 1163 1690; x_wconf 92' lang='grc'>1.</span> <span class='ocrx_word' id='word_1_93' title='bbox 1231 1642 1336 1690; x_wconf 89' lang='lat' dir='ltr'>Alii</span> <span class='ocrx_word' id='word_1_94' title='bbox 1376 1641 1529 1690; x_wconf 86' lang='lat' dir='ltr'>etiam</span> <span class='ocrx_word' id='word_1_95' title='bbox 1566 1642 1763 1690; x_wconf 78' lang='lat' dir='ltr'>culcitra</span> <span class='ocrx_word' id='word_1_96' title='bbox 1803 1641 2288 1702; x_wconf 80' lang='lat' dir='ltr'>contraVV.DD.</span> <span class='ocrx_word' id='word_1_97' title='bbox 2324 1641 2720 1688; x_wconf 82' lang='lat' dir='ltr'>sententiam.—</span> 
     </span>
     <span class='ocr_line' id='line_1_13' title="bbox 524 1705 2720 1771; baseline -0.001 -17"><span class='ocrx_word' id='word_1_98' title='bbox 524 1710 549 1754; x_wconf 93' lang='lat'>1</span> <span class='ocrx_word' id='word_1_99' title='bbox 589 1706 824 1767; x_wconf 79' lang='lat' dir='ltr'>Reliquiis</span> <span class='ocrx_word' id='word_1_100' title='bbox 842 1706 1069 1769; x_wconf 73' lang='lat' dir='ltr'>dispersis</span> <span class='ocrx_word' id='word_1_101' title='bbox 1091 1706 1247 1755; x_wconf 81' lang='lat' dir='ltr'>vind.</span> <span class='ocrx_word' id='word_1_102' title='bbox 1270 1711 1317 1755; x_wconf 93' lang='grc'>1.</span> <span class='ocrx_word' id='word_1_103' title='bbox 1336 1707 1469 1755; x_wconf 84' lang='lat' dir='ltr'>Edd.</span> <span class='ocrx_word' id='word_1_104' title='bbox 1491 1707 1615 1754; x_wconf 86' lang='lat' dir='ltr'>Bas.</span> <span class='ocrx_word' id='word_1_105' title='bbox 1643 1706 1811 1756; x_wconf 84' lang='lat' dir='ltr'>Colin.</span> <span class='ocrx_word' id='word_1_106' title='bbox 1835 1706 2036 1771; x_wconf 82' lang='lat' dir='ltr'>Gryph.</span> <span class='ocrx_word' id='word_1_107' title='bbox 2061 1705 2240 1756; x_wconf 86' lang='lat' dir='ltr'>Plant.</span> <span class='ocrx_word' id='word_1_108' title='bbox 2262 1713 2315 1754; x_wconf 82' lang='lat' dir='ltr'>et</span> <span class='ocrx_word' id='word_1_109' title='bbox 2341 1712 2566 1755; x_wconf 82' lang='lat' dir='ltr'>recentt.</span> <span class='ocrx_word' id='word_1_110' title='bbox 2605 1719 2720 1766; x_wconf 87' lang='lat' dir='ltr'>pro-</span> 
     </span>
     <span class='ocr_line' id='line_1_14' title="bbox 517 1769 2724 1836; baseline -0.002 -15"><span class='ocrx_word' id='word_1_111' title='bbox 517 1771 674 1821; x_wconf 87' lang='lat' dir='ltr'>bante</span> <span class='ocrx_word' id='word_1_112' title='bbox 700 1769 851 1822; x_wconf 79' lang='lat' dir='ltr'>Wolf,</span> <span class='ocrx_word' id='word_1_113' title='bbox 884 1771 1065 1833; x_wconf 61' lang='lat' dir='ltr'>reliqua</span> <span class='ocrx_word' id='word_1_114' title='bbox 1088 1772 1300 1834; x_wconf 81' lang='lat' dir='ltr'>dispersa</span> <span class='ocrx_word' id='word_1_115' title='bbox 1331 1772 1452 1821; x_wconf 86' lang='lat' dir='ltr'>Lisl.</span> <span class='ocrx_word' id='word_1_116' title='bbox 1489 1770 1606 1834; x_wconf 90' lang='lat' dir='ltr'>Cuj.</span> <span class='ocrx_word' id='word_1_117' title='bbox 1629 1770 1792 1821; x_wconf 85' lang='lat' dir='ltr'>Gron.</span> <span class='ocrx_word' id='word_1_118' title='bbox 1818 1772 2022 1820; x_wconf 85' lang='lat' dir='ltr'>censuit</span> <span class='ocrx_word' id='word_1_119' title='bbox 2050 1770 2256 1836; x_wconf 76' lang='lat' dir='ltr'>legend.</span> <span class='ocrx_word' id='word_1_120' title='bbox 2292 1772 2531 1819; x_wconf 79' lang='lat' dir='ltr'>mandere.</span> <span class='ocrx_word' id='word_1_121' title='bbox 2581 1770 2724 1818; x_wconf 71' lang='lat' dir='ltr'>Anah.</span> 
     </span>
     <span class='ocr_line' id='line_1_15' title="bbox 517 1834 2712 1899; baseline -0.001 -14"><span class='ocrx_word' id='word_1_122' title='bbox 517 1837 589 1885; x_wconf 81' lang='lat' dir='ltr'>sic</span> <span class='ocrx_word' id='word_1_123' title='bbox 624 1836 836 1897; x_wconf 72' lang='lat' dir='ltr'>reliquia·</span> <span class='ocrx_word' id='word_1_124' title='bbox 869 1835 1112 1899; x_wconf 75' lang='lat' dir='ltr'>disper-sce,</span> <span class='ocrx_word' id='word_1_125' title='bbox 1156 1851 1323 1898; x_wconf 85' lang='lat' dir='ltr'>neque</span> <span class='ocrx_word' id='word_1_126' title='bbox 1364 1837 1427 1884; x_wconf 91' lang='lat' dir='ltr'>ab</span> <span class='ocrx_word' id='word_1_127' title='bbox 1465 1851 1529 1886; x_wconf 85' lang='lat' dir='ltr'>ea</span> <span class='ocrx_word' id='word_1_128' title='bbox 1565 1836 1926 1885; x_wconf 80' lang='lat' dir='ltr'>emendatione</span> <span class='ocrx_word' id='word_1_129' title='bbox 1967 1837 2165 1888; x_wconf 87' lang='lat' dir='ltr'>alienus</span> <span class='ocrx_word' id='word_1_130' title='bbox 2200 1842 2282 1885; x_wconf 90' lang='lat' dir='ltr'>est</span> <span class='ocrx_word' id='word_1_131' title='bbox 2317 1834 2458 1884; x_wconf 88' lang='lat' dir='ltr'>Oud.</span> <span class='ocrx_word' id='word_1_132' title='bbox 2536 1834 2712 1884; x_wconf 82' lang='lat' dir='ltr'>Ceteri</span> 
     </span>
     <span class='ocr_line' id='line_1_16' title="bbox 520 1900 2721 1964; baseline 0.001 -17"><span class='ocrx_word' id='word_1_133' title='bbox 520 1900 701 1961; x_wconf 79' lang='lat' dir='ltr'>scripti</span> <span class='ocrx_word' id='word_1_134' title='bbox 738 1908 792 1949; x_wconf 91' lang='lat' dir='ltr'>et</span> <span class='ocrx_word' id='word_1_135' title='bbox 827 1901 954 1949; x_wconf 86' lang='lat' dir='ltr'>editi</span> <span class='ocrx_word' id='word_1_136' title='bbox 993 1910 1202 1950; x_wconf 84' lang='lat' dir='ltr'>tuentur</span> <span class='ocrx_word' id='word_1_137' title='bbox 1241 1908 1433 1964; x_wconf 79' lang='lat' dir='ltr'>recept.</span> <span class='ocrx_word' id='word_1_138' title='bbox 1465 1903 1590 1951; x_wconf 88' lang='lat' dir='ltr'>lect.</span> <span class='ocrx_word' id='word_1_139' title='bbox 1661 1902 1720 1950; x_wconf 85' lang='lat' dir='ltr'>ln</span> <span class='ocrx_word' id='word_1_140' title='bbox 1761 1902 1864 1949; x_wconf 80' lang='lat' dir='ltr'>tine</span> <span class='ocrx_word' id='word_1_141' title='bbox 1887 1902 2017 1964; x_wconf 84' lang='lat' dir='ltr'>Cap.</span> <span class='ocrx_word' id='word_1_142' title='bbox 2048 1903 2224 1950; x_wconf 84' lang='lat' dir='ltr'>exulat</span> <span class='ocrx_word' id='word_1_143' title='bbox 2415 1905 2436 1947; x_wconf 80' lang='lat' dir='ltr'>t</span> <span class='ocrx_word' id='word_1_144' title='bbox 2462 1915 2491 1947; x_wconf 83' lang='lat' dir='ltr'>a</span> <span class='ocrx_word' id='word_1_145' title='bbox 2517 1900 2721 1949; x_wconf 74' lang='lat' dir='ltr'>Dua.—</span> 
     </span>
     <span class='ocr_line' id='line_1_17' title="bbox 520 1964 2720 2029; baseline 0.001 -17"><span class='ocrx_word' id='word_1_146' title='bbox 520 1968 553 2024; x_wconf 78' lang='grc'>2</span> <span class='ocrx_word' id='word_1_147' title='bbox 590 1966 672 2013; x_wconf 77' lang='lat' dir='ltr'>Ex</span> <span class='ocrx_word' id='word_1_148' title='bbox 693 1981 820 2014; x_wconf 81' lang='lat' dir='ltr'>num.</span> <span class='ocrx_word' id='word_1_149' title='bbox 853 1966 1012 2014; x_wconf 88' lang='lat' dir='ltr'>Vind.</span> <span class='ocrx_word' id='word_1_150' title='bbox 1038 1970 1082 2014; x_wconf 91' lang='lat'>1.</span> <span class='ocrx_word' id='word_1_151' title='bbox 1109 1973 1162 2015; x_wconf 87' lang='lat' dir='ltr'>et</span> <span class='ocrx_word' id='word_1_152' title='bbox 1200 1969 1465 2029; x_wconf 77' lang='lat' dir='ltr'>deposceret</span> <span class='ocrx_word' id='word_1_153' title='bbox 1507 1966 1662 2016; x_wconf 86' lang='lat' dir='ltr'>Huls.</span> <span class='ocrx_word' id='word_1_154' title='bbox 1723 1967 1852 2015; x_wconf 88' lang='lat' dir='ltr'>Mox</span> <span class='ocrx_word' id='word_1_155' title='bbox 1885 1967 2035 2016; x_wconf 82' lang='lat' dir='ltr'>veluti</span> <span class='ocrx_word' id='word_1_156' title='bbox 2067 1981 2191 2015; x_wconf 82' lang='lat' dir='ltr'>cons.</span> <span class='ocrx_word' id='word_1_157' title='bbox 2226 1964 2379 2013; x_wconf 77' lang='lat' dir='ltr'>vind.</span> <span class='ocrx_word' id='word_1_158' title='bbox 2403 1968 2552 2014; x_wconf 77' lang='grc'><strong>2.-3</strong></span> <span class='ocrx_word' id='word_1_159' title='bbox 2590 1964 2720 2014; x_wconf 74' lang='lat' dir='ltr'>Anne</span> 
     </span>
     <span class='ocr_line' id='line_1_18' title="bbox 519 2030 2717 2094; baseline -0 -16"><span class='ocrx_word' id='word_1_160' title='bbox 519 2034 615 2078; x_wconf 84' lang='lat' dir='ltr'>tres</span> <span class='ocrx_word' id='word_1_161' title='bbox 649 2031 860 2078; x_wconf 87' lang='lat' dir='ltr'>Memm.</span> <span class='ocrx_word' id='word_1_162' title='bbox 893 2031 1022 2094; x_wconf 86' lang='lat' dir='ltr'>Cop.</span> <span class='ocrx_word' id='word_1_163' title='bbox 1055 2031 1171 2093; x_wconf 88' lang='lat' dir='ltr'>Cuj.</span> <span class='ocrx_word' id='word_1_164' title='bbox 1205 2032 1340 2083; x_wconf 86' lang='lat' dir='ltr'>Dun.</span> <span class='ocrx_word' id='word_1_165' title='bbox 1382 2031 1577 2081; x_wconf 85' lang='lat' dir='ltr'>Medic.</span> <span class='ocrx_word' id='word_1_166' title='bbox 1602 2031 1757 2080; x_wconf 88' lang='lat' dir='ltr'>Polit.</span> <span class='ocrx_word' id='word_1_167' title='bbox 1785 2032 1937 2080; x_wconf 87' lang='lat' dir='ltr'>Voss.</span> <span class='ocrx_word' id='word_1_168' title='bbox 1959 2047 2075 2081; x_wconf 73' lang='lat' dir='ltr'>anve</span> <span class='ocrx_word' id='word_1_169' title='bbox 2097 2037 2159 2079; x_wconf 82' lang='lat' dir='ltr'>tr.</span> <span class='ocrx_word' id='word_1_170' title='bbox 2187 2030 2286 2079; x_wconf 86' lang='lat' dir='ltr'>Ed.</span> <span class='ocrx_word' id='word_1_171' title='bbox 2313 2031 2441 2079; x_wconf 83' lang='lat' dir='ltr'>Ven.</span> <span class='ocrx_word' id='word_1_172' title='bbox 2472 2034 2518 2078; x_wconf 91' lang='grc'>1.</span> <span class='ocrx_word' id='word_1_173' title='bbox 2585 2030 2717 2077; x_wconf 84' lang='lat' dir='ltr'>Turn</span> 
     </span>
     <span class='ocr_line' id='line_1_19' title="bbox 516 2093 2717 2158; baseline -0.001 -17"><span class='ocrx_word' id='word_1_174' title='bbox 516 2098 780 2157; x_wconf 77' lang='lat' dir='ltr'>ceterosque</span> <span class='ocrx_word' id='word_1_175' title='bbox 804 2096 855 2143; x_wconf 90' lang='lat' dir='ltr'>in</span> <span class='ocrx_word' id='word_1_176' title='bbox 878 2104 1099 2158; x_wconf 85' lang='lat' dir='ltr'>utroque</span> <span class='ocrx_word' id='word_1_177' title='bbox 1125 2097 1282 2146; x_wconf 81' lang='lat' dir='ltr'>vind.</span> <span class='ocrx_word' id='word_1_178' title='bbox 1308 2097 1453 2145; x_wconf 88' lang='lat' dir='ltr'>Cort.</span> <span class='ocrx_word' id='word_1_179' title='bbox 1476 2096 1648 2145; x_wconf 87' lang='lat' dir='ltr'>Periz.</span> <span class='ocrx_word' id='word_1_180' title='bbox 1672 2103 1725 2145; x_wconf 80' lang='lat' dir='ltr'>et</span> <span class='ocrx_word' id='word_1_181' title='bbox 1748 2096 1885 2146; x_wconf 88' lang='lat' dir='ltr'>Edd.</span> <span class='ocrx_word' id='word_1_182' title='bbox 1925 2107 2047 2145; x_wconf 86' lang='lat' dir='ltr'>ante</span> <span class='ocrx_word' id='word_1_183' title='bbox 2085 2098 2301 2144; x_wconf 55' lang='lat' dir='ltr'>Base-4</span> <span class='ocrx_word' id='word_1_184' title='bbox 2339 2095 2398 2143; x_wconf 82' lang='lat' dir='ltr'>In</span> <span class='ocrx_word' id='word_1_185' title='bbox 2434 2109 2550 2157; x_wconf 73' lang='lat' dir='ltr'>quos</span> <span class='ocrx_word' id='word_1_186' title='bbox 2585 2093 2717 2142; x_wconf 86' lang='lat' dir='ltr'>Har-</span> 
     </span>
     <span class='ocr_line' id='line_1_20' title="bbox 515 2158 2717 2227; baseline 0 -21"><span class='ocrx_word' id='word_1_187' title='bbox 515 2158 636 2207; x_wconf 88' lang='lat' dir='ltr'>lem.</span> <span class='ocrx_word' id='word_1_188' title='bbox 658 2159 792 2212; x_wconf 88' lang='lat' dir='ltr'>Edd.</span> <span class='ocrx_word' id='word_1_189' title='bbox 817 2160 952 2211; x_wconf 89' lang='lat' dir='ltr'>Ven.</span> <span class='ocrx_word' id='word_1_190' title='bbox 976 2161 1119 2220; x_wconf 84' lang='lat' dir='ltr'>Med.</span> <span class='ocrx_word' id='word_1_191' title='bbox 1144 2163 1209 2211; x_wconf 86' lang='lat' dir='ltr'>al.</span> <span class='ocrx_word' id='word_1_192' title='bbox 1236 2162 1375 2212; x_wconf 88' lang='lat' dir='ltr'>Oud.</span> <span class='ocrx_word' id='word_1_193' title='bbox 1396 2175 1527 2210; x_wconf 89' lang='lat' dir='ltr'>corr.</span> <span class='ocrx_word' id='word_1_194' title='bbox 1549 2161 1762 2224; x_wconf 77' lang='lat' dir='ltr'>interque</span> <span class='ocrx_word' id='word_1_195' title='bbox 1779 2176 1874 2226; x_wconf 85' lang='lat' dir='ltr'>eos,</span> <span class='ocrx_word' id='word_1_196' title='bbox 1899 2162 2242 2227; x_wconf 82' lang='lat' dir='ltr'>probavitque</span> <span class='ocrx_word' id='word_1_197' title='bbox 2265 2158 2427 2209; x_wconf 82' lang='lat' dir='ltr'>Wolf.</span> <span class='ocrx_word' id='word_1_198' title='bbox 2464 2160 2593 2208; x_wconf 84' lang='lat' dir='ltr'>Post</span> <span class='ocrx_word' id='word_1_199' title='bbox 2613 2174 2717 2222; x_wconf 82' lang='lat' dir='ltr'>per-</span> 
     </span>
    </p>
   </div>
   <div class='ocr_carea' id='block_1_6' title="bbox 1503 2340 1721 2392">
    <p class='ocr_par' dir='ltr' id='par_1_6' title="bbox 1503 2340 1721 2392">
     <span class='ocr_line' id='line_1_21' title="bbox 1503 2340 1721 2392; baseline 0.005 -2"><span class='ocrx_word' id='word_1_200' title='bbox 1503 2340 1721 2392; x_wconf 78' lang='lat' dir='ltr'>NOTAE</span> 
     </span>
    </p>
   </div>
   <div class='ocr_carea' id='block_1_7' title="bbox 514 2452 1578 2904">
    <p class='ocr_par' dir='ltr' id='par_1_7' title="bbox 518 2452 1338 2519">
     <span class='ocr_line' id='line_1_22' title="bbox 518 2452 1338 2519; baseline 0.004 -17"><span class='ocrx_word' id='word_1_201' title='bbox 518 2453 855 2519; x_wconf 62' lang='lat' dir='ltr'>praecedenti,</span> <span class='ocrx_word' id='word_1_202' title='bbox 879 2460 934 2504; x_wconf 91' lang='lat' dir='ltr'>et</span> <span class='ocrx_word' id='word_1_203' title='bbox 958 2452 1093 2504; x_wconf 87' lang='lat' dir='ltr'>infra</span> <span class='ocrx_word' id='word_1_204' title='bbox 1115 2470 1232 2518; x_wconf 86' lang='lat' dir='ltr'>cap.</span> <span class='ocrx_word' id='word_1_205' title='bbox 1256 2458 1338 2505; x_wconf 80' lang='lat'>75.</span> 
     </span>
    </p>

    <p class='ocr_par' dir='ltr' id='par_1_8' title="bbox 514 2531 1578 2904">
     <span class='ocr_line' id='line_1_23' title="bbox 581 2531 1578 2595; baseline 0.002 -16"><span class='ocrx_word' id='word_1_206' title='bbox 581 2539 605 2572; x_wconf 68' lang='grc' dir='ltr'><strong>Ἰ</strong></span> <span class='ocrx_word' id='word_1_207' title='bbox 663 2531 963 2594; x_wconf 78' lang='lat' dir='ltr'>Tomentum]</span> <span class='ocrx_word' id='word_1_208' title='bbox 1022 2532 1293 2581; x_wconf 77' lang='lat' dir='ltr'>Farrimen</span> <span class='ocrx_word' id='word_1_209' title='bbox 1337 2538 1436 2594; x_wconf 81' lang='lat' dir='ltr'>est,</span> <span class='ocrx_word' id='word_1_210' title='bbox 1476 2545 1578 2595; x_wconf 87' lang='lat' dir='ltr'>quo</span> 
     </span>
     <span class='ocr_line' id='line_1_24' title="bbox 516 2608 1577 2674; baseline 0.002 -18"><span class='ocrx_word' id='word_1_211' title='bbox 516 2608 797 2670; x_wconf 83' lang='lat' dir='ltr'>implentur</span> <span class='ocrx_word' id='word_1_212' title='bbox 827 2609 1081 2670; x_wconf 80' lang='lat' dir='ltr'>culcitrae,</span> <span class='ocrx_word' id='word_1_213' title='bbox 1117 2609 1334 2658; x_wconf 86' lang='lat' dir='ltr'>divitum</span> <span class='ocrx_word' id='word_1_214' title='bbox 1370 2608 1577 2674; x_wconf 86' lang='lat' dir='ltr'>quidem</span> 
     </span>
     <span class='ocr_line' id='line_1_25' title="bbox 517 2685 1577 2747; baseline 0.002 -14"><span class='ocrx_word' id='word_1_215' title='bbox 517 2700 582 2734; x_wconf 86' lang='lat' dir='ltr'>ex</span> <span class='ocrx_word' id='word_1_216' title='bbox 609 2686 725 2733; x_wconf 83' lang='lat' dir='ltr'>lana</span> <span class='ocrx_word' id='word_1_217' title='bbox 749 2685 885 2747; x_wconf 86' lang='lat' dir='ltr'>alba,</span> <span class='ocrx_word' id='word_1_218' title='bbox 920 2685 1057 2735; x_wconf 88' lang='lat' dir='ltr'>unde</span> <span class='ocrx_word' id='word_1_219' title='bbox 1082 2686 1402 2736; x_wconf 84' lang='lat' dir='ltr'>leuconicum</span> <span class='ocrx_word' id='word_1_220' title='bbox 1441 2686 1577 2735; x_wconf 84' lang='lat' dir='ltr'>dice-</span> 
     </span>
     <span class='ocr_line' id='line_1_26' title="bbox 514 2760 1576 2825; baseline 0.002 -16"><span class='ocrx_word' id='word_1_221' title='bbox 514 2760 703 2821; x_wconf 80' lang='lat' dir='ltr'>batur3</span> <span class='ocrx_word' id='word_1_222' title='bbox 761 2777 1046 2825; x_wconf 88' lang='lat' dir='ltr'>pauperum</span> <span class='ocrx_word' id='word_1_223' title='bbox 1084 2777 1207 2812; x_wconf 85' lang='lat' dir='ltr'>vero</span> <span class='ocrx_word' id='word_1_224' title='bbox 1243 2777 1308 2811; x_wconf 85' lang='lat' dir='ltr'>ex</span> <span class='ocrx_word' id='word_1_225' title='bbox 1353 2762 1576 2812; x_wconf 85' lang='lat' dir='ltr'>concisis</span> 
     </span>
     <span class='ocr_line' id='line_1_27' title="bbox 517 2838 1577 2904; baseline 0.003 -20"><span class='ocrx_word' id='word_1_226' title='bbox 517 2838 871 2900; x_wconf 80' lang='lat' dir='ltr'>arundinibus,</span> <span class='ocrx_word' id='word_1_227' title='bbox 910 2839 1044 2904; x_wconf 83' lang='lat' dir='ltr'>quod</span> <span class='ocrx_word' id='word_1_228' title='bbox 1089 2845 1426 2889; x_wconf 86' lang='lat' dir='ltr'>stramentum</span> <span class='ocrx_word' id='word_1_229' title='bbox 1466 2840 1577 2901; x_wconf 88' lang='lat' dir='ltr'>ple-</span> 
     </span>
    </p>
   </div>
   <div class='ocr_carea' id='block_1_8' title="bbox 514 2912 1584 2976">
    <p class='ocr_par' dir='ltr' id='par_1_9' title="bbox 514 2912 1584 2976">
     <span class='ocr_line' id='line_1_28' title="bbox 514 2912 1584 2976; baseline 0.003 -14"><span class='ocrx_word' id='word_1_230' title='bbox 514 2912 767 2976; x_wconf 88' lang='lat' dir='ltr'>beiorum,</span> <span class='ocrx_word' id='word_1_231' title='bbox 790 2923 846 2965; x_wconf 88' lang='lat' dir='ltr'>et</span> <span class='ocrx_word' id='word_1_232' title='bbox 866 2921 1146 2967; x_wconf 89' lang='lat' dir='ltr'>tomentum</span> <span class='ocrx_word' id='word_1_233' title='bbox 1166 2916 1411 2966; x_wconf 78' lang='lat' dir='ltr'>Circense</span> <span class='ocrx_word' id='word_1_234' title='bbox 1436 2914 1584 2965; x_wconf 86' lang='lat' dir='ltr'>dice-.</span> 
     </span>
    </p>
   </div>
   <div class='ocr_carea' id='block_1_9' title="bbox 492 2989 1577 4349">
    <p class='ocr_par' dir='ltr' id='par_1_10' title="bbox 513 2989 1577 3433">
     <span class='ocr_line' id='line_1_29' title="bbox 515 2989 1575 3054; baseline 0.003 -16"><span class='ocrx_word' id='word_1_235' title='bbox 515 2989 690 3052; x_wconf 84' lang='lat' dir='ltr'>batur,</span> <span class='ocrx_word' id='word_1_236' title='bbox 723 2991 843 3054; x_wconf 86' lang='lat' dir='ltr'>quia</span> <span class='ocrx_word' id='word_1_237' title='bbox 879 2991 932 3040; x_wconf 89' lang='lat' dir='ltr'>iu</span> <span class='ocrx_word' id='word_1_238' title='bbox 965 2991 1118 3042; x_wconf 90' lang='lat' dir='ltr'>Circo</span> <span class='ocrx_word' id='word_1_239' title='bbox 1153 2993 1488 3041; x_wconf 85' lang='lat' dir='ltr'>sternebatur</span> <span class='ocrx_word' id='word_1_240' title='bbox 1509 2991 1575 3041; x_wconf 89' lang='lat' dir='ltr'>ab</span> 
     </span>
     <span class='ocr_line' id='line_1_30' title="bbox 516 3065 1574 3130; baseline 0.005 -18"><span class='ocrx_word' id='word_1_241' title='bbox 516 3065 689 3124; x_wconf 81' lang='lat' dir='ltr'>egenis</span> <span class='ocrx_word' id='word_1_242' title='bbox 712 3066 776 3114; x_wconf 85' lang='lat' dir='ltr'>ad</span> <span class='ocrx_word' id='word_1_243' title='bbox 801 3066 1250 3130; x_wconf 85' lang='lat' dir='ltr'>acquiescendum.</span> <span class='ocrx_word' id='word_1_244' title='bbox 1314 3068 1574 3117; x_wconf 82' lang='lat' dir='ltr'>Martialis</span> 
     </span>
     <span class='ocr_line' id='line_1_31' title="bbox 518 3138 1574 3204; baseline 0.005 -18"><span class='ocrx_word' id='word_1_245' title='bbox 518 3138 842 3202; x_wconf 82' lang='lat' dir='ltr'>Apophoret.</span> <span class='ocrx_word' id='word_1_246' title='bbox 882 3143 1032 3204; x_wconf 86' lang='lat' dir='ltr'>Epig.</span> <span class='ocrx_word' id='word_1_247' title='bbox 1074 3146 1182 3190; x_wconf 87' lang='grc'><strong>160.</strong></span> <span class='ocrx_word' id='word_1_248' title='bbox 1231 3143 1574 3192; x_wconf 82' lang='lat' dir='ltr'>‘Tomentum</span> 
     </span>
     <span class='ocr_line' id='line_1_32' title="bbox 513 3216 1575 3277; baseline 0.004 -14"><span class='ocrx_word' id='word_1_249' title='bbox 513 3216 723 3264; x_wconf 88' lang='lat' dir='ltr'>concisa</span> <span class='ocrx_word' id='word_1_250' title='bbox 746 3217 892 3277; x_wconf 86' lang='lat' dir='ltr'>palus</span> <span class='ocrx_word' id='word_1_251' title='bbox 917 3216 1167 3266; x_wconf 85' lang='lat' dir='ltr'>Circense</span> <span class='ocrx_word' id='word_1_252' title='bbox 1189 3225 1421 3275; x_wconf 83' lang='lat' dir='ltr'>voratur,</span> <span class='ocrx_word' id='word_1_253' title='bbox 1445 3217 1575 3267; x_wconf 80' lang='lat' dir='ltr'>Haec</span> 
     </span>
     <span class='ocr_line' id='line_1_33' title="bbox 514 3290 1577 3357; baseline 0.006 -20"><span class='ocrx_word' id='word_1_254' title='bbox 514 3304 610 3352; x_wconf 89' lang='lat' dir='ltr'>pro</span> <span class='ocrx_word' id='word_1_255' title='bbox 631 3290 900 3340; x_wconf 87' lang='lat' dir='ltr'>leucouico</span> <span class='ocrx_word' id='word_1_256' title='bbox 923 3291 1170 3341; x_wconf 79' lang='lat' dir='ltr'>stramina</span> <span class='ocrx_word' id='word_1_257' title='bbox 1193 3307 1392 3357; x_wconf 86' lang='lat' dir='ltr'>pauper</span> <span class='ocrx_word' id='word_1_258' title='bbox 1415 3292 1577 3344; x_wconf 87' lang='lat' dir='ltr'>emit.&#39;</span> 
     </span>
     <span class='ocr_line' id='line_1_34' title="bbox 515 3366 1304 3433; baseline 0.004 -18"><span class='ocrx_word' id='word_1_259' title='bbox 515 3366 618 3415; x_wconf 86' lang='lat' dir='ltr'>Ubi</span> <span class='ocrx_word' id='word_1_260' title='bbox 641 3368 726 3417; x_wconf 86' lang='lat' dir='ltr'>alii</span> <span class='ocrx_word' id='word_1_261' title='bbox 747 3369 924 3433; x_wconf 87' lang='lat' dir='ltr'>legunt</span> <span class='ocrx_word' id='word_1_262' title='bbox 942 3384 1032 3432; x_wconf 80' lang='lat' dir='ltr'>pro</span> <span class='ocrx_word' id='word_1_263' title='bbox 1053 3370 1304 3431; x_wconf 79' lang='lat' dir='ltr'>lingonico.</span> 
     </span>
    </p>

    <p class='ocr_par' dir='ltr' id='par_1_11' title="bbox 492 3444 1572 3662">
     <span class='ocr_line' id='line_1_35' title="bbox 577 3444 1571 3507; baseline 0.001 -14"><span class='ocrx_word' id='word_1_264' title='bbox 577 3451 595 3475; x_wconf 72' lang='lat'><em>¹</em></span> <span class='ocrx_word' id='word_1_265' title='bbox 631 3444 842 3507; x_wconf 76' lang='lat' dir='ltr'>Culcita]</span> <span class='ocrx_word' id='word_1_266' title='bbox 912 3444 994 3494; x_wconf 87' lang='lat' dir='ltr'>Ab</span> <span class='ocrx_word' id='word_1_267' title='bbox 1039 3445 1344 3495; x_wconf 87' lang='lat' dir='ltr'>inculcando</span> <span class='ocrx_word' id='word_1_268' title='bbox 1380 3444 1571 3494; x_wconf 82' lang='lat' dir='ltr'>dictam</span> 
     </span>
     <span class='ocr_line' id='line_1_36' title="bbox 492 3521 1572 3586; baseline -0.001 -16"><span class='ocrx_word' id='word_1_269' title='bbox 492 3521 586 3570; x_wconf 81' lang='lat' dir='ltr'>-ait</span> <span class='ocrx_word' id='word_1_270' title='bbox 606 3522 796 3583; x_wconf 88' lang='lat' dir='ltr'>Varro,</span> <span class='ocrx_word' id='word_1_271' title='bbox 831 3524 949 3586; x_wconf 88' lang='lat' dir='ltr'>quia</span> <span class='ocrx_word' id='word_1_272' title='bbox 987 3531 1270 3571; x_wconf 80' lang='lat' dir='ltr'>tomentum</span> <span class='ocrx_word' id='word_1_273' title='bbox 1309 3521 1359 3570; x_wconf 89' lang='lat' dir='ltr'>in</span> <span class='ocrx_word' id='word_1_274' title='bbox 1397 3536 1460 3570; x_wconf 82' lang='lat' dir='ltr'>ea</span> <span class='ocrx_word' id='word_1_275' title='bbox 1497 3521 1572 3570; x_wconf 90' lang='lat' dir='ltr'>in-</span> 
     </span>
     <span class='ocr_line' id='line_1_37' title="bbox 513 3598 1301 3662; baseline -0.004 -14"><span class='ocrx_word' id='word_1_276' title='bbox 513 3598 832 3661; x_wconf 83' lang='lat' dir='ltr'>culcabatur,</span> <span class='ocrx_word' id='word_1_277' title='bbox 860 3606 948 3649; x_wconf 89' lang='lat' dir='ltr'>aut</span> <span class='ocrx_word' id='word_1_278' title='bbox 973 3600 1135 3647; x_wconf 83' lang='lat' dir='ltr'>simile</span> <span class='ocrx_word' id='word_1_279' title='bbox 1160 3598 1301 3662; x_wconf 89' lang='lat' dir='ltr'>quid.</span> 
     </span>
    </p>

    <p class='ocr_par' dir='ltr' id='par_1_12' title="bbox 509 3674 1572 4126">
     <span class='ocr_line' id='line_1_38' title="bbox 575 3674 1572 3740; baseline 0 -16"><span class='ocrx_word' id='word_1_280' title='bbox 575 3683 594 3708; x_wconf 84' lang='lat'>⁸</span> <span class='ocrx_word' id='word_1_281' title='bbox 642 3675 936 3738; x_wconf 81' lang='lat' dir='ltr'>Tentaverit]</span> <span class='ocrx_word' id='word_1_282' title='bbox 989 3674 1199 3725; x_wconf 76' lang='lat' dir='ltr'>Tacitus</span> <span class='ocrx_word' id='word_1_283' title='bbox 1243 3683 1426 3725; x_wconf 85' lang='lat' dir='ltr'>auctor</span> <span class='ocrx_word' id='word_1_284' title='bbox 1470 3682 1572 3740; x_wconf 92' lang='lat' dir='ltr'>est,</span> 
     </span>
     <span class='ocr_line' id='line_1_39' title="bbox 510 3751 1572 3814; baseline 0 -14"><span class='ocrx_word' id='word_1_285' title='bbox 510 3767 612 3801; x_wconf 86' lang='lat' dir='ltr'>uon</span> <span class='ocrx_word' id='word_1_286' title='bbox 640 3758 868 3802; x_wconf 83' lang='lat' dir='ltr'>tentasse</span> <span class='ocrx_word' id='word_1_287' title='bbox 890 3752 1057 3814; x_wconf 87' lang='lat' dir='ltr'>modo,</span> <span class='ocrx_word' id='word_1_288' title='bbox 1073 3752 1164 3801; x_wconf 84' lang='lat' dir='ltr'>sed</span> <span class='ocrx_word' id='word_1_289' title='bbox 1186 3760 1240 3802; x_wconf 83' lang='lat' dir='ltr'>et</span> <span class='ocrx_word' id='word_1_290' title='bbox 1258 3767 1442 3805; x_wconf 85' lang='lat' dir='ltr'>novem</span> <span class='ocrx_word' id='word_1_291' title='bbox 1461 3751 1572 3801; x_wconf 87' lang='lat' dir='ltr'>die-</span> 
     </span>
     <span class='ocr_line' id='line_1_40' title="bbox 512 3827 1571 3878; baseline -0.002 0"><span class='ocrx_word' id='word_1_292' title='bbox 512 3828 608 3878; x_wconf 86' lang='lat' dir='ltr'>bus</span> <span class='ocrx_word' id='word_1_293' title='bbox 652 3828 751 3878; x_wconf 80' lang='lat' dir='ltr'>hoc</span> <span class='ocrx_word' id='word_1_294' title='bbox 795 3828 913 3878; x_wconf 87' lang='lat' dir='ltr'>cibo</span> <span class='ocrx_word' id='word_1_295' title='bbox 956 3835 1314 3877; x_wconf 86' lang='lat' dir='ltr'>sustentatum.</span> <span class='ocrx_word' id='word_1_296' title='bbox 1389 3827 1571 3878; x_wconf 86' lang='lat' dir='ltr'>Simile</span> 
     </span>
     <span class='ocr_line' id='line_1_41' title="bbox 512 3903 1571 3967; baseline 0.001 -15"><span class='ocrx_word' id='word_1_297' title='bbox 512 3904 635 3967; x_wconf 87' lang='lat' dir='ltr'>quid</span> <span class='ocrx_word' id='word_1_298' title='bbox 672 3904 739 3953; x_wconf 90' lang='lat' dir='ltr'>de</span> <span class='ocrx_word' id='word_1_299' title='bbox 772 3904 1077 3953; x_wconf 79' lang='lat' dir='ltr'>Caesarianis</span> <span class='ocrx_word' id='word_1_300' title='bbox 1116 3903 1360 3953; x_wconf 86' lang='lat' dir='ltr'>militibus</span> <span class='ocrx_word' id='word_1_301' title='bbox 1393 3911 1571 3953; x_wconf 83' lang='lat' dir='ltr'>narrat</span> 
     </span>
     <span class='ocr_line' id='line_1_42' title="bbox 509 3979 1571 4044; baseline 0.003 -18"><span class='ocrx_word' id='word_1_302' title='bbox 509 3979 561 4026; x_wconf 90' lang='lat' dir='ltr'>in</span> <span class='ocrx_word' id='word_1_303' title='bbox 600 3981 767 4029; x_wconf 91' lang='lat' dir='ltr'>Bruto</span> <span class='ocrx_word' id='word_1_304' title='bbox 815 3980 1141 4044; x_wconf 83' lang='lat' dir='ltr'>Plutarchus,</span> <span class='ocrx_word' id='word_1_305' title='bbox 1184 3988 1238 4029; x_wconf 91' lang='lat' dir='ltr'>et</span> <span class='ocrx_word' id='word_1_306' title='bbox 1282 3979 1349 4028; x_wconf 86' lang='lat' dir='ltr'>de</span> <span class='ocrx_word' id='word_1_307' title='bbox 1396 3981 1571 4029; x_wconf 83' lang='lat' dir='ltr'>Persis</span> 
     </span>
     <span class='ocr_line' id='line_1_43' title="bbox 510 4050 1313 4126; baseline 0.006 -25"><span class='ocrx_word' id='word_1_308' title='bbox 510 4050 730 4105; x_wconf 84' lang='lat' dir='ltr'>Eleunte</span> <span class='ocrx_word' id='word_1_309' title='bbox 754 4057 969 4106; x_wconf 81' lang='lat' dir='ltr'>obsessis</span> <span class='ocrx_word' id='word_1_310' title='bbox 994 4056 1313 4126; x_wconf 69' lang='lat' dir='ltr'>HerodotpS.</span> 
     </span>
    </p>

    <p class='ocr_par' dir='ltr' id='par_1_13' title="bbox 505 4130 1572 4349">
     <span class='ocr_line' id='line_1_44' title="bbox 579 4130 1566 4199; baseline 0.006 -22"><span class='ocrx_word' id='word_1_311' title='bbox 579 4131 595 4160; x_wconf 74' lang='lat'>¹</span> <span class='ocrx_word' id='word_1_312' title='bbox 628 4130 875 4194; x_wconf 78' lang='lat' dir='ltr'>Reliquias</span> <span class='ocrx_word' id='word_1_313' title='bbox 912 4133 1146 4196; x_wconf 80' lang='lat' dir='ltr'>dispersas</span> <span class='ocrx_word' id='word_1_314' title='bbox 1189 4133 1426 4199; x_wconf 72' lang='lat' dir='ltr'>[reliquiis</span> <span class='ocrx_word' id='word_1_315' title='bbox 1467 4134 1566 4184; x_wconf 79' lang='lat' dir='ltr'>dis·</span> 
     </span>
     <span class='ocr_line' id='line_1_45' title="bbox 505 4205 1572 4272; baseline 0.007 -21"><span class='ocrx_word' id='word_1_316' title='bbox 505 4205 676 4268; x_wconf 81' lang='lat' dir='ltr'>persis]</span> <span class='ocrx_word' id='word_1_317' title='bbox 734 4208 886 4258; x_wconf 80' lang='lat' dir='ltr'>Quod</span> <span class='ocrx_word' id='word_1_318' title='bbox 931 4210 1160 4258; x_wconf 86' lang='lat' dir='ltr'>ultimum</span> <span class='ocrx_word' id='word_1_319' title='bbox 1204 4218 1283 4258; x_wconf 88' lang='lat' dir='ltr'>est</span> <span class='ocrx_word' id='word_1_320' title='bbox 1321 4217 1572 4272; x_wconf 60' lang='lat' dir='ltr'>tyrannm,</span> 
     </span>
     <span class='ocr_line' id='line_1_46' title="bbox 511 4282 1563 4349; baseline 0.009 -20"><span class='ocrx_word' id='word_1_321' title='bbox 511 4295 622 4329; x_wconf 88' lang='lat' dir='ltr'>rum</span> <span class='ocrx_word' id='word_1_322' title='bbox 647 4282 698 4331; x_wconf 88' lang='lat' dir='ltr'>in</span> <span class='ocrx_word' id='word_1_323' title='bbox 723 4297 811 4332; x_wconf 89' lang='lat' dir='ltr'>eos</span> <span class='ocrx_word' id='word_1_324' title='bbox 833 4299 958 4348; x_wconf 87' lang='lat' dir='ltr'>quos</span> <span class='ocrx_word' id='word_1_325' title='bbox 983 4288 1218 4349; x_wconf 87' lang='lat' dir='ltr'>oderant,</span> <span class='ocrx_word' id='word_1_326' title='bbox 1239 4287 1563 4338; x_wconf 87' lang='lat' dir='ltr'>crudelitatis</span> 
     </span>
    </p>
   </div>
   <div class='ocr_carea' id='block_1_10' title="bbox 1635 2450 2714 2518">
    <p class='ocr_par' dir='ltr' id='par_1_14' title="bbox 1635 2450 2714 2518">
     <span class='ocr_line' id='line_1_47' title="bbox 1635 2450 2714 2518; baseline -0.004 -15"><span class='ocrx_word' id='word_1_327' title='bbox 1635 2467 2033 2518; x_wconf 54' lang='lat' dir='ltr'>argumentum.</span> <span class='ocrx_word' id='word_1_328' title='bbox 2099 2452 2252 2502; x_wconf 90' lang='lat' dir='ltr'>Unde</span> <span class='ocrx_word' id='word_1_329' title='bbox 2286 2450 2506 2502; x_wconf 83' lang='lat' dir='ltr'>Ovidius</span> <span class='ocrx_word' id='word_1_330' title='bbox 2539 2450 2591 2501; x_wconf 91' lang='lat' dir='ltr'>in</span> <span class='ocrx_word' id='word_1_331' title='bbox 2617 2450 2714 2500; x_wconf 86' lang='lat' dir='ltr'>fine</span> 
     </span>
    </p>
   </div>
   <div class='ocr_carea' id='block_1_11' title="bbox 1645 2530 2714 4351">
    <p class='ocr_par' dir='ltr' id='par_1_15' title="bbox 1653 2530 2713 2747">
     <span class='ocr_line' id='line_1_48' title="bbox 1653 2530 2713 2592; baseline -0.003 -12"><span class='ocrx_word' id='word_1_332' title='bbox 1653 2533 1899 2583; x_wconf 87' lang='lat' dir='ltr'>librorum</span> <span class='ocrx_word' id='word_1_333' title='bbox 1917 2533 1981 2580; x_wconf 83' lang='lat' dir='ltr'>de</span> <span class='ocrx_word' id='word_1_334' title='bbox 2006 2533 2199 2580; x_wconf 84' lang='lat' dir='ltr'>Ponto:</span> <span class='ocrx_word' id='word_1_335' title='bbox 2227 2530 2392 2592; x_wconf 83' lang='lat' dir='ltr'>‘Ergo</span> <span class='ocrx_word' id='word_1_336' title='bbox 2409 2536 2713 2578; x_wconf 83' lang='lat' dir='ltr'>summotum</span> 
     </span>
     <span class='ocr_line' id='line_1_49' title="bbox 1655 2607 2713 2672; baseline -0.001 -17"><span class='ocrx_word' id='word_1_337' title='bbox 1655 2609 1825 2670; x_wconf 83' lang='lat' dir='ltr'>patria</span> <span class='ocrx_word' id='word_1_338' title='bbox 1880 2607 2241 2672; x_wconf 82' lang='lat' dir='ltr'>proscindere,</span> <span class='ocrx_word' id='word_1_339' title='bbox 2293 2607 2440 2661; x_wconf 81' lang='lat' dir='ltr'>livor,</span> <span class='ocrx_word' id='word_1_340' title='bbox 2495 2607 2713 2667; x_wconf 76' lang='lat' dir='ltr'>Desine,</span> 
     </span>
     <span class='ocr_line' id='line_1_50' title="bbox 1654 2683 2660 2747; baseline -0.002 -15"><span class='ocrx_word' id='word_1_341' title='bbox 1654 2698 1752 2732; x_wconf 74' lang='lat' dir='ltr'>nen</span> <span class='ocrx_word' id='word_1_342' title='bbox 1777 2687 1977 2733; x_wconf 79' lang='lat' dir='ltr'>cineres</span> <span class='ocrx_word' id='word_1_343' title='bbox 2000 2698 2205 2747; x_wconf 80' lang='lat' dir='ltr'>sparge,</span> <span class='ocrx_word' id='word_1_344' title='bbox 2228 2690 2463 2740; x_wconf 86' lang='lat' dir='ltr'>cruente,</span> <span class='ocrx_word' id='word_1_345' title='bbox 2489 2683 2660 2732; x_wconf 87' lang='lat' dir='ltr'>meos.&#39;</span> 
     </span>
    </p>

    <p class='ocr_par' dir='ltr' id='par_1_16' title="bbox 1652 2759 2712 2902">
     <span class='ocr_line' id='line_1_51' title="bbox 1719 2759 2712 2825; baseline -0.004 -14"><span class='ocrx_word' id='word_1_346' title='bbox 1719 2770 1741 2794; x_wconf 80' lang='lat'>¹¹</span> <span class='ocrx_word' id='word_1_347' title='bbox 1797 2761 2127 2825; x_wconf 75' lang='lat' dir='ltr'>Consiliarios]</span> <span class='ocrx_word' id='word_1_348' title='bbox 2192 2759 2411 2822; x_wconf 83' lang='lat' dir='ltr'>Augusti</span> <span class='ocrx_word' id='word_1_349' title='bbox 2456 2760 2712 2823; x_wconf 79' lang='lat' dir='ltr'>exemplo,</span> 
     </span>
     <span class='ocr_line' id='line_1_52' title="bbox 1652 2837 2389 2902; baseline -0.003 -16"><span class='ocrx_word' id='word_1_350' title='bbox 1652 2852 1802 2901; x_wconf 80' lang='lat' dir='ltr'>supra</span> <span class='ocrx_word' id='word_1_351' title='bbox 1826 2840 1876 2886; x_wconf 88' lang='lat' dir='ltr'>in</span> <span class='ocrx_word' id='word_1_352' title='bbox 1904 2837 2142 2902; x_wconf 86' lang='lat' dir='ltr'>Augusto</span> <span class='ocrx_word' id='word_1_353' title='bbox 2168 2853 2282 2900; x_wconf 85' lang='lat' dir='ltr'>cap.</span> <span class='ocrx_word' id='word_1_354' title='bbox 2306 2840 2389 2885; x_wconf 80' lang='lat'>35.</span> 
     </span>
    </p>

    <p class='ocr_par' dir='ltr' id='par_1_17' title="bbox 1645 2906 2714 4351">
     <span class='ocr_line' id='line_1_53' title="bbox 1717 2906 2709 2978; baseline -0.007 -14"><span class='ocrx_word' id='word_1_355' title='bbox 1717 2922 1739 2946; x_wconf 80' lang='lat' dir='ltr'>v</span> <span class='ocrx_word' id='word_1_356' title='bbox 1774 2915 1962 2973; x_wconf 39' lang='lat' dir='ltr'>AElium.</span> <span class='ocrx_word' id='word_1_357' title='bbox 1980 2913 2230 2978; x_wconf 74' lang='lat' dir='ltr'>Sejanum]</span> <span class='ocrx_word' id='word_1_358' title='bbox 2255 2912 2407 2961; x_wconf 91' lang='lat' dir='ltr'>Hunc</span> <span class='ocrx_word' id='word_1_359' title='bbox 2431 2917 2537 2961; x_wconf 84' lang='lat' dir='ltr'>tam</span> <span class='ocrx_word' id='word_1_360' title='bbox 2557 2906 2709 2958; x_wconf 80' lang='lat' dir='ltr'>offen-</span> 
     </span>
     <span class='ocr_line' id='line_1_54' title="bbox 1654 2984 2714 3055; baseline -0.007 -15"><span class='ocrx_word' id='word_1_361' title='bbox 1654 2991 1792 3049; x_wconf 79' lang='lat' dir='ltr'>disse</span> <span class='ocrx_word' id='word_1_362' title='bbox 1816 3006 1966 3055; x_wconf 85' lang='lat' dir='ltr'>quam</span> <span class='ocrx_word' id='word_1_363' title='bbox 2000 3005 2200 3040; x_wconf 79' lang='lat' dir='ltr'>amasse</span> <span class='ocrx_word' id='word_1_364' title='bbox 2233 2988 2579 3053; x_wconf 88' lang='lat' dir='ltr'>periculosum</span> <span class='ocrx_word' id='word_1_365' title='bbox 2603 2984 2714 3046; x_wconf 87' lang='lat' dir='ltr'>fnit,</span> 
     </span>
     <span class='ocr_line' id='line_1_55' title="bbox 1655 3064 2710 3130; baseline -0.005 -13"><span class='ocrx_word' id='word_1_366' title='bbox 1655 3077 1712 3117; x_wconf 93' lang='lat' dir='ltr'>ut</span> <span class='ocrx_word' id='word_1_367' title='bbox 1735 3069 1808 3117; x_wconf 86' lang='lat' dir='ltr'>ait</span> <span class='ocrx_word' id='word_1_368' title='bbox 1829 3068 2032 3117; x_wconf 84' lang='lat' dir='ltr'>Seneca</span> <span class='ocrx_word' id='word_1_369' title='bbox 2065 3067 2234 3130; x_wconf 88' lang='lat' dir='ltr'>Epist.</span> <span class='ocrx_word' id='word_1_370' title='bbox 2274 3070 2358 3114; x_wconf 83' lang='lat'>55.</span> <span class='ocrx_word' id='word_1_371' title='bbox 2394 3064 2591 3128; x_wconf 89' lang='lat' dir='ltr'>quippe</span> <span class='ocrx_word' id='word_1_372' title='bbox 2628 3065 2710 3126; x_wconf 89' lang='lat' dir='ltr'>qui</span> 
     </span>
     <span class='ocr_line' id='line_1_56' title="bbox 1652 3142 2712 3208; baseline -0.006 -15"><span class='ocrx_word' id='word_1_373' title='bbox 1652 3144 1774 3193; x_wconf 89' lang='lat' dir='ltr'>dum</span> <span class='ocrx_word' id='word_1_374' title='bbox 1823 3152 1993 3206; x_wconf 83' lang='lat' dir='ltr'>posset</span> <span class='ocrx_word' id='word_1_375' title='bbox 2042 3142 2178 3208; x_wconf 79' lang='lat' dir='ltr'>apud</span> <span class='ocrx_word' id='word_1_376' title='bbox 2219 3142 2483 3191; x_wconf 87' lang='lat' dir='ltr'>Tiberium</span> <span class='ocrx_word' id='word_1_377' title='bbox 2532 3142 2712 3196; x_wconf 79' lang='lat' dir='ltr'>omnia,</span> 
     </span>
     <span class='ocr_line' id='line_1_57' title="bbox 1652 3216 2710 3283; baseline -0.003 -16"><span class='ocrx_word' id='word_1_378' title='bbox 1652 3234 1781 3283; x_wconf 87' lang='lat' dir='ltr'>quos</span> <span class='ocrx_word' id='word_1_379' title='bbox 1825 3220 2006 3276; x_wconf 85' lang='lat' dir='ltr'>voluit,</span> <span class='ocrx_word' id='word_1_380' title='bbox 2053 3219 2115 3267; x_wconf 84' lang='lat' dir='ltr'>ad</span> <span class='ocrx_word' id='word_1_381' title='bbox 2155 3218 2357 3268; x_wconf 89' lang='lat' dir='ltr'>libitum</span> <span class='ocrx_word' id='word_1_382' title='bbox 2394 3216 2592 3279; x_wconf 84' lang='lat' dir='ltr'>evexit,</span> <span class='ocrx_word' id='word_1_383' title='bbox 2626 3216 2710 3264; x_wconf 88' lang='lat' dir='ltr'>de-</span> 
     </span>
     <span class='ocr_line' id='line_1_58' title="bbox 1650 3293 2710 3359; baseline -0.003 -16"><span class='ocrx_word' id='word_1_384' title='bbox 1650 3295 1859 3358; x_wconf 82' lang='lat' dir='ltr'>pressit,</span> <span class='ocrx_word' id='word_1_385' title='bbox 1880 3295 2138 3359; x_wconf 86' lang='lat' dir='ltr'>oppressit</span> <span class='ocrx_word' id='word_1_386' title='bbox 2158 3311 2174 3355; x_wconf 76' lang='lat'>3</span> <span class='ocrx_word' id='word_1_387' title='bbox 2209 3293 2435 3342; x_wconf 82' lang='lat' dir='ltr'>damnati</span> <span class='ocrx_word' id='word_1_388' title='bbox 2461 3301 2633 3342; x_wconf 84' lang='lat' dir='ltr'>autem</span> <span class='ocrx_word' id='word_1_389' title='bbox 2657 3297 2710 3342; x_wconf 87' lang='lat' dir='ltr'>et</span> 
     </span>
     <span class='ocr_line' id='line_1_59' title="bbox 1650 3367 2709 3433; baseline -0.003 -15"><span class='ocrx_word' id='word_1_390' title='bbox 1650 3370 1808 3433; x_wconf 84' lang='lat' dir='ltr'>occisi</span> <span class='ocrx_word' id='word_1_391' title='bbox 1831 3371 2017 3429; x_wconf 82' lang='lat' dir='ltr'>amicos</span> <span class='ocrx_word' id='word_1_392' title='bbox 2040 3368 2149 3419; x_wconf 85' lang='lat' dir='ltr'>fere</span> <span class='ocrx_word' id='word_1_393' title='bbox 2173 3384 2349 3419; x_wconf 90' lang='lat' dir='ltr'>omnes</span> <span class='ocrx_word' id='word_1_394' title='bbox 2385 3368 2522 3416; x_wconf 89' lang='lat' dir='ltr'>idem</span> <span class='ocrx_word' id='word_1_395' title='bbox 2555 3367 2709 3416; x_wconf 89' lang='lat' dir='ltr'>Tibe·</span> 
     </span>
     <span class='ocr_line' id='line_1_60' title="bbox 1650 3442 2704 3505; baseline -0.005 -11"><span class='ocrx_word' id='word_1_396' title='bbox 1650 3447 1755 3495; x_wconf 86' lang='lat' dir='ltr'>rius</span> <span class='ocrx_word' id='word_1_397' title='bbox 1779 3445 2061 3496; x_wconf 88' lang='lat' dir='ltr'>interfecit.</span> <span class='ocrx_word' id='word_1_398' title='bbox 2130 3446 2279 3494; x_wconf 71' lang='lat' dir='ltr'>Httnc</span> <span class='ocrx_word' id='word_1_399' title='bbox 2303 3442 2535 3505; x_wconf 79' lang='lat' dir='ltr'>affectati</span> <span class='ocrx_word' id='word_1_400' title='bbox 2571 3458 2704 3492; x_wconf 83' lang='lat' dir='ltr'>reum</span> 
     </span>
     <span class='ocr_line' id='line_1_61' title="bbox 1649 3519 2704 3586; baseline -0.003 -16"><span class='ocrx_word' id='word_1_401' title='bbox 1649 3522 1854 3586; x_wconf 88' lang='lat' dir='ltr'>imperii</span> <span class='ocrx_word' id='word_1_402' title='bbox 1884 3522 2105 3571; x_wconf 86' lang='lat' dir='ltr'>Senatus</span> <span class='ocrx_word' id='word_1_403' title='bbox 2131 3528 2234 3570; x_wconf 87' lang='lat' dir='ltr'>tam</span> <span class='ocrx_word' id='word_1_404' title='bbox 2258 3519 2446 3583; x_wconf 87' lang='lat' dir='ltr'>cupide</span> <span class='ocrx_word' id='word_1_405' title='bbox 2470 3520 2704 3568; x_wconf 82' lang='lat' dir='ltr'>condem·</span> 
     </span>
     <span class='ocr_line' id='line_1_62' title="bbox 1649 3597 2705 3664; baseline -0.005 -16"><span class='ocrx_word' id='word_1_406' title='bbox 1649 3601 1811 3664; x_wconf 82' lang='lat' dir='ltr'>navit,</span> <span class='ocrx_word' id='word_1_407' title='bbox 1833 3606 1888 3650; x_wconf 90' lang='lat' dir='ltr'>et</span> <span class='ocrx_word' id='word_1_408' title='bbox 1925 3599 2146 3662; x_wconf 85' lang='lat' dir='ltr'>punivit,</span> <span class='ocrx_word' id='word_1_409' title='bbox 2168 3605 2225 3648; x_wconf 90' lang='lat' dir='ltr'>ut</span> <span class='ocrx_word' id='word_1_410' title='bbox 2258 3612 2323 3646; x_wconf 87' lang='lat' dir='ltr'>ne</span> <span class='ocrx_word' id='word_1_411' title='bbox 2357 3597 2468 3661; x_wconf 87' lang='lat' dir='ltr'>ejus</span> <span class='ocrx_word' id='word_1_412' title='bbox 2501 3597 2705 3660; x_wconf 86' lang='lat' dir='ltr'>quidem</span> 
     </span>
     <span class='ocr_line' id='line_1_63' title="bbox 1645 3672 2707 3742; baseline -0.005 -16"><span class='ocrx_word' id='word_1_413' title='bbox 1645 3672 1765 3726; x_wconf 81' lang='lat' dir='ltr'>fi&#39;liae</span> <span class='ocrx_word' id='word_1_414' title='bbox 1788 3678 2101 3742; x_wconf 83' lang='lat' dir='ltr'>pepercerit,</span> <span class='ocrx_word' id='word_1_415' title='bbox 2127 3681 2273 3739; x_wconf 84' lang='lat' dir='ltr'>patet</span> <span class='ocrx_word' id='word_1_416' title='bbox 2296 3689 2362 3723; x_wconf 83' lang='lat' dir='ltr'>ex</span> <span class='ocrx_word' id='word_1_417' title='bbox 2392 3675 2582 3722; x_wconf 73' lang='lat' dir='ltr'>&#39;Facito</span> <span class='ocrx_word' id='word_1_418' title='bbox 2605 3674 2707 3722; x_wconf 87' lang='lat' dir='ltr'>An·</span> 
     </span>
     <span class='ocr_line' id='line_1_64' title="bbox 1648 3749 2706 3815; baseline -0.005 -13"><span class='ocrx_word' id='word_1_419' title='bbox 1648 3755 1748 3803; x_wconf 77' lang='lat' dir='ltr'>nal.</span> <span class='ocrx_word' id='word_1_420' title='bbox 1773 3768 1827 3803; x_wconf 85' lang='lat' dir='ltr'>v.</span> <span class='ocrx_word' id='word_1_421' title='bbox 1850 3752 1938 3802; x_wconf 88' lang='lat' dir='ltr'>ubi</span> <span class='ocrx_word' id='word_1_422' title='bbox 1963 3752 2217 3801; x_wconf 86' lang='lat' dir='ltr'>horrenda</span> <span class='ocrx_word' id='word_1_423' title='bbox 2246 3765 2455 3815; x_wconf 85' lang='lat' dir='ltr'>prorsus</span> <span class='ocrx_word' id='word_1_424' title='bbox 2483 3749 2706 3798; x_wconf 83' lang='lat' dir='ltr'>animad-</span> 
     </span>
     <span class='ocr_line' id='line_1_65' title="bbox 1649 3824 2706 3890; baseline -0.005 -13"><span class='ocrx_word' id='word_1_425' title='bbox 1649 3830 1884 3878; x_wconf 83' lang='lat' dir='ltr'>vertendi</span> <span class='ocrx_word' id='word_1_426' title='bbox 1932 3829 2083 3888; x_wconf 88' lang='lat' dir='ltr'>ratio,</span> <span class='ocrx_word' id='word_1_427' title='bbox 2128 3827 2195 3876; x_wconf 86' lang='lat' dir='ltr'>de</span> <span class='ocrx_word' id='word_1_428' title='bbox 2235 3840 2334 3890; x_wconf 79' lang='lat' dir='ltr'>qua</span> <span class='ocrx_word' id='word_1_429' title='bbox 2374 3827 2534 3875; x_wconf 83' lang='lat' dir='ltr'>etiam</span> <span class='ocrx_word' id='word_1_430' title='bbox 2573 3824 2706 3875; x_wconf 79' lang='lat' dir='ltr'>infra</span> 
     </span>
     <span class='ocr_line' id='line_1_66' title="bbox 1647 3901 2703 3970; baseline -0.006 -15"><span class='ocrx_word' id='word_1_431' title='bbox 1647 3920 1762 3970; x_wconf 85' lang='lat' dir='ltr'>cap.</span> <span class='ocrx_word' id='word_1_432' title='bbox 1785 3910 1869 3955; x_wconf 84' lang='lat'>61.</span> <span class='ocrx_word' id='word_1_433' title='bbox 1921 3912 1935 3933; x_wconf 88' lang='lat'><em>‘</em></span> <span class='ocrx_word' id='word_1_434' title='bbox 1954 3906 2071 3956; x_wconf 82' lang='lat' dir='ltr'>Quo</span> <span class='ocrx_word' id='word_1_435' title='bbox 2094 3904 2178 3953; x_wconf 89' lang='lat' dir='ltr'>die</span> <span class='ocrx_word' id='word_1_436' title='bbox 2203 3904 2342 3953; x_wconf 86' lang='lat' dir='ltr'>illum</span> <span class='ocrx_word' id='word_1_437' title='bbox 2373 3903 2597 3952; x_wconf 83' lang='lat' dir='ltr'>Senatus</span> <span class='ocrx_word' id='word_1_438' title='bbox 2618 3901 2703 3950; x_wconf 85' lang='lat' dir='ltr'>de-</span> 
     </span>
     <span class='ocr_line' id='line_1_67' title="bbox 1646 3977 2701 4043; baseline -0.006 -13"><span class='ocrx_word' id='word_1_439' title='bbox 1646 3980 2125 4043; x_wconf 80' lang='lat' dir='ltr'>duxerat‚populus</span> <span class='ocrx_word' id='word_1_440' title='bbox 2145 3979 2194 4027; x_wconf 88' lang='lat' dir='ltr'>in</span> <span class='ocrx_word' id='word_1_441' title='bbox 2228 3977 2394 4028; x_wconf 85' lang='lat' dir='ltr'>frusta</span> <span class='ocrx_word' id='word_1_442' title='bbox 2413 3978 2618 4039; x_wconf 87' lang='lat' dir='ltr'>divisit;</span> <span class='ocrx_word' id='word_1_443' title='bbox 2654 3977 2701 4025; x_wconf 90' lang='lat' dir='ltr'>in</span> 
     </span>
     <span class='ocr_line' id='line_1_68' title="bbox 1646 4044 2700 4123; baseline -0.008 -16"><span class='ocrx_word' id='word_1_444' title='bbox 1646 4072 1797 4123; x_wconf 90' lang='lat' dir='ltr'>quem</span> <span class='ocrx_word' id='word_1_445' title='bbox 1832 4056 2076 4122; x_wconf 89' lang='lat' dir='ltr'>quicquid</span> <span class='ocrx_word' id='word_1_446' title='bbox 2112 4044 2325 4119; x_wconf 73' lang='lat' dir='ltr'>congeri</span> <span class='ocrx_word' id='word_1_447' title='bbox 2365 4061 2592 4118; x_wconf 84' lang='lat' dir='ltr'>poterat,</span> <span class='ocrx_word' id='word_1_448' title='bbox 2632 4051 2700 4098; x_wconf 90' lang='lat' dir='ltr'>dii</span> 
     </span>
     <span class='ocr_line' id='line_1_69' title="bbox 1645 4126 2699 4197; baseline -0.009 -14"><span class='ocrx_word' id='word_1_449' title='bbox 1645 4133 1982 4197; x_wconf 81' lang='lat' dir='ltr'>hominesque</span> <span class='ocrx_word' id='word_1_450' title='bbox 2010 4133 2358 4193; x_wconf 89' lang='lat' dir='ltr'>contulerant,</span> <span class='ocrx_word' id='word_1_451' title='bbox 2389 4145 2452 4178; x_wconf 87' lang='lat' dir='ltr'>ex</span> <span class='ocrx_word' id='word_1_452' title='bbox 2490 4144 2553 4179; x_wconf 90' lang='lat' dir='ltr'>eo</span> <span class='ocrx_word' id='word_1_453' title='bbox 2586 4126 2699 4175; x_wconf 82' lang='lat' dir='ltr'>nihil</span> 
     </span>
     <span class='ocr_line' id='line_1_70' title="bbox 1646 4203 2699 4274; baseline -0.009 -15"><span class='ocrx_word' id='word_1_454' title='bbox 1646 4208 1900 4274; x_wconf 81' lang='lat' dir='ltr'>superfuit</span> <span class='ocrx_word' id='word_1_455' title='bbox 1956 4209 2112 4274; x_wconf 9' lang='lat' dir='ltr'>quod?</span> <span class='ocrx_word' id='word_1_456' title='bbox 2150 4207 2381 4267; x_wconf 85' lang='lat' dir='ltr'>carnifex</span> <span class='ocrx_word' id='word_1_457' title='bbox 2437 4203 2699 4264; x_wconf 75' lang='lat' dir='ltr'>traherer,&#39;</span> 
     </span>
     <span class='ocr_line' id='line_1_71' title="bbox 1646 4285 2696 4351; baseline -0.009 -12"><span class='ocrx_word' id='word_1_458' title='bbox 1646 4293 1745 4339; x_wconf 73' lang='grc' dir='ltr'>διο.</span> <span class='ocrx_word' id='word_1_459' title='bbox 1811 4288 2010 4339; x_wconf 84' lang='lat' dir='ltr'>Seneca</span> <span class='ocrx_word' id='word_1_460' title='bbox 2048 4285 2139 4337; x_wconf 87' lang='lat' dir='ltr'>lib.</span> <span class='ocrx_word' id='word_1_461' title='bbox 2185 4286 2250 4336; x_wconf 88' lang='lat' dir='ltr'>de</span> <span class='ocrx_word' id='word_1_462' title='bbox 2304 4285 2696 4351; x_wconf 81' lang='lat' dir='ltr'>Tranquillitate</span> 
     </span>
    </p>
   </div>
  </div>
 </body>
</html>
