3019 4922
479 399 613 473 342

483 568 552 625 et
581 555 948 645 spongias}
977 566 1048 625 et
1092 561 1453 641 rutabula‚²
1477 559 1494 598 ¹
1518 569 1588 627 et
1620 562 1990 647 forpices,¹¹²
2035 566 2241 647 atque
2286 563 2421 630 alia
2470 561 2536 629 id
2570 583 2679 647 ge·

483 683 635 741 nuS,
668 662 886 727 titulis
919 664 1224 727 obscuris
1255 672 1323 728 et
1346 666 1700 766 ambiguis,
1775 664 2095 730 Solebat⁸
2127 673 2197 730 et
2225 666 2683 749 inaequalissi-

483 785 734 832 marum
762 773 781 811 ³
814 784 1024 830 rerum
1065 770 1335 844 sorteS‚¹²
1380 774 1450 831 et
1492 785 1766 832 aversas
1820 767 2190 857 tabularum
2233 767 2535 853 picturas
2556 775 2587 815 4
2615 770 2680 831 in

1346 417 1411 465 0.
1457 416 1751 467 SUE'I’ON
1763 416 1818 465 11

556 960 575 985 ⁸
609 952 898 1004 Assueverat
919 947 1063 1004 etiam
1083 970 1205 1019 soepe
1242 956 1295 1005 in
1328 955 1476 1019 epulis
1495 958 1696 1006 vendere
1716 962 1843 1007 sorte
1862 972 1939 1007 res
1960 960 2165 1009 maxime
2184 959 2398 1024 dispares
2430 960 2600 1023 pretio.
2637 964 2689 1008 et

488 1017 670 1067 tubulas
703 1021 858 1081 pictas
878 1035 1041 1069 aversa
1056 1021 1280 1083 pictura.-
1313 1025 1361 1069 et
1380 1027 1548 1070 eventu
1568 1022 1787 1084 ambiguo
1796 1024 1971 1084 fallere
2003 1027 2079 1073 rel
2108 1027 2295 1088 explere
2330 1040 2456 1088 spem
2495 1026 2681 1073 licitan-

487 1085 637 1131 tium:
672 1099 723 1132 eo
745 1087 877 1133 modo
909 1090 964 1134 ut
998 1085 1170 1134 oblatio
1206 1087 1354 1149 pretii
1376 1087 1526 1151 fieret
1551 1102 1643 1149 per
1663 1102 2026 1153 unumquemque
2046 1091 2215 1140 lectum
2235 1090 2613 1146 discubitet-ium,
2637 1093 2685 1138 et

489 1150 712 1197 damnum
728 1151 803 1198 vel
823 1152 1178 1199 emolumentum
1199 1153 1433 1200 commum}
1454 1157 1590 1201 esset.

1403 1313 1774 1335 “OM“

489 1454 592 1510 non
630 1442 824 1505 legitur
857 1442 909 1493 in
930 1443 1234 1496 viterb—2
1270 1446 1518 1496 Rutabilia
1541 1447 1771 1499 Harlem.
1812 1448 1911 1499 Ed.
1932 1450 2069 1500 Ven.
2104 1453 2153 1497 1.
2184 1449 2434 1513 ruptalmla
2452 1448 2609 1500 Vind.
2638 1453 2689 1499 2.

492 1508 717 1581 rurubula
735 1509 832 1558 Ed.
863 1510 1008 1559 Rom.
1035 1525 1114 1574 pr.
1166 1510 1300 1561 Item
1326 1512 1563 1574 spongias
1582 1528 1672 1561 seu
1694 1514 1954 1578 sphongeas
1976 1516 2188 1565 Merum.
2213 1517 2331 1565 Pin.
2356 1516 2489 1579 Cop-
2552 1514 2687 1563 Dein

477 1571 692 1647 sorctpes
734 1584 997 1649 receptum
1030 1592 1059 1624 a
1081 1576 1209 1624 Mss.
1239 1584 1293 1625 et
1310 1576 1446 1628 Edd.
1473 1579 1749 1642 plerisque.
1774 1580 1972 1645 forfices
1993 1580 2092 1629 Ed.
2116 1582 2297 1644 Camp.
2325 1582 2447 1630 Var.
2475 1581 2687 1643 forcipes

491 1638 746 1699 plurimas,
796 1640 947 1703 idque
980 1641 1153 1704 placet
1182 1641 1417 1692 Oud0-3
1441 1643 1745 1706 Inoequarum
1782 1646 1912 1694 liber
1945 1646 2096 1695 Torr.
2135 1646 2503 1709 inrequissimar.
2546 1646 2689 1695 Cort-

493 1701 593 1751 Ed.
619 1704 799 1766 Camp.
823 1704 955 1753 Dein
979 1720 1166 1755 aversus
1182 1714 1440 1757 testantur
1461 1709 1670 1757 Memm.
1686 1710 1846 1759 Fouc.
1865 1711 2003 1759 Dun.
2019 1711 2213 1760 Medic.
2234 1713 2390 1761 Vind.
2409 1712 2690 1760 Voss.‘cnm

490 1766 624 1816 Edd.
648 1769 884 1820 Beroald.
907 1772 1029 1820 Bas.
1047 1772 1158 1821 Col.
1179 1772 1380 1837 Gryph.
1415 1773 1585 1839 Vulgo
1608 1777 1944 1825 adeersum—4
1979 1777 2197 1826 Plio-turo
2221 1777 2431 1827 Merum.
2461 1777 2693 1840 plis-turus

1479 1973 1694 2024 NOTA-2

492 2078 685 2128 dixerit
726 2080 741 2109 ‘
766 2079 968 2143 regios,’
1003 2083 1044 2131 si
1069 2082 1136 2132 de
1175 2083 1423 2134 Romanis
1455 2101 1555 2136 nou

488 2156 751 2218 intelligat
771 2172 787 2212 ς
820 2157 835 2186 ‘
854 2159 1153 2222 peregrinos
1170 2158 1184 2179 ⁹
1202 2160 1344 2211 enirn
1368 2161 1556 2213 dixisse

498 2230 822 2283 sufficiebat:
866 2235 998 2284 unde
1035 2238 1288 2288 servanda
1308 2238 1442 2290 foret
1464 2240 1557 2290 Vi·

500 2309 777 2358 terbiensis
801 2310 997 2360 codicis
1020 2314 1196 2379 lectio,
1220 2331 1250 2364 a
1276 2331 1377 2381 quo
1396 2315 1454 2366 τὸ
1480 2332 1555 2367 re-

494 2386 602 2450 gios
623 2385 787 2438 abest.
851 2388 867 2416 ‘
891 2389 1202 2451 Peregrinos
1221 2390 1236 2413 ’
1272 2391 1432 2455 igitur
1467 2393 1544 2443 in-

493 2464 670 2528 tellige
695 2464 980 2530 Philippos,
1005 2482 1052 2514 v.
1071 2483 1128 2532 g.·
1146 2470 1351 2535 Darios,
1362 2472 1545 2521 Victo·

492 2544 698 2601 riantur,
721 2544 808 2609 qui
833 2552 968 2597 teste
1001 2549 1175 2599 Plinio
1212 2550 1303 2603 lib.
1338 2565 1549 2603 xxxm-

493 2636 542 2676 ο.
581 2626 628 2672 8.
661 2637 728 2673 ex
768 2624 979 2686 Illyrico
1016 2628 1266 2679 advectus
1298 2636 1379 2679 est
1401 2639 1548 2682 ante-

498 2713 652 2762 quam
676 2701 852 2750 Romae
879 2713 1267 2766 percuteretur.
1333 2707 1485 2759 Qttod
1497 2718 1555 2761 et

492 2773 569 2829 in·
587 2775 799 2825 dubium
838 2782 1194 2832 revocaverint
1220 2783 1433 2835 studiosi
1459 2799 1552 2834 nu-

494 2849 786 2906 mismatum
816 2855 1233 2921 investigatores,
1256 2859 1344 2924 qui
1368 2861 1553 2910 Roma-

496 2941 566 2979 no
605 2930 798 2979 nemini
841 2939 961 2984 ante
1005 2935 1310 3000 Pompeium
1349 2938 1554 2989 licuisse

494 3013 682 3067 putant
718 3017 934 3059 monetae
970 3025 1156 3061 nomen
1190 3028 1336 3063 suurn
1376 3013 1552 3077 impri-

495 3095 638 3130 mere
658 3099 675 3142 ;
695 3083 794 3131 nisi
817 3082 954 3133 forte
974 3084 1038 3134 de
1062 3089 1276 3150 privatis
1301 3088 1553 3140 duntaxat

493 3155 885 3219 intelligendum
916 3160 1002 3211 sit.

567 3230 583 3264 ³
621 3233 819 3296 Cilicio]
851 3236 980 3285 Vela
1003 3237 1237 3301 quaedam
1263 3240 1461 3292 hirsuta
1482 3257 1550 3293 ex

496 3307 631 3361 villis
685 3324 958 3373 caprarum
1003 3312 1264 3374 confecta,
1307 3318 1360 3368 in
1403 3333 1551 3370 usum

496 3382 767 3438 nautarum
791 3394 846 3437 et
873 3390 948 3443 rei
971 3391 1219 3444 militaris.

554 3460 586 3497 k
613 3461 875 3528 spongias]
907 3465 1007 3516 His
1047 3467 1113 3521 ad
1147 3471 1311 3523 varias
1343 3473 1555 3524 infirmi-

494 3545 634 3589 tates
664 3539 856 3589 medici
891 3543 1186 3601 utebantur,
1211 3556 1268 3599 nt
1289 3562 1354 3599 ex
1377 3565 1555 3602 eornm

486 3615 640 3669 ‘libris
662 3617 907 3681 colligere
929 3628 1024 3669 est.
1070 3621 1169 3671 His
1195 3639 1396 3690 quoque
1415 3643 1558 3677 men·

497 3707 580 3745 ses
614 3693 978 3758 detergebam,
1002 3704 1060 3746 ut
1083 3707 1231 3762 patet
1253 3715 1317 3750 ex
1340 3704 1559 3753 Martia-

496 3769 533 3819 li
579 3770 629 3819 in
674 3771 996 3835 Apophoret.

497 3845 513 3872 ‘
534 3848 752 3911 spongia
771 3847 804 3898 ε’

501 3924 766 3985 tergendis
790 3929 1006 3989 spongia
1026 3928 1250 3978 mensis.’

1064 3776 1214 3841 Epig.
1257 3778 1339 3829 cui
1381 3781 1560 3829 titulus

1634 2097 1738 2138 tem
1759 2089 1946 2150 omnia,
1960 2089 2161 2153 aliaque
2185 2087 2235 2136 id
2259 2100 2440 2150 genus,
2458 2100 2579 2136 cnm
2606 2101 2697 2137 sua

1632 2181 1852 2231 quaeque
1892 2165 2227 2230 inscriptione
2272 2164 2684 2214 saturnaliorum

1634 2242 1815 2292 diebus
1833 2244 2190 2304 mittebantur,
2212 2250 2270 2291 ut
2286 2241 2440 2291 etiam
2461 2255 2527 2289 ex
2550 2242 2694 2290 Mar-

1634 2320 1771 2370 tialis
1809 2320 2096 2370 Xeniorum
2138 2326 2192 2368 et
2231 2316 2692 2380 Apophoretorum

1633 2396 1777 2448 libris
1800 2399 2027 2461 constat,
2049 2395 2229 2460 quibus
2251 2392 2453 2442 festivis
2474 2393 2697 2456 inscrip-

1626 2476 1846 2525 tionibus
1887 2489 1978 2523 seu
2019 2474 2184 2523 titulis
2210 2472 2514 2536 plerumque
2539 2472 2701 2520 ambi·

1628 2566 1730 2615 guo
1752 2565 1904 2599 sensu
1935 2549 2136 2600 latebat
2168 2548 2499 2597 obscoenitas.

1693 2634 1719 2661 ¹²
1761 2627 1954 2678 Solebat
1970 2632 2017 2676 et
2041 2625 2517 2690 inoequalissimarum
2535 2638 2696 2674 rerum

1629 2709 1801 2768 sortes,
1825 2703 1934 2767 aisa]
1969 2703 2089 2753 Hoc
2115 2705 2268 2753 modo
2294 2692 2504 2751 factum
2524 2703 2692 2766 conji·
2791 2694 2795 2698 ’

1631 2790 1752 2832 cere
1793 2787 1893 2830 est.
1974 2781 2195 2830 Paratus
2232 2778 2495 2828 habebant
2542 2792 2699 2828 urnas

1633 2858 1790 2908 duas:
1827 2858 1878 2906 in
1895 2857 2110 2906 alteram
2126 2869 2296 2905 rernm
2316 2854 2574 2905 venalium
2597 2855 2700 2904 sin-

1634 2938 1870 3001 gularum
1894 2936 2064 3000 pretia
2088 2934 2304 2985 totidem
2327 2939 2514 2982 notata
2537 2933 2698 2982 sclie-

1633 3012 1768 3062 dulis
1783 3010 2060 3061 mittebant
2078 3027 2094 3072 ς
2119 3013 2171 3059 in
2189 3011 2404 3059 alteram
2428 3023 2602 3058 rerum
2623 3008 2698 3073 ip-

1634 3103 1806 3137 sarum
1829 3088 2035 3139 nomina
2077 3087 2189 3151 pari
2222 3085 2376 3136 modo
2400 3086 2696 3151 descripta}

1632 3179 1733 3229 quo
1765 3163 1927 3225 facto,
1949 3165 2292 3228 schedulaque
2315 3162 2695 3226 esingulisnr-

1631 3240 1712 3289 nis
1727 3240 1887 3290 ducta
1905 3239 1972 3290 ab
1987 3254 2313 3304 unoquoque,
2328 3238 2439 3301 ejus
2462 3239 2538 3288 rei
2559 3254 2697 3304 quae-

1630 3332 1851 3383 cumque
1880 3317 2172 3367 obvenisset
2197 3318 2424 3381 pretium
2443 3317 2698 3373 solvebat,

1634 3394 1772 3460 quod
1798 3394 2045 3444 schedula
2066 3409 2096 3443 a
2118 3408 2173 3443 se
2190 3394 2346 3443 ducta
2367 3401 2603 3442 notatum
2620 3409 2699 3443 es·

1636 3480 1735 3522 set.
1802 3473 1931 3522 Cum
1973 3472 2132 3535 igitur
2171 3470 2504 3519 diversissimi
2542 3470 2701 3534 pretii

1636 3563 1719 3597 res
1749 3556 1941 3609 essent,
1964 3547 2076 3596 fieri
2101 3545 2255 3596 facile
2281 3553 2505 3610 poterat,
2529 3553 2589 3594 nt
2612 3546 2700 3611 qni

1638 3625 1936 3676 schedulam
1960 3623 2166 3673 maximi
2184 3624 2340 3687 pretii
2359 3623 2609 3676 duxisset,
2619 3624 2700 3672 ei-

1637 3701 1756 3752 dem
1781 3701 1855 3750 illi
1874 3715 1941 3749 ex
1958 3715 2086 3751 urna
2102 3703 2287 3765 altera,
2302 3715 2404 3764 qua
2424 3715 2593 3749 rerum
2615 3715 2703 3750 no-

1640 3779 1779 3829 mina
1813 3777 2233 3838 continebantur,
2268 3778 2471 3825 nonnisi
2497 3778 2705 3826 minimi

868 3850 1038 3901 ‘Haec
1083 3852 1174 3902 tibi
1221 3863 1362 3906 sorte
1404 3857 1562 3907 datur
1643 3855 1799 3921 pretii
1820 3870 1923 3915 res,
1961 3855 2070 3904 sive
2097 3855 2173 3903 rei
2204 3853 2475 3916 schedula,
2503 3858 2703 3905 contin·

1640 3938 1808 3994 geret,
1831 3939 1922 3979 aut
1943 3945 1973 3978 e
1998 3936 2195 3984 contra,
2220 3942 2335 3994 quae
2361 3938 2508 3979 certe
2533 3932 2705 3993 anrpla

561 3998 575 4031 ¹
610 4000 876 4064 Rutabula]
911 4004 1128 4066 Lignum
1162 4006 1286 4056 illud
1321 4014 1422 4073 est,
1456 4025 1559 4074 quo
1627 4009 1887 4072 jocorum,
1921 4005 2381 4055 et-cachinnorum
2422 4008 2702 4067 materies3

499 4079 719 4124 utuntur
759 4079 823 4125 ad
855 4080 1196 4141 proruendum
1222 4084 1411 4151 iguem,
1433 4087 1557 4136 dum

497 4152 644 4214 panis
668 4154 923 4217 coquitur,
946 4163 1036 4205 aut
1059 4150 1357 4221 coquendus
1373 4171 1469 4213 est.

562 4232 598 4258 ¹¹²
633 4226 878 4291 Forpices]
923 4229 1279 4285 Instrumenta
1325 4236 1553 4301 fabrilia,

506 4301 691 4365 quibus
712 4302 879 4353 calida
903 4310 1271 4361 attrectantur.
1313 4312 1446 4365 Haec
1470 4331 1557 4366 au-

1640 4084 1861 4137 maxime
1898 4083 1942 4130 si
1963 4080 2131 4146 (quod
2156 4081 2415 4129 existimat
2441 4082 2700 4131 Casaubo·

1637 4159 1761 4229 nus)
1784 4159 1852 4208 de
1874 4158 2169 4208 muneribus
2191 4159 2290 4207 illis
2324 4166 2381 4207 et
2417 4158 2581 4207 titulis
2598 4156 2700 4206 fes·

1639 4239 1747 4287 tive
1769 4234 2018 4299 ambiguis
2050 4234 2188 4283 idenr
2221 4232 2411 4293 fieret;
2446 4232 2583 4297 quod
2622 4241 2700 4281 ta·

1638 4328 1756 4368 men
1778 4308 1914 4365 haud
1939 4310 2140 4363 videtur
2164 4308 2340 4362 dicere
2368 4309 2666 4361 Suetonius.
