3019 4922
558 293 645 364 98
1421 308 1483 353 c.
1530 303 1888 354 sumonu

563 454 860 521 sulatum
879 461 900 488 ¹
928 451 1057 535 egit
1083 452 1125 516 :⁵
1157 455 1356 534 atque
1386 469 1474 513 ex
1506 436 1747 533 viginti
1767 436 2206 531 trecentisque
2238 446 2535 513 millibus
2570 450 2742 514 acci-

562 556 877 641 pientiam
919 553 1308 617 frume-ntum
1335 571 1380 616 e
1410 550 1710 636 publico,
1756 549 1841 613 ad
1893 557 2157 614 centum
2201 550 2771 640 quinquaginta&

562 659 861 725 retraxit.
934 654 1040 720 Ac
1062 676 1144 720 ne
1169 656 1283 739 qui
1300 654 1456 719 novi
1480 661 1526 693 ¹¹
1561 658 1781 720 coetus
1799 661 1819 688 ³
1848 653 2250 722 recensionis
2270 673 2475 719 causa
2495 652 2744 718 moveri

564 762 963 846 quandoque
993 763 1289 843 possent,
1320 757 1626 835 instituit,
1660 757 2013 842 quotannis
2044 757 2110 819 in
2140 756 2625 826 demortuorum
2653 755 2746 822 lo-

564 886 715 931 cum
732 885 827 930 ex
843 864 951 942 iis,
974 863 1090 947 qui
1119 861 1426 926 recensiti
1452 869 1472 899 ¹
1503 880 1638 926 non
1669 866 1912 938 essent,
1933 859 1952 895 ¹
1977 858 2369 925 subsortitio
2393 866 2417 894 ²
2439 867 2466 894 ¹²
2497 878 2540 923 a
2569 857 2746 923 Prae-

565 974 710 1056 tore
768 967 976 1034 fieret.
1084 964 1247 1044 [42]
1291 962 1651 1047 Octoginta
1706 969 1932 1028 autem
1951 970 1971 1009 ³
2035 962 2281 1050 civium
2337 960 2636 1028 millibus
2683 963 2746 1027 in

568 1069 1047 1134 transmarinas
1092 1066 1399 1132 colonias
1435 1073 1464 1099 ν
1521 1065 1924 1143 distributis,
1980 1072 2058 1128 ut
2101 1064 2451 1130 exhaustae
2495 1082 2748 1148 quoque

569 1171 788 1239 Urbi*
835 1171 1209 1255 frequentia
1252 1171 1652 1252 suppeteret,
1695 1168 1947 1245 sanxit,
1980 1153 2093 1233 'Ne
2126 1167 2279 1251 quis
2324 1166 2499 1232 civis
2542 1166 2750 1253 major

567 1276 761 1341 annis
791 1276 1049 1358 viginti,
1076 1274 1374 1338 minorve
1406 1270 1892 1356 quadraginta,⁵
1946 1272 2060 1355 qui
2107 1276 2581 1336 sacramento*
2625 1290 2752 1337 non

568 1384 919 1455 teneretur,
945 1376 1104 1460 plus
1134 1375 1423 1439 triennio
1456 1375 1772 1438 continuo
1795 1371 1822 1413 ⁶
1869 1374 2072 1439 Italia
2100 1374 2411 1439 abesset:
2445 1393 2574 1438 neu
2608 1373 2752 1458 quis

568 1479 913 1548 Senatoris
934 1477 1133 1556 filius,
1155 1477 1285 1541 nisi
1310 1475 1836 1542 contubernalis¹
1865 1484 1981 1542 aut
2000 1496 2226 1566 comes
2244 1486 2275 1526 5
2304 1478 2751 1560 magistratuS,

566 1601 838 1665 peregre
868 1579 1442 1666 proficisceretur:
1488 1599 1661 1643 neve
1693 1579 1783 1657 hi,
1816 1581 1930 1662 qui
1958 1580 2389 1663 pecuariam⁷
2433 1580 2750 1658 facerent,

569 1684 833 1749 minus⁸
894 1685 1089 1748 tertia
1116 1688 1350 1767 parte³
1402 1684 1726 1766 puberum
1757 1683 2193 1767 ingenuorum
2239 1684 2409 1748 inter
2451 1688 2752 1768 pastores

1485 1866 1855 1890 ‘UOOOOOOOOO

571 1971 632 2016 lo
656 1967 843 2031 Copes.
865 1966 1107 2017 mendose
1128 1967 1269 2016 Clod.
1292 1981 1389 2030 pro
1416 1966 1645 2016 GL.-ll
1683 1982 1740 2016 ac
1758 1981 1869 2017 nov.
1887 1982 1946 2016 ne
1966 1966 2049 2031 qui
2067 1966 2221 2017 Huls.·
2257 1965 2391 2015 Tum
2413 1964 2687 2015 nomimis
2707 1963 2756 2012 in

570 2032 716 2082 Med.
751 2037 894 2082 2.—l
933 2033 1131 2082 Recenti
1162 2032 1374 2081 Memm.
1410 2032 1551 2081 Pith.
1583 2032 1728 2082 Med.
1751 2036 1800 2082 3.
1831 2047 1989 2095 marg.
2017 2031 2230 2081 Mediol.
2264 2038 2320 2080 et
2350 2031 2426 2080 sic
2449 2029 2617 2080 edidit
2638 2031 2756 2079 Ern.

557 2096 2430 2213 '²⁰5¹{1¹:321}ss„ssssizzf‘asszsszgt-‚iffi‘ff‘3¹33‘²‘32{¹,⁰¹⁵·1c1·3d÷tz“⁶’ss
2446 2093 2761 2211 ‘32⁵3ssss

569 2166 791 2289 {Quonim
813 2241 927 2277 esse
950 2228 1273 2277 contendunt
1298 2228 1517 2277 Casaub.
1543 2226 1698 2277 Wolf.
1719 2197 1900 2277 1⁸3remf
1915 2178 2131 2290 Baurffsg.
2149 2197 2341 2277 eontra
2352 2177 2533 2276 gurm.
2558 2224 2692 2275 Oud.
2708 2232 2760 2273 et

573 2292 697 2340 Ern.
732 2292 865 2341 urbis
902 2293 1205 2342 scribentes.
1268 2293 1450 2356 Steph.
1490 2292 1656 2343 edidit
1691 2293 2174 2357 urbis‘proesentiam,
2203 2306 2353 2356 quem
2379 2306 2534 2340 nemo
2556 2296 2759 2340 secutus

568 2362 767 2406 est—5
799 2358 999 2407 Omnes
1022 2358 1151 2407 Mss.
1172 2359 1468 2422 conspirant
1491 2358 1542 2407 in
1568 2357 1751 2407 vitiosa
1775 2359 1994 2407 lectione
2015 2360 2189 2419 decem,
2213 2359 2293 2407 vel
2319 2358 2390 2405 X.
2414 2363 2616 2420 praeter
2631 2356 2760 2405 solos

569 2422 788 2471 Tornac.
806 2429 860 2473 et
884 2422 1057 2472 Ursin.
1080 2423 1163 2487 qui
1192 2424 1306 2474 XL.
1331 2422 1544 2480 habent,
1567 2430 1622 2474 et
1652 2424 1723 2474 ita
1751 2422 2230 2475 Edd.recentiores.
2297 2422 2437 2473 Oud.
2461 2422 2600 2486 conj.
2621 2421 2684 2482 L,
2706 2426 2762 2470 ut

572 2486 796 2536 casaub.
843 2488 1123 2552 praeiverat
1162 2489 1277 2552 LX.
1344 2489 1624 2540 Omittitur
1654 2489 1794 2538 annis
1837 2490 1889 2537 in
1925 2489 2208 2555 copem—6
2246 2489 2482 2537 Continuo
2521 2487 2696 2538 exulat
2731 2501 2761 2535 a

572 2553 731 2601 Foue.
798 2554 924 2602 Mox
952 2554 1093 2617 Lips.
1115 2553 1179 2602 ad
1206 2553 1337 2602 Anu.
1354 2555 1478 2605 Tac.
1503 2567 1606 2604 xu.
1623 2554 1980 2617 corrigendum
2000 2555 2158 2603 vellet
2178 2567 2267 2602 neu
2282 2553 2385 2616 quis
2399 2557 2610 2613 senator,
2629 2566 2762 2602 rena·

495 2676 503 2684 ⁵
568 2617 829 2682 torisvefil.
896 2619 1144 2668 Praebent
1165 2634 1224 2668 ne
1243 2620 1344 2683 quis
1370 2619 1606 2669 Harlem.
1627 2620 1756 2668 Ven.
1779 2628 1904 2680 tres,
1933 2619 2094 2680 Lugd.
2115 2618 2264 2670 Junt.
2287 2618 2408 2667 Ald.
2432 2618 2667 2668 Bon.-⁷
2699 2616 2760 2665 In

572 2681 691 2731 Pin.
723 2684 805 2746 qui
831 2698 930 2740 rem
962 2684 1285 2747 pecuniariam
1300 2685 1542 2747 facerent,
1577 2684 1756 2733 deleta
1788 2691 1961 2732 tamen
1995 2684 2192 2748 syllaba
2221 2684 2275 2732 ni
2296 2683 2346 2731 in
2376 2697 2477 2746 pec.
2553 2679 2767 2732 Addunt

572 2762 774 2811 quoque
790 2748 1183 2812 “Persaeujam
1214 2765 1315 2799 rem
1350 2756 1468 2813 post
1503 2764 1602 2812 pec.
1641 2764 1755 2798 cum
1782 2749 1916 2798 Edd.
1944 2749 2074 2798 Ven.
2099 2747 2264 2811 Lugd.
2290 2748 2510 2798 Mediol.
2536 2748 2766 2811 aliisque,

572 2812 666 2862 sed
689 2813 903 2876 glossam
937 2822 1153 2866 censent
1174 2815 1354 2867 Burm.
1375 2822 1433 2866 et
1458 2814 1700 2867 Oud.-e
1734 2815 1856 2864 Plus
1877 2819 1994 2864 tert.
2027 2813 2142 2864 cod.
2168 2812 2458 2863 Ursini.—9
2495 2815 2563 2863 Et
2588 2812 2767 2862 deerat

1556 2943 1605 2994 N
1613 2943 1775 2995 0⁰1*AE

635 3045 659 3074 ³·
692 3035 793 3088 Per
806 3039 1017 3090 dominos
1035 3040 1320 3104 insularum]
1363 3041 1483 3091 Non
1507 3054 1629 3091 vero

575 3129 668 3177 per
706 3116 1214 3166 scribascensornm.
1281 3118 1473 3167 Insulae
1508 3124 1631 3167 sunt

575 3190 813 3249 aedificia,
845 3193 935 3257 rivel
966 3191 1295 3255 adificiorum
1331 3193 1629 3255 multitudo,

575 3282 687 3331 quae
705 3268 826 3317 aliis
842 3282 945 3317 non
968 3268 1347 3332 conjunguntur
1363 3269 1426 3318 ad
1451 3283 1628 3319 earum

573 3343 962 3394 similitudinem
984 3353 1231 3394 terrarum
1257 3361 1370 3409 quae
1395 3347 1522 3397 mari
1549 3346 1630 3395 vel

577 3416 869 3469 fluminibus
891 3420 1139 3471 eminent.
1204 3422 1307 3470 Sed
1332 3422 1413 3472 laic
1437 3423 1628 3473 insulas

569 3495 817 3561 intelligit
848 3496 1121 3546 Suetonius
1145 3499 1347 3561 quasvis
1382 3497 1522 3548 aedes
1557 3500 1625 3548 lo·

574 3572 810 3624 catitias:
845 3573 916 3624 sic
939 3575 1074 3623 enim
1099 3584 1213 3637 post
1239 3576 1499 3625 Neronem
1518 3576 1620 3627 dic·

576 3657 645 3701 tae
663 3649 891 3714 suerunt,
913 3651 1338 3718 quemadmodum
1355 3667 1420 3704 ex
1442 3653 1625 3704 Tacito

576 3727 906 3777 Casaubonus
930 3729 1224 3778 existimat:
1256 3743 1433 3787 earum
1469 3730 1628 3794 igitur

572 3802 799 3853 dominos
822 3805 1056 3868 intellige
1080 3805 1219 3870 ipsos
1239 3806 1513 3859 locatores·

636 3887 654 3912 ⁸
692 3878 874 3942 Goetus]
908 3881 1077 3946 Supra
1089 3882 1165 3930 de
1198 3882 1296 3930 hac
1321 3897 1446 3932 voce
1472 3897 1520 3931 c.
1543 3886 1622 3933 16.

637 3957 655 3989 ¹
690 3955 788 4011 Qui
806 3957 1028 4006 recensiti
1045 3971 1140 4006 non
1163 3957 1341 4020 essent]
1383 3958 1484 4010 Qui
1512 3956 1625 4008 Cae-

574 4031 703 4081 ⁸aris
735 4033 1039 4085 recensione
1077 4035 1142 4083 ad
1178 4032 1623 4085 frumentationem

574 4106 779 4156 admissi
797 4121 900 4158 non
922 4117 1092 4160 erant.

637 4191 661 4217 ¹
694 4183 1005 4249 Subsorztitio]
1030 4187 1146 4241 Hoc
1183 4193 1282 4250 est,
1320 4188 1626 4242 secundaria

1710 3042 1941 3107 quaedam
1981 3043 2182 3092 sortitio
2222 3041 2274 3092 in
2314 3055 2493 3092 eorum
2533 3038 2765 3090 solatium

1709 3119 1794 3183 qui
1821 3121 1978 3183 prima
2016 3118 2289 3168 sortitione
2321 3116 2533 3166 fuerant
2555 3115 2768 3176 exclusi„

1709 3202 1768 3242 ut
1800 3209 1988 3259 nempe
2009 3195 2060 3244 in
2086 3202 2404 3247 mortuorum
2439 3194 2562 3243 loca
2594 3190 2768 3242 subro-

1710 3277 1974 3333 gerentur.

1770 3352 1794 3377 v
1844 3347 2207 3396 Transmarinas
2244 3345 2471 3410 colonias]
2537 3347 2768 3398 Quarum

1707 3421 1986 3486 praecipuae
2008 3423 2284 3473 Corinthus
2309 3428 2362 3470 et
2386 3422 2669 3489 Carthago.

1771 3506 1804 3531 ¹⁷
1854 3498 2185 3563 Sacramento]
2237 3499 2599 3562 Jurejurando
2661 3512 2772 3549 sese

1706 3575 1924 3628 Romani
1963 3576 2154 3626 milites
2192 3575 2561 3639 astringebant
2586 3576 2648 3624 ad
2684 3589 2772 3640 pa·

1706 3651 1922 3704 rendum
1944 3650 2061 3700 duci
2085 3666 2406 3717 quocumque
2428 3651 2672 3704 duceret.

1769 3731 1796 3758 ¹
1833 3727 2213 3791 Contubernalis]
2245 3728 2414 3792 Supra
2437 3743 2561 3793 cap.
2581 3733 2631 3782 2.

1769 3811 1791 3846 5
1827 3805 2019 3870 Comes]
2048 3805 2127 3855 De
2149 3805 2232 3868 ile,
2255 3806 2432 3870 quales
2457 3806 2557 3856 sub
2582 3805 2775 3870 Magis·

1707 3881 1928 3931 tratibus
1951 3888 2120 3944 erant,
2153 3897 2309 3946 supra
2338 3896 2457 3946 cap.
2483 3886 2535 3935 4.
2562 3897 2704 3934 nnm-
2725 3887 2776 3933 8.

1703 3964 1763 4007 et
1784 3958 1878 4008 sub
1902 3959 2152 4022 Imperat.
2179 3957 2331 4022 infra,
2361 3959 2483 4011 Tib.
2503 3974 2625 4024 cap.
2650 3963 2732 4010 46.

1765 4046 1787 4071 ²
1806 4037 1975 4086 Minus
1995 4037 2140 4086 tertia
2155 4035 2315 4100 parte]
2347 4036 2484 4087 Cum
2509 4038 2649 4087 enim
2671 4037 2768 4086 illis

1704 4111 2082 4166 matrimonium
2118 4112 2248 4161 inire
2293 4112 2502 4175 liceret,
2542 4129 2645 4163 non
2685 4128 2770 4161 au·

1704 4196 1811 4240 tem
1856 4189 2148 4254 legionariis
2194 4187 2484 4252 militibus;
2537 4189 2768 4249 futurum
