3019 4922
519 406 653 473 374
1369 422 1434 469 c.
1480 419 1845 469 sum-orm

522 567 836 653 quamvis
866 564 1214 631 statuisset
1263 582 1397 629 non
1438 563 1661 646 egredi
1705 561 2138 630 tabernaculo
2160 569 2191 613 ⁹
2236 566 2507 646 propter
2534 560 2714 628 vale·

525 672 840 745 tudinem,
900 686 1209 751 egressus
1257 671 1362 731 est
1407 671 1632 732 tamen
1685 665 1890 730 amici
1909 673 2005 711 ¹05
2066 666 2332 731 somnio
2387 666 2715 730 monitus:

521 775 867 857 cessitque
889 791 991 836 res
1023 788 1364 855 prospere,
1395 769 1666 852 quando
1697 768 1921 853 captis
1953 768 2197 833 castris
2226 775 2249 803 ⁸
2274 766 2519 832 lectica
2546 765 2715 851 ejus,

531 877 727 961 quasi
773 877 868 942 ibi
910 876 1168 940 cubans
1197 873 1655 950 remansisset,
1702 891 2028 937 concursu
2068 871 2367 936 hostium
2399 870 2720 936 confossa
2807 887 2811 892 ·

527 988 733 1063 atque
762 979 1090 1043 lacerata¹
1147 983 1269 1041 est.
1358 974 1519 1059 lpse
1553 994 1673 1058 per
1724 995 1919 1039 omne
1950 995 2063 1040 ver
2109 975 2446 1059 plurima,⁸
2476 979 2544 1038 et
2586 974 2720 1037 for-

529 1082 1099 1160 midolosissima,²
1129 1087 1199 1145 et
1226 1097 1427 1157 vana,
1448 1082 1516 1141 et
1544 1077 1724 1142 irrita
1741 1085 1762 1124 ³
1805 1078 2115 1143 videbat:
2145 1077 2406 1160 reliquo
2426 1083 2721 1160 tempore

527 1186 804 1263 rariora,
823 1190 892 1249 et
919 1184 1138 1247 minus
1170 1202 1364 1247 vana.
1418 1179 1593 1246 Cum
1616 1180 1998 1245 dedicatam
2027 1182 2098 1244 in
2127 1180 2472 1265 Capitolio
2505 1180 2721 1244 aedem

531 1287 825 1352 Tonanti
854 1286 900 1352 J
905 1287 1013 1352 ovi
1039 1284 1065 1323 b
1094 1285 1366 1351 assidue
1390 1284 1862 1369 frequentaret,
1886 1284 2272 1361 somniavit,
2296 1284 2488 1367 queri
2514 1281 2721 1366 Capi·

530 1390 814 1455 tolinum
844 1387 1141 1465 Iovem:=
1168 1388 1461 1452 cultores
1485 1386 1618 1451 sibi
1648 1386 1936 1452 abducit
1982 1406 2190 1470 seque
2210 1393 2241 1434 ⁴
2268 1386 2721 1470 respondisse,

535 1493 898 1557 Tonantem
943 1510 1065 1574 pro
1102 1487 1439 1574 janitored
1486 1490 1551 1554 ei
1598 1491 2016 1582 appositum:
2062 1489 2349 1576 ideoque
2394 1507 2558 1553 mox
2599 1489 2723 1552 tin·

532 1593 932 1659 tinnabulis‘
981 1593 1324 1676 fastigium
1378 1591 1552 1656 aedis
1594 1592 1936 1671 redimiit,⁵
1985 1594 2165 1677 qnod
2216 1613 2299 1658 ea
2343 1590 2476 1657 fere
2497 1590 2724 1676 januis

1451 1808 1573 1828 ‘OM

537 1958 831 2023 Utrumque
855 1966 1147 2022 suspectum
1168 1959 1349 2010 habuit
1370 1959 1608 2011 ocum—9
1642 1961 1817 2010 Burni.
1841 1959 2150 2010 anctoritate
2172 1958 2343 2007 Periz-
2368 1956 2601 2006 Harlem.
2616 1956 2727 2020 qui·

541 2024 636 2072 bus
662 2025 865 2074 accedit
888 2026 1036 2074 Cort.
1067 2034 1122 2075 et
1145 2025 1275 2074 Edd.
1306 2034 1428 2075 ante
1451 2026 1671 2075 Casaub.
1703 2025 1933 2089 reposuit
1956 2024 2319 2074 tabernaculam.
2384 2022 2635 2071 Retinent
2652 2026 2724 2070 ta·

535 2088 784 2138 herunculo
808 2089 946 2139 Oud.
972 2091 1094 2139 Ern.
1119 2088 1276 2139 Wolf.
1299 2091 1518 2153 Baumg.
1551 2091 1848 2141 auctoribus
1876 2088 2041 2141 Codd.
2065 2087 2514 2139 vetustiorib.—10
2547 2085 2730 2136 Medici

542 2153 676 2203 Edd.
708 2154 827 2203 Bas.
865 2154 1065 2217 Gryph.
1101 2155 1276 2204 Plant-
1302 2163 1360 2204 et
1395 2163 1619 2206 recentt.
1690 2156 1883 2205 Eadem
1921 2154 2154 2206 confusio
2187 2154 2240 2203 in
2273 2154 2409 2204 Cres.
2443 2166 2559 2217 cap.
2579 2154 2724 2202 4.-1

542 2217 728 2268 Lucem
743 2219 893 2269 Huls.
938 2220 1075 2270 Dein
1095 2226 1166 2269 est
1190 2235 1289 2269 non
1316 2227 1586 2285 comparet
1619 2222 1671 2270 in
1705 2222 1899 2271 Medic.
1920 2226 1971 2271 8.
2000 2221 2156 2270 Polit.
2201 2219 2377 2269 Habet
2414 2219 2573 2269 Fouc.
2609 2218 2730 2268 Item

536 2296 641 2346 per,
666 2292 721 2332 et
742 2286 957 2334 Memm.
997 2285 1099 2347 Ipse
1132 2289 1155 2333 ἓ
1177 2285 1236 2350 (i.
1261 2301 1307 2334 e.
1330 2286 1428 2349 est)
1450 2286 1587 2350 quod
1613 2301 1704 2348 pro
1736 2288 1880 2335 etiam
1913 2286 2153 2349 capiebat
2184 2284 2579 2334 salmasium—2
2614 2282 2730 2332 For-

542 2349 768 2397 midolosu
782 2350 939 2400 Vind.
964 2355 1010 2398 1.
1031 2358 1085 2399 et
1103 2365 1231 2399 unus
1247 2350 1399 2400 Torr.
1422 2351 1604 2401 melius
1625 2350 1676 2399 id
1689 2350 2366 2414 judicantis-formidulosis&
2389 2350 2601 2399 Memm.
2625 2346 2732 2407 for-

543 2414 775 2464 mosia.
812 2415 957 2465 Cort.
987 2416 1265 2480 Camp.—3
1306 2416 1506 2466 Irritatu
1543 2416 1871 2467 Herium—4
1903 2416 2187 2481 Singularis
2224 2423 2304 2466 est
2340 2413 2502 2466 lectio
2538 2411 2728 2464 Medic.

542 2484 591 2529 2.
623 2480 792 2529 abduci
832 2495 953 2545 sepe.
1020 2482 1146 2532 Mox
1180 2497 1268 2545 pro
1291 2481 1402 2543 jun.
1437 2482 1541 2544 dus
1566 2484 1716 2533 Voss.
1755 2482 1909 2532 Vind.
1937 2488 2081 2534 1.—⁵
2125 2482 2337 2533 Redimit
2376 2479 2573 2531 Medic.
2612 2482 2660 2532 1.
2681 2481 2731 2530 ⁸.

1539 2662 1754 2713 NOTAE

547 2779 644 2828 boc
679 2785 780 2841 est,
806 2777 985 2827 tabula
1014 2777 1252 2842 quisdam,
1278 2778 1602 2844 descriptum
1683 2783 1764 2827 rat
1786 2777 1921 2827 bello
1946 2774 2279 2836 Cantabrico,
2300 2774 2367 2824 de
2387 2788 2488 2837 quo
2512 2787 2669 2837 supra
2689 2787 2735 2823 c.

549 2854 822 2905 indicaret.

610 2938 633 2973 1
665 2930 849 2994 Amici]
883 2930 967 2980 Sic
993 2946 1169 2981 omnes
1191 2931 1602 2983 TorrentiiMss.

549 3015 730 3057 contra
754 3022 882 3072 quos
913 3015 1084 3057 tamen
1121 3009 1292 3058 medici
1329 3009 1606 3073 legendum

548 3085 713 3145 cupit,
732 3090 900 3132 motus
922 3084 1235 3133 auctoritate
1261 3085 1460 3149 Dionis,
1481 3087 1605 3136 Vel·

547 3159 655 3218 leii,
679 3164 734 3208 et
757 3159 955 3207 Valerii
978 3160 1212 3217 Maximi,
1240 3162 1329 3224 qui
1352 3163 1606 3213 medicum

551 3236 692 3284 illum
716 3234 899 3284 dicunt
922 3236 1127 3285 nomine
1152 3236 1436 3288 Artorium.

620 3320 640 3344 ²
688 3310 857 3374 Captis
899 3311 1095 3374 castris]
1151 3314 1323 3376 Supra
1366 3328 1479 3377 cap.
1526 3317 1606 3363 13.

555 3387 757 3439 Auctor
795 3395 878 3438 est
906 3390 1145 3439 Valerius
1171 3391 1432 3440 Maximus
1454 3391 1545 3440 lib.
1568 3405 1607 3440 1.

553 3478 599 3515 c.
620 3470 670 3515 5.
710 3465 820 3530 ipsa
848 3480 964 3531 quae
1004 3466 1337 3530 Philippense
1377 3467 1609 3530 praelium

552 3544 843 3594 antecessit
881 3552 1055 3606 nocte,
1086 3547 1339 3595 Minervae
1377 3545 1610 3609 speciem

555 3621 761 3673 Artorio
806 3622 1008 3673 medico
1053 3623 1329 3674 dormienti
1372 3622 1609 3674 obortam

553 3699 886 3762 praecepisse,
905 3706 963 3748 ut
984 3698 1290 3762 Augustum,
1306 3700 1451 3763 gravi
1474 3714 1611 3749 mnr-

558 3776 623 3827 bo
645 3777 773 3827 licet
790 3777 857 3826 im
867 3776 1119 3840 plicitum,
1143 3785 1391 3835 moneret,
1413 3792 1477 3827 ne
1498 3777 1612 3841 ejus

556 3867 711 3902 carisa
734 3869 765 3901 a
789 3853 967 3915 praelio
989 3853 1293 3914 abstineret,
1314 3857 1415 3904 &c-

622 3938 644 3964 ⁸
680 3931 779 3980 Per
799 3945 934 3979 omne
953 3945 1037 3980 uer
1049 3930 1277 3995 plurima]
1300 3931 1488 3983 Qualia
1505 3946 1611 3981 me·

561 4004 868 4069 lanclnolicis,
886 4007 1174 4069 vinolentis,
1193 4015 1249 4057 et
1267 4006 1614 4059 febrientibus

560 4082 797 4133 accidere
831 4084 992 4135 tradit
1023 4083 1353 4148 Aristoteles,
1383 4086 1519 4136 libro
1548 4084 1615 4134 de

558 4158 816 4207 insomniis
840 4174 956 4223 cap.
975 4163 1026 4210 4.
1056 4160 1147 4209 ubi
1169 4167 1222 4210 et
1242 4177 1423 4213 causas
1446 4164 1612 4212 inves-

564 4233 718 4297 tigat.

625 4311 648 4346 ὓ
683 4314 854 4363 AEdem
880 4314 1084 4363 Tonanti
1103 4315 1240 4378 Jovi]
1288 4317 1440 4368 Hunc
1464 4332 1616 4368 vove·

1680 2859 1765 2905 20.
1789 2861 1845 2905 et
1860 2859 1941 2905 85.
1965 2868 2027 2903 ac
2050 2853 2312 2917 praecipue
2328 2865 2374 2900 c.
2396 2854 2478 2900 29.

1749 2941 1771 2966 ⁰
1810 2931 2145 2998 Capitolinum*
2171 2926 2361 2990 docent]
2416 2926 2586 2974 Varia
2618 2930 2737 2973 sunt

1684 3011 1828 3062 ,lovis
1846 3011 2150 3073 cognomina
2170 3023 2184 3056 ι
2207 3007 2451 3069 templum
2471 3005 2569 3053 boc
2591 3017 2741 3053 vove-

1688 3096 1770 3137 rat
1811 3086 2116 3152 Tarquinius
2168 3085 2396 3147 Priscus,
2445 3080 2743 3147 perfecerat

1688 3162 1974 3226 Superbus.

1749 3236 1772 3271 ⁴¹
1805 3238 2054 3301 Janitore]
2083 3236 2294 3287 Catenis
2318 3235 2474 3285 vincti
2491 3235 2746 3300 janitores

1689 3315 1897 3366 stabant
1939 3314 2003 3364 ad
2039 3322 2236 3379 portas,
2274 3319 2332 3363 ut
2368 3320 2596 3363 testatur
2634 3314 2747 3377 ipse

1689 3393 1967 3443 Suetonius
1990 3392 2078 3442 lib.
2100 3392 2166 3441 de
2188 3391 2336 3441 claris
2365 3389 2677 3440 Rhetoribns
2701 3405 2750 3441 c.

1690 3475 1740 3521 3.
1777 3478 1832 3521 et
1872 3470 2091 3522 Ovidius
2125 3484 2351 3521 amorum
2384 3468 2474 3517 lib.
2496 3483 2537 3518 1.
2565 3468 2750 3534 Elegia

1689 3553 1738 3597 6.
1770 3548 2007 3601 ‘Junitor
2035 3547 2245 3610 indigne
2268 3546 2399 3596 dura
2422 3546 2643 3608 religate
2666 3560 2753 3598 ca·

1693 3626 1848 3675 tena.'
1914 3626 1984 3675 Et
2005 3624 2173 3673 adhuc
2193 3622 2330 3673 infra
2347 3622 2530 3673 eadem
2555 3623 2755 3686 Elegia,

1691 3709 1706 3731 ‘
1728 3702 1815 3752 Sic
1838 3701 1969 3751 dura
1993 3714 2247 3765 nunquam
2282 3699 2504 3763 religere
2528 3696 2754 3750 catena!

1755 3786 1779 3813 θ
1808 3778 2183 3841 Tintinnubulis]
2213 3778 2404 3828 Sensus
2421 3783 2521 3833 est,
2545 3776 2753 3841 Augus-

1691 3864 1819 3920 tum,
1856 3863 1913 3906 ut
1942 3855 2188 3920 janitoris
2227 3855 2343 3904 loco
2375 3867 2588 3917 prorsus
2614 3858 2754 3903 esset

1690 3933 2136 3997 JoviCapitolino
2162 3931 2370 3994 Jupiter
2399 3930 2629 3991 Tonans,
2661 3929 2753 3978 bu·

1685 4011 1775 4075 jus
1799 4009 1986 4061 sedium
2012 4008 2219 4071 fastigio
2246 4006 2555 4070 imposuisse
2576 4006 2751 4056 tintin-

1693 4086 1899 4148 nabula,
1935 4101 2052 4151 quae
2081 4100 2173 4134 suo
2196 4097 2322 4133 sono
2345 4088 2404 4132 et
2428 4082 2677 4146 janitoris
2700 4089 2752 4132 et

1693 4165 1940 4216 Tonantis
1963 4162 2120 4212 etiam
2135 4160 2272 4212 forte
2293 4159 2522 4223 speciem
2556 4158 2751 4223 praebe·

1697 4248 1815 4292 rent
1854 4242 2092 4306 aliquam.
2161 4240 2244 4289 De
2287 4237 2521 4303 fastigio,
2567 4237 2749 4288 videsis

1697 4318 1820 4387 quid
1845 4319 1941 4370 boc
1965 4317 2035 4369 sit
2058 4317 2244 4369 inJul.
2268 4330 2319 4367 c.
2343 4319 2425 4366 81.
