3019 4922
537 435 666 502 468
1376 449 1440 496 c.
1482 443 1841 498 sunrotm

541 595 882 681 prohibuit
926 593 1192 659 edicto:
1237 595 1388 657 item
1435 590 1847 659 strenarumd
1892 591 2382 672 commercium,
2426 612 2512 658 ne
2554 593 2722 658 ultra

544 698 889 764 Kalendas
918 696 960 761 J
966 696 1270 761 annarias
1303 708 1737 763 exerceretur.
1829 694 2244 760 Consuerat⁶
2283 697 2722 780 quadruplam

545 810 859 877 strenam,
903 808 972 864 et
1016 799 1098 863 de
1145 808 1393 877 manu,e
1439 799 1756 864 reddere:
1801 798 1917 862 sed
1964 798 2280 877 offensus»,
2325 797 2725 882 interpellari

546 922 621 968 se
651 909 790 967 toto
820 921 1038 966 mense
1066 905 1150 966 ab
1181 902 1291 978 iis,
1323 902 1441 984 qui
1486 908 1882 986 potestatem
1933 903 2038 964 sui
2081 900 2190 965 die
2228 900 2405 965 sesto
2439 919 2572 965 non
2617 902 2727 966 ba·

545 1005 859 1081 buissent,
887 1003 1219 1073 ultranon
1253 1005 1453 1070 tulit.⁷
1542 1004 1708 1089 [35]
1750 999 2187 1069 Matronas⁸f
2224 1009 2573 1087 prostratae
2603 1022 2728 1086 pu-

1460 1218 1823 1241 enemente

551 1365 677 1415 Mss.
689 1372 746 1415 ut
765 1367 963 1429 passim.
981 1370 1134 1418 escula
1143 1368 1358 1418 Virum.
1372 1368 1604 1419 Harlem.
1620 1371 1791 1419 ascula
1806 1369 1935 1419 Van.
1949 1372 1995 1419 1.
2009 1368 2135 1417 Tum
2147 1369 2219 1416 ed.
2234 1365 2560 1430 pronianum
2578 1368 2736 1417 Fouc.

552 1431 764 1481 Memm.
790 1432 980 1482 Medic.
1002 1433 1119 1497 Cuj.
1148 1434 1246 1483 Ed.
1284 1435 1434 1484 Rom.
1471 1449 1576 1484 sec.
1615 1437 1773 1483 edictu
1811 1435 2086 1494 Camp.—6
2123 1434 2379 1481 Constet-at
2402 1432 2594 1481 Medic.
2618 1436 2663 1481 1.
2688 1433 2735 1480 ³.

556 1510 718 1558 marg.
741 1496 837 1545 Ed.
862 1497 1004 1546 Med.
1028 1514 1104 1561 pr.
1169 1498 1229 1547 In
1267 1500 1378 1548 aliis
1410 1505 1726 1549 consueverat.
1781 1500 1932 1547 Nost.
1960 1500 2077 1547 lect.
2103 1499 2307 1560 reponit
2330 1497 2490 1546 Grou.
2517 1495 2736 1546 faventi·

552 1559 646 1608 bus
670 1560 832 1609 codd.
855 1562 1128 1626 plerisque.
1193 1564 1320 1613 Post
1342 1563 1392 1613 id
1421 1565 1564 1612 verb.
1589 1566 1644 1612 in
1670 1563 1803 1612 Edd.
1827 1563 2045 1612 Casaub.
2067 1563 2258 1611 schim.
2285 1562 2496 1625 aliisque
2519 1567 2736 1610 recentt·

551 1625 795 1673 inseritur
817 1631 883 1688 et,
918 1628 1052 1689 quod
1079 1628 1246 1676 nullus
1268 1629 1499 1690 agnoscit
1522 1630 1625 1677 Ms.
1652 1643 1818 1691 neque
1856 1629 1952 1676 Ed.
1982 1627 2103 1675 Vet.
2168 1627 2352 1689 ltaque
2376 1627 2573 1674 delevit
2598 1625 2737 1676 Oud.

552 1689 746 1738 Statim
769 1692 1002 1753 quadripl.
1043 1691 1237 1741 Medic.
1256 1697 1305 1741 2.
1340 1693 1616 1755 quadripnm
1639 1694 1787 1741 Voss.
1854 1694 2125 1741 Praeterea
2162 1696 2400 1740 strenuam
2436 1691 2488 1739 in
2523 1691 2737 1740 Memm.

553 1753 750 1802 Medic.
775 1755 904 1818 Cop.
925 1757 1070 1805 voss.
1095 1756 1168 1805 uti
1189 1772 1345 1819 supra
1366 1763 1664 1806 screnum-um
1685 1757 1843 1806 Fouc.
1870 1756 2005 1805 Oud.
2028 1764 2176 1818 putat
2201 1757 2446 1816 scriptum
2472 1770 2564 1817 pro
2587 1760 2739 1803 stren-

550 1831 681 1879 num,
718 1826 772 1868 ut
806 1829 880 1866 est
922 1821 970 1867 in
998 1818 1230 1869 Harlem.
1257 1823 1402 1870 Cort.
1427 1821 1561 1870 Edd.
1588 1821 1738 1869 Rom.
1764 1819 1848 1870 Cf.
1873 1819 2008 1884 Aug.
2031 1836 2076 1870 c.
2099 1824 2275 1869 57.-7
2312 1821 2395 1868 Sic
2427 1820 2557 1869 Mss.
2588 1821 2736 1868 Torr.

556 1881 780 1930 Casaub.
816 1883 993 1932 Burm.
1029 1884 1147 1933 Pal.
1189 1895 1315 1947 tres,
1346 1887 1544 1934 Medic.
1565 1884 1721 1934 vind.
1748 1885 1906 1935 Polit.
1938 1887 2074 1934 Dun.
2099 1886 2287 1949 aliique
2311 1899 2424 1932 cum
2450 1884 2740 1934 Edd.Vett.

555 1947 790 2009 exceptis
812 1947 960 1996 Rom.
986 1957 1037 1996 et
1064 1949 1335 1998 ediderunt
1362 1949 1500 1998 Oud.
1535 1958 1590 2000 et
1625 1952 1805 1999 Burm.
1830 1951 2084 2012 probante
2107 1948 2265 1998 Wolf.
2329 1947 2586 1998 Defendit
2607 1949 2741 2011 vulg.

550 2010 760 2059 reddidit
785 2012 906 2060 Ern.
930 2019 984 2061 et
1010 2014 1083 2062 ita
1107 2014 1307 2075 praebet
1330 2015 1543 2062 Menum.
1613 2013 1779 2062 Paulo
1803 2022 1925 2063 ante
1962 2016 2013 2063 in
2052 2014 2204 2062 Viud.
2234 2018 2274 2062 Ι.
2313 2028 2363 2062 se
2388 2027 2523 2076 posse
2545 2018 2667 2074 toto,
2685 2019 2740 2062 et

516 2088 521 2093 ·
556 2074 616 2121 ab
637 2074 713 2121 his
736 2075 862 2124 Mss.
885 2083 937 2124 et
958 2076 1092 2125 Edd.
1115 2079 1360 2128 Vett.—8
1382 2081 1720 2141 Matromuque
1741 2078 1899 2128 Vind.
1920 2076 1968 2127 1.
1987 2079 2219 2128 Harlem.
2242 2078 2411 2127 Periz.
2435 2077 2571 2125 Edd.
2591 2078 2738 2126 Rom.

558 2150 665 2187 sec.
688 2139 821 2189 Ven.
847 2146 910 2188 tr.
935 2141 1078 2190 Med.
1102 2142 1247 2192 Cald.
1272 2143 1405 2193 Bon.
1431 2144 1667 2208 aliaeque,
1682 2148 1919 2193 matronas
1931 2159 2033 2207 quoe
2053 2142 2196 2193 Cort.
2244 2144 2370 2192 Mox
2389 2142 2574 2206 publice
2587 2142 2741 2193 Fouc.

1541 2273 1756 2325 NOTAE

553 2372 647 2416 aut
669 2367 836 2433 aliquo
873 2365 973 2419 alio
1013 2374 1161 2420 sensu
1196 2387 1295 2423 nou
1330 2373 1405 2423 ita
1427 2374 1609 2435 obvi03
1663 2413 1664 2416 η
1690 2372 1811 2438 quia
1843 2372 1858 2399 ‘
1882 2372 2003 2421 nulli
2041 2372 2333 2421 mortalium
2362 2371 2589 2420 osculum
2615 2369 2739 2421 fere·

555 2453 907 2497 verumtamen
932 2448 1136 2499 videtur
1160 2450 1298 2500 aliud
1322 2452 1613 2516 intelligere
1688 2449 1854 2499 bant.’
1917 2449 2178 2514 Quicquid
2218 2448 2352 2499 enim
2397 2448 2412 2476 ‘
2439 2448 2490 2496 in
2539 2449 2742 2498 excelso

557 2522 703 2584 nibil,
725 2523 979 2589 nisiquod
1013 2527 1125 2589 apri
1159 2535 1340 2578 exacte
1361 2528 1613 2579 dimidiati
1686 2525 1895 2590 fastigio
1927 2527 2153 2590 positum
2188 2532 2287 2583 est,
2324 2525 2499 2573 humili
2541 2533 2594 2574 et
2627 2526 2743 2573 trita

557 2597 723 2646 altera
740 2598 992 2648 medietas
1013 2601 1134 2649 nihil
1152 2602 1339 2654 babeat
1357 2603 1492 2669 quod
1514 2618 1614 2654 nou

563 2672 633 2721 sit
655 2672 705 2720 in
731 2679 972 2738 utraque.

622 2755 644 2781 θ
678 2748 968 2803 Quotidiano
991 2751 1171 2815 oscula]
1203 2753 1288 2802 De
1308 2754 1389 2803 bis
1399 2755 1507 2818 jam
1532 2771 1615 2805 su·

545 2838 654 2886 pra
678 2825 726 2873 in
753 2826 960 2875 Caesare
987 2842 1100 2892 cap.
1124 2833 1203 2879 13.
1225 2837 1280 2879 et
1310 2830 1443 2879 infra
1467 2833 1617 2881 Clau·

544 2897 635 2946 ¹dii
655 2913 768 2963 cap.
794 2904 874 2951 26.
900 2902 1122 2952 Neronis
1145 2918 1260 2966 cap.
1277 2908 1360 2954 37.
1381 2909 1480 2954 &c.
1537 2907 1617 2956 Ex

563 2972 746 3036 quibus
779 2977 1025 3039 colligere
1063 2986 1162 3042 est,
1197 2980 1295 3029 boc
1321 2982 1492 3031 edicto
1517 2997 1616 3032 uon

558 3048 819 3110 prohibita
844 3053 1038 3115 oscula,
1072 3054 1171 3102 nisi
1207 3070 1319 3119 quae
1359 3056 1620 3107 dabantur

560 3123 752 3184 passim
788 3125 852 3172 ab
886 3125 1050 3175 obviis
1089 3143 1281 3176 summa
1316 3131 1619 3197 quandoque

561 3197 831 3246 molestia:
889 3215 1042 3265 quem
1087 3216 1280 3252 morem
1337 3206 1619 3256 Domitiani

562 3272 877 3336 temporibus
897 3276 1086 3326 iterum
1109 3277 1379 3330 invaluisse
1397 3289 1623 3333 testatur

562 3348 826 3399 Martialis
863 3351 952 3401 lib.
994 3367 1074 3402 xr.
1127 3354 1281 3419 Epig.
1311 3361 1393 3407 98.
1443 3358 1622 3410 ‘Effu-

564 3436 691 3486 gere
713 3439 812 3474 non
849 3435 949 3490 est,
984 3429 1167 3493 Basse,
1191 3432 1506 3484 basiatores:
1535 3436 1621 3486 In-

563 3506 721 3564 stant,
739 3513 1014 3562 morantur‚
1029 3518 1426 3574 persequuntur,
1440 3528 1623 3563 occur·

566 3581 707 3637 runt,
730 3578 797 3626 Et
819 3577 958 3644 hinc,
975 3589 1031 3630 et
1054 3582 1215 3645 illinc,
1236 3601 1622 3654 usquequaque,

565 3652 933 3718 quacumque‚’
990 3660 1086 3706 ὅτε.
1173 3660 1326 3710 Quod
1391 3664 1620 3715 edictum

566 3725 899 3779 Casaubonus
914 3745 977 3780 eo
999 3733 1208 3783 consilio
1219 3738 1482 3787 Tiberium
1502 3756 1619 3804 pro·

566 3804 824 3867 mulgasse
855 3807 1043 3869 credit,
1064 3823 1148 3870 ne,
1173 3812 1287 3874 quia
1316 3815 1622 3877 quotidianis

565 3879 816 3942 ejusmodi
839 3883 1030 3932 osculis
1069 3900 1298 3936 morosus
1331 3890 1416 3938 ille
1442 3906 1621 3952 grava-

565 3953 735 4018 batur,
773 3955 898 4007 vitio
936 3959 1034 4022 ipsi
1076 3967 1355 4027 verterent,
1390 3965 1523 4029 quod
1557 3967 1621 4016 ab

564 4028 667 4078 illis
702 4031 998 4096 abstineret,
1020 4044 1108 4085 aut
1131 4039 1301 4100 potius
1341 4048 1399 4088 ut
1434 4042 1621 4104 majes-

567 4105 664 4152 tati
688 4120 795 4156 suae
835 4112 1122 4161 consultum
1160 4123 1315 4164 esset.
1380 4117 1621 4168 Valerius

568 4178 705 4226 enim
723 4180 998 4248 Maximus,
1019 4188 1107 4238 lib.
1128 4203 1191 4238 ιι.
1214 4204 1329 4254 cap.
1356 4197 1403 4240 1.
1426 4195 1475 4241 in
1497 4192 1621 4256 fine,

565 4256 665 4307 boc
700 4260 901 4312 nomine
943 4279 1091 4329 reges
1132 4270 1383 4320 Numidas
1426 4272 1619 4338 laudat,

1689 2605 2083 2669 cousuetudine,
2129 2619 2228 2668 quo
2272 2603 2339 2651 sit
2383 2602 2743 2664 venerabilius,

1688 2695 1905 2730 vacuum
1931 2695 2045 2730 esse
2069 2679 2313 2741 oportet!

1752 2756 1776 2790 ‘¹
1809 2758 2116 2821 Sereuarum]
2151 2758 2229 2806 De
2271 2757 2346 2805 luis
2386 2770 2541 2820 snpra
2566 2756 2616 2805 iu
2644 2755 2744 2806 Au·

1692 2842 1845 2898 gusto
1888 2849 2004 2896 cap.
2042 2839 2124 2884 5⁷.
2194 2834 2564 2883 commercium
2606 2832 2749 2895 dicit,

1691 2912 1811 2975 quia
1858 2910 2075 2960 vicissim
2122 2909 2378 2958 dabantur
2436 2908 2598 2956 xenia
2659 2921 2746 2956 seu

1693 2993 1905 3049 strenae,
1941 2994 1994 3035 et
2030 2986 2426 3035 remittebantur
2464 2984 2747 3048 apophore-

1693 3067 1762 3111 ta.
1830 3062 1983 3111 Unde
2025 3061 2178 3111 etiam
2236 3062 2493 3111 Martialis
2550 3066 2745 3110 strenas

1694 3138 2064 3186 Saturnalicias
2090 3138 2286 3187 duobus
2318 3138 2460 3188 libris
2498 3137 2746 3201 distinxit,

1695 3213 1995 3262 Strenarum
2020 3222 2073 3263 et
2097 3214 2137 3262 A
2147 3214 2558 3277 poplroretorum.

1760 3294 1782 3320 θ
1814 3290 1893 3339 De
1927 3291 2092 3354 mauu]
2147 3290 2261 3338 Non
2300 3305 2392 3354 per
2428 3289 2748 3353 dispensato·

1697 3378 1840 3413 rem:
1898 3380 1998 3428 quo
2042 3367 2153 3416 loco
2197 3366 2492 3415 Torrentius
2540 3367 2748 3416 miratur

1696 3443 2035 3506 quadruplum
2063 3460 2093 3493 a
2110 3445 2313 3494 Tiberio
2337 3444 2619 3508 redditum,
2639 3458 2746 3493 cum

1695 3516 1960 3583 Augustus
1985 3521 2185 3570 nonnisi
2207 3521 2502 3569 tantundem
2547 3528 2639 3570 aut
2663 3522 2747 3570 du·

1696 3597 1834 3659 plum
1850 3596 2160 3646 remitteret.
2200 3597 2299 3644 Dio
2318 3602 2495 3645 auctor
2515 3603 2596 3644 est
2617 3597 2747 3645 illum

1690 3673 1793 3720 -sub
1812 3672 2161 3722 Kalendarum
2195 3679 2396 3737 tempus
2430 3673 2612 3723 abesse
2637 3674 2747 3723 soli-

1698 3754 1825 3808 tum,
1849 3762 1913 3796 ne
1949 3755 2150 3799 strenas
2175 3750 2470 3813 acciperet3
2511 3750 2648 3813 quod
2689 3750 2749 3798 ab

1703 3820 1935 3884 Augusto
2023 3822 2319 3874 factitatum
2403 3825 2750 3888 improbabat,

1696 3911 1881 3960 nempe
1906 3907 2118 3961 propter
2152 3900 2436 3948 molestiam
2475 3908 2530 3950 et
2563 3903 2751 3965 impen-

1697 3988 1798 4023 sas.
1881 3976 2013 4025 Utut
2056 3985 2152 4034 est,
2195 3976 2465 4041 Principes
2508 3977 2623 4026 illos
2665 3991 2751 4026 suo

1697 4065 1952 4114 quemque
1990 4067 2130 4101 more
2165 4058 2362 4101 strenas
2400 4054 2668 4116 accepisse
2697 4059 2753 4101 et

1698 4126 2004 4189 reddidisse,
2034 4127 2279 4192 colligere
2317 4134 2398 4176 est
2433 4143 2496 4176 ex
2537 4143 2652 4192 cap.
2670 4132 2751 4177 42.

1698 4201 1751 4250 in
1777 4202 2024 4264 Caligula.

1761 4275 1782 4309 ¹
1810 4276 2085 4340 Matrona-s]
2139 4276 2353 4328 ‘Idonei
2396 4293 2578 4330 vocum
2621 4279 2751 4330 anti-
