3019 4922
2342 380 2476 445 495

301 535 667 623 scriptum,⁷
691 546 730 574 '⁷
780 544 847 604 et
896 558 1015 624 per
1065 544 1293 605 noctes
1344 539 1773 606 celeberrime
1826 537 2269 604 acclamatum
2326 546 2467 606 est:

298 646 319 675 ‘
339 641 573 705 Redde
644 640 1155 722 Germanicum?
1255 641 1476 721 Quam
1549 642 1997 726 suspicionem
2035 642 2475 706 confirmavit

294 743 438 826 ipse
467 749 726 828 postea,
755 744 1035 829 conjuge
1065 745 1265 810 etiam
1297 741 1379 811 ac
1407 745 1636 811 liberis
1658 753 1687 781 ¹
1737 744 2114 809 Germanici
2144 741 2472 809 crudelem

296 846 364 909 in
412 846 683 911 modum
731 846 1015 912 afflictis.
1101 845 1266 930 [53]
1315 847 1572 912 Nurum
1603 847 2101 929 Agrippinam,³'
2141 853 2305 929 post
2329 863 2472 909 ma-

293 948 400 1011 riti
430 947 703 1013 mortem
727 947 752 986 ⁸
781 950 1058 1014 liberius
1091 947 1404 1033 quiddam
1433 955 1761 1032 questam,
1791 967 1987 1013 manu
2017 948 2468 1031 apprehendit,

294 1048 671 1133 Graecoque
697 1070 915 1130 versu,
962 1057 983 1087 ‘
1007 1052 1083 1117 Si
1123 1070 1260 1116 non
1290 1051 1741 1131 dominariS,'²
1781 1052 2023 1134 inquit,
2069 1056 2088 1087 ‘
2110 1048 2340 1127 filiola,
2367 1051 2470 1114 in-

281 1150 527 1235 juriam
575 1159 642 1217 te
687 1150 990 1238 accipere
1028 1154 1376 1219 existimas
1394 1152 1446 1218 ‘l'
1472 1173 1612 1219 nec
1643 1149 1781 1220 ullo
1807 1173 1969 1219 mox
2000 1171 2297 1219 sermone
2326 1150 2470 1234 dig-

289 1261 490 1319 natus
518 1262 644 1320 est.
711 1253 1067 1333 Quondam
1089 1276 1246 1320 vero
1268 1256 1439 1320 inter
1458 1251 1725 1322 coenam
1752 1263 2065 1340 porrecta
2094 1275 2136 1320 a
2166 1273 2239 1319 se
2266 1273 2471 1337 poma

290 1362 554 1437 gustare
583 1376 712 1420 non
741 1376 1000 1435 ausam,
1025 1358 1228 1422 etiam
1249 1357 1735 1436 vocare‘desiit,
1766 1358 2108 1435 simulans,
2127 1356 2364 1422 veneni
2394 1375 2468 1419 se

292 1458 562 1521 crimine
607 1461 858 1524 arcessi
877 1468 942 1540 3⁹
992 1480 1144 1525 cum
1193 1466 1661 1544 praestructum
1684 1470 1711 1499 ⁸
1762 1466 2111 1544 utrumque
2158 1459 2466 1525 consulto

288 1564 485 1639 esset,
517 1566 594 1624 ut
623 1568 695 1627 et
722 1562 867 1646 ipse
894 1562 1193 1629 tentandi
1221 1564 1438 1645 gratia
1466 1562 1750 1645 offerret,
1780 1570 1845 1630 et
1870 1564 1987 1628 illa
2018 1563 2210 1645 quasi
2240 1560 2469 1627 certis-

1192 394 1570 445 TIBERIUS.

1196 1742 1567 1765 ΜΜΝΙΟ

287 1872 502 1937 Lougoi.
522 1879 700 1924 secreto
719 1874 876 1925 etiam
909 1875 1129 1940 habetur
1158 1878 1210 1928 in
1236 1879 1347 1929 Pal.
1366 1883 1411 1927 1.
1433 1883 1484 1929 2.
1513 1892 1613 1929 uno
1635 1878 1782 1926 Torr.
1805 1875 1996 1927 Medic.
2012 1880 2058 1926 l.
2075 1880 2123 1925 3.
2148 1875 2312 1927 Polit.
2334 1875 2468 1939 Cop-

285 1938 545 2000 probante
569 1940 723 2016 Gru-t.
754 1946 991 1991 ostentant
1011 1941 1120 1991 sine
1136 1957 1222 2005 per
1246 1943 1426 1993 itidem
1450 1951 1532 1993 est
1556 1944 1608 1992 in
1650 1941 1847 1991 Medic.
1872 1944 1919 1989 3.
1953 1941 2082 2003 Cop.
2115 1940 2277 2017 l'olit.
2299 1940 2387 2017 qui
2410 1946 2467 1990 et

282 2013 717 2143 32252222222221
738 2005 2168 2135 2‘.3;?.f3.?2‘b2⁸50’333¹53?‘;ffi32⁴?‘¹;11R’zf·..imgxfstfssf
2185 2003 2470 2133 3233ssssss

283 2145 376 2180 con
374 2147 417 2195 J.
439 2132 536 2180 nisi
556 2148 611 2183 ea
630 2140 808 2183 secreto
825 2134 1175 2196 ablataforent.
1225 2138 1400 2186 Graev.
1423 2137 1497 2186 ita
1522 2136 1732 2186 refinxit
1751 2136 1849 2184 nisi
1869 2151 1924 2185 ea
1941 2141 2121 2185 secreta
2144 2148 2270 2184 mors
2289 2138 2469 2195 tegeret

285 2205 371 2245 aut
397 2198 670 2258 occultaret,
705 2198 886 2250 Heius.
905 2200 1003 2249 nisi
1023 2200 1224 2261 Seianus
1242 2216 1370 2264 oegre
1391 2201 1615 2262 obstaret,
1649 2201 1825 2252 Burm.
1847 2200 1946 2249 nisi
1971 2199 2170 2261 Sagiarius
2205 2214 2261 2248 ea
2290 2202 2471 2248 secreta

282 2266 557 2320 ostentaret,
593 2261 732 2311 Oud.
753 2264 848 2314 nisi
870 2264 914 2313 ei
934 2270 1113 2314 secreta
1134 2266 1316 2315 obstare
1352 2268 1672 2316 ostenderetur
1701 2265 1782 2315 vel
1819 2265 1874 2314 ni
1908 2264 2108 2326 Seianus
2127 2263 2171 2312 ei
2189 2269 2371 2312 secreta
2390 2262 2468 2311 ob-

278 2331 406 2376 stare
434 2330 710 2387 ostentaret,
740 2329 976 2378 Perizon.
1006 2330 1103 2379 nisi
1122 2344 1201 2393 spe
1221 2330 1267 2380 ei
1286 2336 1463 2380 secrete
1483 2335 1686 2385 ostenta,
1711 2330 1791 2379 vel
1815 2329 1942 2377 satis
1971 2329 2150 2378 habuit
2169 2341 2467 2389 expungere

280 2404 352 2440 ea.
399 2390 557 2440 Miill.
575 2393 735 2441 suasit
751 2394 846 2443 nisi
866 2394 910 2443 ei
930 2409 1044 2443 secr.
1065 2394 1182 2444 obst.
1206 2395 1461 2444 levissima
1481 2395 1784 2454 mutatione,
1807 2402 1861 2443 et
1878 2394 2030 2444 Wolf.
2051 2394 2198 2457 plura
2220 2390 2471 2441 vocabula

281 2455 538 2507 excidisse
563 2458 788 2521 putavit.
834 2458 991 2522 Vulg.
1016 2459 1140 2509 lect.
1163 2458 1451 2510 defenduut
1474 2461 1596 2510 Ern.
1620 2467 1674 2509 et
1697 2460 2007 2521 Baurng.-⁷
2041 2457 2328 2521 Iuor-epilam
2351 2455 2470 2504 Pal.

280 2520 329 2570 8.
357 2520 501 2570 Dun.
523 2536 638 2571 cum
663 2522 793 2572 Edd.
820 2521 965 2572 Vett.
1005 2531 1059 2573 et
1091 2526 1263 2573 multis
1294 2530 1519 2574 receutt.
1582 2524 1713 2573 Illud
1739 2531 1952 2573 tuentur
1974 2522 2186 2571 Memm.
2208 2520 2403 2569 Medic.
2424 2524 2471 2567 1.

280 2587 328 2633 8.
353 2585 517 2635 Polit.
539 2587 654 2635 Pal.
670 2591 719 2636 2.
740 2587 871 2651 Cop.
893 2587 1040 2636 Huls.
1058 2588 1174 2651 Cuj.
1191 2589 1315 2638 Mss.
1330 2589 1482 2637 Torr.
1501 2589 1629 2651 Reg.
1648 2587 1925 2650 increpitam
1941 2587 2056 2635 Pal.
2074 2592 2121 2636 1.
2145 2586 2273 2633 Tum
2300 2583 2473 2646 vnlgg.

279 2649 477 2699 liabent
508 2652 803 2714 creberrime,
837 2666 930 2713 pro
951 2667 1050 2713 qua
1073 2667 1197 2701 voce
1218 2652 1358 2702 celeb.
1381 2652 1647 2701 revocavit
1670 2653 1849 2700 Burm.
1882 2651 2180 2700 auctoribus
2204 2663 2304 2697 uno
2322 2649 2470 2697 Torr.

281 2715 414 2776 Reg.
440 2714 608 2766 Codd.
630 2716 845 2765 Memm.
868 2716 1020 2765 Huls.
1042 2716 1155 2780 cuj.
1176 2716 1311 2766 Edd.
1329 2717 1462 2766 Ven.
1480 2720 1530 2765 1.
1564 2716 1729 2780 Lugd.
1749 2715 1895 2768 Junt.
1921 2714 2041 2765 Ald.
2067 2713 2194 2776 Arg.
2215 2711 2470 2763 accedeu-

281 2779 375 2829 tib.
418 2779 613 2829 Medic.
653 2781 807 2830 Polit.
835 2789 1007 2842 utroq.
1033 2780 1190 2830 Vind.
1214 2781 1361 2830 Voss.
1396 2781 1637 2833 Dum—8
1670 2781 1787 2830 Hoc
1821 2779 2002 2830 ordine
2040 2778 2235 2828 Medic.
2260 2783 2326 2826 tr.
2351 2776 2470 2839 Cuj.

319 2845 540 2893 robante
563 2845 701 2895 Ond.
721 2845 874 2907 Vulg-
894 2850 1032 2893 mort.
1052 2860 1172 2895 mar.
1202 2846 1331 2895 Mox
1351 2845 1508 2909 inquit
1527 2845 1674 2894 deest
1693 2844 1838 2895 Cort.
1854 2844 2037 2906 Camp.
2070 2845 2263 2894 Postea
2278 2841 2472 2891 estimas

282 2857 422 2958 gun.
450 2908 570 2971 euj.
592 2908 789 2959 Medic.
808 2914 856 2959 2.
876 2910 1078 2958 extimas
1100 2910 1255 2958 vind.
1274 2914 1418 2959 1.-9
1435 2909 1568 2960 Edd.
1588 2910 1759 2972 vulgg.
1782 2909 2017 2973 praebent
2036 2922 2086 2956 se
2105 2922 2210 2956 ven.
2228 2921 2297 2956 cr.
2314 2919 2469 2954 accer-

282 2973 447 3023 situm·
510 2974 574 3024 In
594 2973 768 3025 Periz.
784 2973 1019 3025 Harlem.
1041 2973 1176 3023 Edd.
1192 2975 1332 3027 Ven.
1352 2975 1498 3026 Med.
1516 2976 1805 3033 arcessitam,
1828 2973 1965 3025 unde
1987 2971 2227 3022 Beroald.
2247 2969 2472 3022 correxit

1274 3157 1488 3220 NOTAE

283 3268 407 3318 dum
431 3275 610 3319 censet
628 3271 724 3320 nisi
743 3286 799 3320 ea
816 3278 1019 3322 meto.-
1051 3279 1107 3322 et
1121 3275 1340 3323 Torren-

282 3345 386 3394 tius
436 3359 502 3394 ex
542 3361 643 3395 uno
686 3347 882 3411 codice,
917 3348 970 3397 in
1007 3362 1108 3412 quo
1140 3349 1340 3411 reperit

1416 3273 1579 3335 Julia,
1602 3287 1719 3337 quoe
1755 3271 2082 3336 postmodum
2111 3265 2304 3317 Tiberii
2342 3278 2474 3314 uxor

1415 3347 1609 3408 fuerat,
1643 3359 1799 3409 sopra
1821 3360 1937 3408 cap.
1959 3350 2008 3395 7.
2041 3348 2098 3393 et
2134 3342 2198 3391 ab
2233 3341 2474 3404 Augusto

284 3419 442 3469 etiam
461 3427 655 3485 saneto,
692 3422 985 3486 suspicatur
1015 3421 1091 3472 sic
1120 3423 1337 3487 phrasim

286 3496 621 3555 ordinandam
657 3512 793 3559 esse,
825 3497 878 3546 ni
922 3497 1126 3559 Seianus
1166 3503 1340 3548 secreto

283 3572 506 3622 obstaret.
589 3573 742 3625 Quod
785 3579 851 3622 et*
875 3572 1049 3622 Taciti
1093 3572 1341 3623 Historia

287 3648 510 3698 manime
531 3649 825 3700 conveniat.
894 3676 899 3681 ·

353 3734 386 3757 '¹
426 3724 710 3790 Inscriplum
742 3724 1066 3790 [increpitum]
1119 3723 1224 3774 Alii
1266 3725 1340 3774 in·

196 3840 199 3845 .
285 3802 528 3866 scriptum
593 3803 745 3854 Quod
797 3810 853 3854 et
896 3809 1105 3866 potest;
1158 3801 1343 3851 statuis

291 3879 428 3929 enim
479 3883 536 3928 et
577 3878 690 3929 aliis
737 3878 892 3929 etiam
935 3878 1063 3929 locis
1119 3878 1343 3928 convitia

292 3954 642 4041 ascribebant,
663 3962 720 4006 ut
750 3969 817 4006 ex
837 3954 873 4007 J
878 3954 965 4004 ulii
997 3969 1115 4019 cap.
1135 3957 1214 4003 8⁰.
1240 3955 1343 4005 col·

292 4031 632 4168 llgsssbonjuge
654 4107 797 4157 etiam
818 4122 874 4158 ασ
895 4105 1083 4169 liberis]
1131 4108 1212 4158 De
1236 4107 1345 4173 qui-

295 4183 392 4233 bus
413 4183 545 4233 libro
566 4191 816 4249 sequente
841 4185 1005 4248 plura.

360 4268 383 4303 5
414 4259 754 4327 Agrippinam]
788 4259 1022 4327 Agrippa
1045 4260 1272 4327 genitam
1294 4266 1348 4309 et

1416 3423 1671 3484 relegata,
1687 3434 1841 3484 supra
1857 3433 1975 3482 cap.
1993 3423 2073 3468 11.
2087 3417 2205 3468 etin
2221 3415 2476 3480 Angusto.

1416 3495 1547 3545 Ideo
1577 3495 1768 3545 Tiberii
1792 3508 1991 3551 nurum,
2023 3493 2144 3558 quia
2166 3490 2475 3542 Germanico

1417 3572 1528 3636 ejus
1550 3570 1657 3621 filio
1685 3571 1947 3636 adoptivo,
1982 3576 2048 3619 ut‘
2070 3568 2244 3633 capite
2275 3579 2475 3632 praece·

1419 3647 1585 3702 denti,
1608 3656 1790 3712 nupta.
2349 3654 2352 3657 ’

1481 3733 1504 3758 ⁸
1536 3724 1597 3774 Si
1615 3738 1706 3773 non
1722 3721 2006 3786 doniinan‘s]
2027 3721 2237 3772 Tacitus
2255 3733 2476 3784 quoque,

1419 3808 1435 3831 ‘
1460 3807 1753 3864 correptam
1793 3800 1982 3850 Graeco
2021 3813 2191 3861 versu,
2214 3795 2334 3846 ideo
2355 3795 2479 3844 laedi

1421 3878 1540 3943 quia
1582 3891 1684 3927 non
1729 3874 2006 3940 regnaret.’
2083 3873 2187 3923 Sed
2232 3871 2347 3936 quis
2392 3870 2479 3919 ille

1422 3968 1620 4016 versus,
1642 3953 1891 4017 cujusque
1911 3950 2104 4015 poetae,
2129 3951 2413 4013 ignoratur.
2493 3982 2494 3991 ,

1485 4038 1511 4064 ⁸
1542 4028 1914 4093 Prasii-actum]
1968 4027 2184 4091 Sejanus
2225 4025 2318 4072 bas
2360 4023 2482 4072 insi-

1424 4106 1537 4156 dias
1559 4105 1861 4169 Agrippinae
1885 4109 2163 4157 struxerat.
2227 4099 2361 4150 Vide
2381 4099 2481 4149 Ta·

1427 4183 1520 4233 cit.
1541 4194 1618 4232 ιν.
1641 4181 1832 4231 Annal.
