3019 4922
355 1039 362 1045 -
456 1020 604 1064 rum
634 1002 934 1066 certatim
969 999 1054 1067 ad
1084 1019 1238 1065 eum
1268 1000 1484 1066 multa
1514 999 1598 1064 de
1626 998 1733 1063 his
1757 998 2125 1063 ediderunt.

456 423 588 491 522

457 605 542 653 ca
578 584 915 671 poemata,
952 584 1253 651 imitatus
1284 583 1835 670 Euphorionem,*'
1864 579 1935 649 et
1962 577 2358 663 Rhianum,⁷
2389 590 2456 650 et
2484 584 2650 650 Par-

459 690 792 756 thenium:
838 691 1084 773 quibus
1125 688 1348 774 poetis
1392 688 1756 754 admodum
1801 689 2192 765 delectatus»,
2240 686 2494 770 scripta
2537 708 2653 752 eo-

458 814 603 860 rum
645 800 715 859 et
754 794 1074 878 imagines
1116 794 1411 878 publicis
1451 793 1880 857 bibliothecis
1900 791 1924 830 ⁸
1945 799 1983 827 '⁷
2026 791 2193 857 inter
2236 797 2541 857 veteres³t
2577 797 2654 855 'et

456 897 836 982 praecipuos
880 902 1192 962 auctores
1232 896 1611 962 dedicavit:
1657 903 1726 961 et
1757 897 1844 960 ob
1873 896 2000 960 hoc
2036 896 2335 981 plerique
2364 894 2654 958 erudito-

2215 993 2518 1063 Maxime
2548 1006 2653 1061 ta-

460 1120 610 1166 men
640 1103 897 1169 curavit
923 1104 1224 1170 notitiam
1262 1102 1561 1170 historiae
1589 1102 1965 1179 fabularis}
1997 1120 2216 1186 usque
2249 1099 2335 1165 ad
2364 1093 2654 1183 ineptias

1313 442 1378 489 0.
1425 433 1791 489 sunroml

1388 1284 1690 1307 ”mffm
1696 1286 1720 1305 Ι
1727 1285 1753 1305 O

458 1401 762 1467 emquoesitio
800 1402 982 1467 Camp.
1049 1404 1116 1454 In
1152 1404 1345 1455 ceteris
1376 1409 1611 1468 conquest.
1677 1401 1818 1454 Dein
1858 1402 1920 1452 L.
1953 1400 2294 1454 emendarunt
2330 1413 2397 1449 ex
2427 1398 2659 1449 Turnebi

458 1468 664 1532 suisque
687 1467 811 1518 libb.
835 1470 1006 1521 Pulm.
1026 1471 1177 1521 Torr.
1194 1471 1353 1521 Grnt.
1378 1477 1433 1521 et
1451 1484 1599 1534 seqq.
1623 1468 1879 1534 probante
1898 1467 2037 1518 Oud.
2056 1481 2172 1516 cum
2191 1465 2295 1514 suis
2309 1464 2498 1514 omnib.
2517 1463 2657 1513 Edd.

459 1532 579 1583 Sab.
620 1532 764 1583 Med.
800 1535 949 1585 Cald.
982 1536 1163 1600 Steph.
1229 1535 1337 1586 Sed
1371 1544 1671 1585 constanter
1701 1548 1816 1584 cum
1854 1532 2137 1583 Pub-Dan.
2160 1531 2370 1594 aliisque
2396 1529 2555 1578 verba
2577 1529 2657 1578 sic

458 1597 715 1659 ordinant,
729 1600 788 1648 de
803 1606 953 1650 morte
973 1602 1037 1651 L.
1059 1603 1184 1650 (ἕως.
1199 1603 1274 1652 uti
1298 1609 1353 1652 et
1367 1601 1499 1651 Eud.
1517 1601 1663 1650 Vett.
1694 1600 1751 1649 J.
1772 1601 1851 1647 vel
1871 1598 2002 1647 aaliz
2024 1597 2143 1661 an.
2161 1603 2214 1646 et
2238 1594 2375 1646 Edd.
2398 1595 2658 1657 plurimae.

458 1664 624 1713 Paulo
647 1671 769 1713 ante
802 1666 1049 1716 scribitur
1081 1666 1131 1715 in
1166 1667 1361 1717 Medic.
1387 1670 1430 1716 1.
1456 1669 1506 1715 3.
1530 1666 1690 1730 Dyrio.
1712 1668 1956 1714 carm—⁷
1992 1663 2077 1713 Ita
2100 1661 2331 1712 correxit
2352 1659 2580 1709 Turneb.
2603 1665 2662 1707 et

457 1729 621 1777 secuti
644 1738 766 1781 sunt
784 1732 900 1780 VV.
921 1732 1047 1781 DD.
1071 1738 1130 1780 ut
1149 1733 1340 1782 habent
1364 1732 1577 1782 Memm.
1598 1732 1716 1780 cod.
1741 1730 1862 1779 Urs.
1878 1738 1933 1778 et
1951 1729 2085 1778 Ven.
2105 1730 2152 1776 1.
2188 1726 2545 1787 Alluduntque
2569 1723 2662 1774 alii

458 1794 512 1842 in
536 1792 720 1858 quibus
742 1802 790 1845 et
814 1795 1045 1861 Synnum,
1076 1811 1124 1844 v.
1144 1803 1194 1847 et
1214 1798 1450 1848 Hiomtm.
1485 1796 1684 1846 Medic.
1710 1798 1755 1844 1.
1777 1798 1825 1843 3.
1866 1793 2027 1843 Polit.
2058 1798 2108 1843 et
2146 1792 2403 1841 Ybionum.
2436 1788 2661 1839 vind-l.

460 1858 711 1908 Erionum.
746 1861 892 1911 Cort.
918 1861 1050 1911 Edd.
1073 1862 1223 1912 Rom.
1258 1862 1537 1925 Arrianum,
1563 1862 1671 1910 sine
1697 1865 1759 1909 et.
1784 1859 1947 1908 Vind.
1970 1863 2020 1908 2.
2044 1862 2091 1907 et
2125 1857 2422 1907 Chirinnnm.
2487 1852 2663 1917 Vulgo

459 1931 574 1974 erat
594 1929 643 1984 et
663 1926 941 1976 Arrionum.
993 1927 1041 1977 A
1062 1928 1228 1991 quibus
1247 1942 1409 1993 usque
1429 1927 1493 1976 ad
1516 1941 1679 1977 eorum
1702 1926 1889 1975 desunt
1922 1923 2119 1972 Medic.
2140 1926 2191 1971 3.
2256 1922 2364 1971 Pro
2396 1934 2553 1969 eorum
2574 1932 2663 1967 ex·

460 1988 643 2040 hibent
665 1992 870 2040 omnium
892 1992 1091 2042 Medic.
1122 1998 1169 2044 1.
1196 1994 1408 2044 Memm.
1428 1994 1567 2042 Dun.
1590 1993 1750 2042 Fouc.
1775 1989 1891 2053 an.
1919 1989 2070 2038 Voss.
2094 1989 2325 2050 Cep—8
2357 1985 2493 2035 Bibl.
2515 1984 2667 2033 deest

461 2053 612 2105 Huls.
675 2055 740 2105 In
765 2057 923 2108 Fouc.
941 2057 1178 2123 precipue
1199 2064 1323 2111 auct.
1388 2058 1639 2118 Tumsab.
1662 2057 1782 2107 hist.
1813 2056 1965 2106 Voss.
1990 2061 2044 2104 et
2075 2053 2236 2118 inepte
2271 2058 2321 2102 et
2348 2051 2494 2101 deris.
2519 2048 2661 2099 ‘Edd-

1450 2225 1500 2275 N
1507 2222 1672 2275 OTAE

458 2338 675 2389 Sedvix
695 2340 800 2391 ullo
822 2354 1008 2403 sensu;
1045 2341 1184 2392 unde
1205 2340 1445 2391 Turnebo
1468 2346 1525 2388 et
1596 2337 1900 2389 bliothecam
1925 2330 2218 2399 publicavit
2248 2329 2456 2380 Asinius
2480 2327 2670 2393 Pollio,

463 2415 754 2468 Pulmanno
789 2425 991 2470 mutare
1026 2420 1187 2470 visum
1229 2425 1331 2482 est,
1369 2424 1428 2468 ut
1467 2422 1527 2467 et
1599 2424 1709 2468 tum
1734 2416 1904 2468 Julius
1928 2428 2088 2479 supra
2105 2425 2221 2480 cap.
2242 2414 2326 2461 44.
2344 2411 2397 2459 in
2417 2408 2577 2464 Julio,
2603 2420 2667 2457 ac

461 2493 622 2557 Lucii,
660 2509 778 2544 eum
820 2497 873 2544 in
917 2496 1223 2561 quibusdam
1267 2497 1530 2561 legeretur
1602 2495 1839 2560 Augusto
1861 2508 1977 2557 cap.
2000 2495 2082 2540 29.

459 2570 606 2620 Juiii.
673 2572 803 2623 Quae
829 2574 1085 2636 posterior
1105 2574 1261 2624 lectio
1279 2586 1529 2637 spernen·
1663 2582 1690 2608 ¹
1727 2573 1866 2622 Inter
1886 2567 2092 2631 veteres]
2139 2566 2347 2616 Dicatae
2388 2565 2522 2614 enim
2564 2563 2665 2612 illae

464 2641 655 2695 dauon
681 2647 923 2709 videtum
959 2648 1529 2714 utquidenim‚etiam-
1603 2651 1656 2700 in
1701 2649 2031 2699 bibliothecis
2076 2644 2342 2707 imagines,
2384 2647 2441 2691 et
2486 2654 2666 2691 omnes

459 2721 502 2770 si
540 2719 780 2786 Augusto
819 2723 1041 2775 blandiri
1073 2726 1342 2789 voluisset,
1377 2725 1528 2777 Lucii

460 2799 638 2862 potius
676 2816 828 2864 quam
875 2802 986 2853 Caii
1031 2803 1251 2854 Caesaris
1306 2809 1527 2852 mortem

458 2874 712 2927 luxisset?
761 2892 878 2928 cum
916 2889 1136 2944 uterque
1172 2879 1355 2930 eodem
1392 2894 1527 2929 anno

461 2953 724 3005 extinctus
746 2955 833 3019 sit,
852 2963 910 3005 et
940 2957 1098 3007 Caius
1131 2957 1241 3021 ipse
1278 2957 1419 3020 prior
1441 2973 1526 3007 su·

457 3043 552 3092 pra
585 3031 636 3080 in
675 3030 913 3096 Augusto
943 3049 990 3084 c.
1012 3039 1096 3086 65.
1164 3034 1259 3085 Cui
1300 3035 1526 3099 accedit,

458 3107 593 3179 quod
629 3109 757 3160 Julii
792 3111 1010 3160 Caesaris
1046 3125 1183 3160 mors
1216 3127 1320 3162 non
1358 3112 1525 3162 minus

458 3183 527 3232 ab
552 3183 786 3249 Augusto
808 3185 1048 3237 deflenda
1070 3188 1228 3239 foret.

522 3267 546 3292 v
581 3262 949 3327 Euphorionem]
1002 3265 1204 3315 Horum
1253 3265 1524 3331 poetarum

459 3351 619 3402 opera
639 3340 899 3391 veteribus
917 3340 1102 3393 fabulis
1128 3341 1324 3394 referta
1343 3342 1524 3401 fuisse,

460 3414 796 3466 Casaubonus
828 3419 1030 3482 colligit
1053 3435 1119 3469 ex
1141 3422 1354 3471 Luciani
1391 3421 1524 3473 libro

460 3489 528 3540 de
553 3491 946 3545 Conscribenda
970 3495 1224 3547 Historia.
1289 3497 1441 3548 Quod
1466 3505 1525 3548 et

350 3559 354 3570 ‘
459 3566 526 3616 de
548 3568 876 3633 Euphorione
901 3571 1089 3621 Cicero
1111 3572 1280 3623 innuit
1301 3574 1437 3623 libro
1462 3587 1525 3625 ιι.

460 3643 527 3693 de
551 3645 904 3712 Divinatione,
922 3647 1010 3697 ubi
1025 3649 1300 3699 obscurum
1316 3650 1524 3715 poetam

457 3719 603 3770 ilium
627 3723 876 3785 appellat.
941 3724 1055 3776 Qua
1081 3725 1146 3774 de
1180 3740 1352 3790 causa,
1372 3728 1525 3777 Tibe·

459 3798 536 3844 rio
561 3798 846 3860 praesertim
886 3808 1131 3864 acceptos
1171 3799 1328 3852 facile
1360 3803 1525 3867 conji-

454 3876 597 3937 cias3
629 3882 740 3926 tum
764 3877 920 3927 etiam
956 3879 1093 3943 quod
1118 3881 1369 3931 amatoria
1392 3896 1525 3945 prae·

460 3950 614 4016 cipue
639 3954 958 4018 scripserint,
986 3957 1282 4020 Euphorion
1306 3974 1526 4024 praeser-

459 4027 574 4087 tim,
594 4028 744 4091 eujus
780 4029 1020 4094 poemata
1053 4035 1243 4097 passim
1278 4051 1310 4084 a
1341 4050 1525 4100 parum

459 4103 645 4157 sobriis
678 4108 1064 4171 cantabantur;
1117 4127 1250 4176 quos,
1277 4113 1394 4163 ideo
1432 4128 1528 4177 per

461 4185 774 4230 contemtum
799 4185 1034 4246 appellat
1054 4186 1191 4239 idem
1215 4189 1400 4240 Cicero
1422 4193 1528 4243 Eu·

462 4256 724 4320 phorionis
749 4268 1008 4326 cantores,
1031 4264 1122 4315 lib.
1136 4281 1233 4317 ιιι.
1251 4269 1458 4319 Tuscul.

525 4339 558 4364 ¹⁷
590 4331 806 4384 Publicis
837 4336 1150 4404 bibliothecis]
1199 4345 1406 4396 Primus
1441 4347 1518 4398 bi-

1572 2719 1701 2793 'pro
1744 2741 1838 2776 suo
1881 2737 2102 2790 quaeque
2145 2733 2337 2785 genere
2381 2717 2666 2777 distincte,

1601 2811 1664 2856 ut
1696 2804 2007 2867 scriptorum
2044 2797 2349 2862 imaginibus
2384 2809 2505 2844 suus
2528 2799 2669 2844 esset

1603 2881 1765 2946 locus,
1810 2879 1875 2928 ab
1913 2891 2092 2929 eorum
2131 2877 2244 2924 loco
2288 2879 2536 2933 secretus,
2580 2870 2672 2936 qui

1602 2959 1757 3009 aliter
1795 2971 1947 3023 quam
1986 2955 2257 3004 literarum
2295 2949 2468 2999 studio
2504 2949 2670 2999 incla-

1601 3042 1831 3087 ruerant.
1905 3031 2245 3084 Parthenium
2280 3029 2443 3090 illum,
2467 3028 2533 3077 de
2564 3042 2669 3091 quo

1600 3114 1685 3163 bic
1730 3126 1899 3162 sermo
1937 3117 2037 3173 est,
2085 3107 2295 3159 Tiberio
2342 3113 2672 3157 cooetaneum

1600 3188 1728 3239 facit
1767 3189 1984 3250 Suidas3
2039 3185 2176 3236 unde
2233 3184 2461 3234 maxima
2516 3183 2593 3233 illi
2639 3198 2673 3232 a

1600 3267 1810 3317 Tiberio
1852 3265 2028 3316 delata
2087 3262 2270 3328 gloria,
2331 3276 2484 3327 quem
2532 3261 2673 3309 inter

1598 3345 1823 3394 Veteres
1855 3341 2212 3403 collocaverit,
2231 3338 2668 3405 quemadmodum

1599 3422 1768 3472 Pollio
1805 3421 1957 3471 nnius
1992 3419 2213 3469 viventis
2248 3424 2490 3477 statuam,
2523 3416 2670 3465 Mar-

1600 3499 1649 3548 ci
1691 3511 1879 3562 nempe
1913 3496 2187 3559 Varronis,
2225 3494 2284 3543 ‘in
2340 3507 2433 3543 sua
2483 3492 2670 3543 biblio·

1600 3575 1751 3624 theca
1794 3573 2096 3624 collocarat.
2171 3569 2322 3619 *vide
2368 3569 2695 3620 Martialem·

1600 3651 1840 3716 Epistola
1875 3655 1931 3699 et
1965 3648 2354 3712 Epigrammate
2392 3650 2436 3698 1.
2462 3646 2558 3696 lib.
2583 3660 2667 3698 ix-

1600 3736 1657 3779 et
1702 3727 2011 3778 Ciceronem
2056 3724 2122 3774 ad
2172 3723 2405 3773 Atticum
2457 3721 2554 3772 lib.
2588 3736 2666 3771 tv,

1601 3809 1775 3874 Epist.
1799 3812 1848 3856 9.
1872 3812 1927 3856 et
1951 3805 2241 3867 Augustum
2266 3817 2384 3868 cap.
2407 3807 2456 3853 7.

1664 3895 1688 3930 5
1722 3884 1961 3935 Historioe
1982 3880 2252 3944 fabularis]
2290 3880 2440 3929 Hanc
2477 3880 2669 3932 intelli·

1600 3970 1731 4026 gunt
1754 3975 1932 4010 omnes
1954 3959 2239 4014 historiam,
2257 3956 2339 4006 citi
2360 3957 2566 4008 intexta
2589 3956 2667 4006 fo·

1602 4047 1720 4089 rent
1763 4036 2053 4088 fabularum
2099 4034 2364 4098 figmenta,
2420 4035 2506 4083 vel
2552 4049 2667 4098 qnae

1603 4117 1826 4182 poeticis
1850 4113 2233 4165 narrationibus
2252 4118 2495 4162 scateret.
2562 4114 2667 4163 Ve-

1603 4211 1716 4245 rum
1756 4193 1934 4259 quidni
1980 4191 2190 4241 dicatur
2242 4188 2483 4239 Tiberius
2520 4189 2571 4240 in
2612 4190 2664 4239 id

1601 4272 1895 4337 praesertim
1935 4267 2251 4322 incubuisse,
2276 4274 2334 4314 ut
2369 4279 2518 4315 veras
2551 4273 2666 4315 nos-

1601 4355 1699 4408 set,
1725 4356 1814 4400 aut
1840 4347 2112 4398 rimaretur
2135 4342 2377 4392 historias
2399 4357 2460 4392 ac
2482 4356 2669 4406 genea-
