3019 4922
1167 405 1567 456 oc‘rsvms.
1807 365 1831 384 ²
2334 392 2465 457 345

284 552 475 618 hodie
504 551 765 617 servavi
817 549 935 669 qui
967 550 1032 615 in
1061 547 1328 617 balineo
1353 560 1375 597 ³
1423 549 1692 615 demum
1722 553 1874 634 post
1910 548 2137 616 boram
2173 547 2465 633 'primam

282 657 502 748 noctis
528 645 727 748 -dess
754 585 1159 722 {hebeasfl
1190 673 1341 717 man
1390 649 1610 742 ucavi,
1656 655 2046 738 priusquam
2088 655 2248 737 ungi
2296 651 2464 719 inciss

266 739 588 844 *fieremssy
677 757 777 821 Ex
824 736 1053 821 hacw‘i¹
1079 742 1118 821 o
1168 733 1318 820 ''seii‘’
1410 741 1546 821 tia⁵
1569 765 1594 791 ⁸
1639 776 2138 839 nonnunquam,
2171 756 2465 822 velante

281 862 536 940 initum,
564 861 669 925 vel
698 865 851 944 post
877 860 1224 924 dimissum
1258 859 1641 925 convivium
1673 860 1858 923 solus
1889 859 2279 937 coenitabat,
2312 877 2465 924 curn

284 963 487 1046 pleno
533 963 842 1028 convivio
873 963 1033 1027 nihil
1087 969 1399 1045 taugeret.
1475 960 1645 1046 [72]
1690 961 1854 1027 Vini
1907 981 2180 1045 quoque
2226 969 2466 1025 natura

283 1067 717 1150 parcissimus
767 1074 930 1131 erat.
1020 1065 1087 1130 N
1095 1085 1179 1129 on
1227 1066 1512 1149 amplius
1560 1071 1664 1129 ter
1709 1066 1935 1129 bibere
1986 1085 2137 1129 eum
2198 1064 2469 1128 solitum

252 1188 489 1252 -super
533 1190 794 1234 coenam
821 1177 847 1204 ⁸
877 1170 945 1233 in
992 1169 1232 1234 castris
1276 1170 1456 1252 apud
1504 1167 1889 1246 Mutinam,b
1930 1166 2279 1231 Cornelius
2328 1164 2468 1232 Ne-

286 1282 454 1356 pos‘³
485 1270 734 1337 tradit.⁶
822 1272 1098 1347 Postea,
1130 1271 1393 1355 quoties
1423 1270 1796 1352 largissime
1846 1289 1919 1333 se
1962 1264 2324 1345 invitaret,‘¹
2372 1286 2477 1330 se-

289 1396 415 1440 nos
445 1382 792 1441 sextantes
811 1383 833 1410 ⁸
863 1394 993 1438 non
1027 1374 1342 1451 excessit,
1375 1377 1513 1451 aut,
1554 1374 1613 1438 si
1641 1373 2067 1450 excessisset,
2095 1370 2470 1456 rejiciebat.

1196 1555 1562 1577 OOOOOOOOOOO

291 1677 546 1739 probante
570 1675 790 1726 casaub.
844 1676 907 1726 In
929 1690 1019 1725 ora
1043 1675 1141 1726 Ed.
1165 1677 1339 1727 Plant.
1363 1690 1543 1725 manus
1577 1675 1733 1725 docta
1752 1690 1857 1725 cum
1886 1690 2023 1739 pauc.
2044 1669 2355 1722 masmim—8
2389 1670 2477 1720 Ita

291 1744 374 1793 hic
390 1750 445 1791 et
469 1741 587 1791 alibi
609 1756 673 1790 ex
696 1749 807 1804 opt.
828 1741 977 1791 codd.
999 1742 1254 1793 scribend.
1276 1743 1604 1791 consentiunt
1620 1742 1737 1790 VV.
1754 1741 1877 1789 DD.
1933 1741 1994 1788 In
2016 1740 2277 1802 plerisque
2296 1736 2479 1798 script.

292 1817 347 1858 et
367 1810 520 1870 impr.
543 1807 815 1856 bahem—4
850 1807 1035 1856 Buccas
1054 1807 1265 1856 Memm.
1281 1808 1478 1856 Medic.
1508 1811 1553 1855 1.
1573 1811 1623 1856 3.
1642 1806 1799 1855 Vind.
1820 1810 1872 1857 2.
1891 1805 2063 1854 Pulm.
2089 1803 2218 1864 Cop.
2242 1808 2294 1849 et
2318 1815 2480 1862 marg.

294 1874 494 1936 Gryph.
520 1872 705 1921 buca-ias
725 1871 840 1934 Cuj.
876 1873 1043 1920 buccas
1077 1872 1274 1921 Medic.
1306 1876 1354 1920 2.
1387 1863 1589 1921 bucellas
1612 1870 1770 1920 Vind.
1797 1873 1843 1919 1.
1901 1870 2030 1918 Tum
2068 1882 2162 1931 pro
2186 1867 2323 1928 vulg.
2344 1865 2482 1926 ungi,

292 1938 425 2001 qnod
452 1937 680 1986 retinent
710 1938 833 1986 Ern.
858 1937 977 1999 Bip.
998 1935 1157 1985 Wolf.
1192 1938 1407 2000 Baumg.
1432 1937 1580 1998 ungui
1619 1935 1852 1999 praebent
1882 1936 2096 1983 Memm.
2130 1931 2327 1982 Medic.
2354 1939 2483 1991 tres,

295 2004 456 2053 Polit.
481 2004 639 2052 Fouc.
673 2017 789 2051 cnm
813 2001 947 2050 Edd.
968 2003 1113 2050 Torr.
1137 2002 1354 2052 casaub.
1382 2003 1652 2051 Burm.—5
1686 2000 1867 2050 Lectio
1889 2001 2001 2049 haec
2029 2006 2241 2060 recepta
2263 2010 2292 2045 e
2324 1995 2478 2045 codd.

292 2068 505 2118 Memm.
527 2068 768 2116 Beroald.
791 2066 1015 2131 Giphan.
1039 2068 1187 2117 Torr.
1211 2068 1364 2117 Grut.
1390 2066 1755 2117 accedentibus
1779 2066 1940 2114 Fonc.
1959 2066 2119 2114 Polit.
2143 2064 2259 2111 Pin.
2285 2060 2480 2110 Medic.

295 2138 342 2184 2.
364 2138 413 2182 3.
434 2148 551 2182 cum
587 2132 716 2181 Exc.
743 2133 893 2181 Voss.
948 2131 1049 2182 Sed
1077 2133 1160 2181 alii
1199 2133 1402 2196 plurimi
1440 2147 1555 2182 cum
1594 2131 1727 2181 Edd.
1751 2131 1897 2181 Vett.
1932 2130 2228 2179 observantia
2256 2132 2481 2181 servant,

297 2198 430 2260 quod
455 2197 614 2252 magis
639 2198 808 2259 placet
834 2196 970 2247 ond.
1022 2198 1153 2247 Dein
1175 2198 1368 2247 initium
1384 2198 1539 2247 Vind.
1562 2202 1607 2247 l.
1630 2196 1729 2246 Ed.
1753 2197 1927 2245 Plant.
1951 2194 2181 2244 ciuitabat
2204 2193 2484 2241 Memm.—

297 2268 328 2312 6
365 2264 586 2312 Tradidit
609 2263 763 2312 Fouc.
819 2263 944 2311 Mox
971 2266 1129 2311 verba
1151 2279 1200 2311 se
1222 2264 1362 2313 invit.
1387 2265 1576 2313 desunt
1598 2264 1726 2311 Mss.
1753 2261 1906 2311 duob.
1929 2261 2080 2309 Torr.
2103 2267 2157 2307 et
2182 2259 2277 2307 Ed.
2300 2256 2482 2319 Camp.

297 2343 393 2379 sese
413 2328 612 2379 Medic.
638 2333 688 2378 1.
707 2328 965 2377 sinitur-ent
989 2328 1142 2378 vind.
1164 2333 1215 2377 2.
1236 2344 1266 2378 a
1289 2344 1356 2379 m.
1379 2344 1460 2394 pr.
1507 2328 1732 2378 Videtur
1754 2327 1807 2376 in
1831 2326 1945 2376 Pal.
1969 2325 2090 2375 trib.
2122 2324 2381 2372 invitarent
2402 2335 2485 2370 as·

1297 2526 1511 2577 NOTAE

302 2630 426 2688 dae'is
447 2637 751 2689 castimonia
772 2638 1045 2700 celebrari,
1080 2644 1136 2688 et
1170 2637 1356 2688 crebra
1434 2638 1607 2702 Epist.
1630 2643 1685 2688 et
1714 2637 1898 2686 Senec-
1919 2634 2013 2684 lib.
2035 2634 2101 2683 de
2124 2630 2488 2682 Consolatione

304 2715 367 2764 ab
391 2715 453 2765 iis
476 2716 712 2776 usurpari
726 2716 943 2779 jejunia,
963 2717 1043 2764 vel
1068 2716 1119 2764 in
1143 2714 1355 2764 derisio·
1434 2713 1501 2763 ad
1524 2714 1783 2765 Martiam.
2227 2724 2243 2734 ·

301 2805 414 2841 nem
461 2806 637 2840 eorum
670 2786 842 2841 *multa
882 2791 1168 2855 scripsisse,
1210 2791 1356 2855 quasi
1498 2797 1521 2824 ²
1545 2788 1924 2851 Inobservontia]
1957 2784 2292 2836 casaubonus
2310 2781 2492 2832 esTu·

303 2868 517 2932 singulis
557 2868 761 2918 sabbati
796 2868 976 2918 diebus
1007 2868 1358 2932 jejunassent,
1435 2867 1640 2917 ronensi
1657 2866 1837 2916 codice
1851 2863 2037 2929 probat
2053 2863 2183 2910 hanc
2201 2859 2493 2921 lectionem,
2585 2872 2586 2875 ¹

303 2946 387 2993 vel
415 2945 468 2994 id
493 2945 663 3008 ipsum
688 2945 822 2994 serio
841 2944 1142 2995 credidisse.
1218 2944 1358 2994 Hinc
1438 2953 1496 2996 ut
1520 2951 1575 2995 et
1592 2942 1890 2993 Torrentius
1912 2955 1977 2990 ex
1996 2954 2097 2988 uno
2116 2953 2144 2987 e
2166 2938 2353 2999 suis,et
2370 2944 2493 2986 ante

302 3019 434 3071 falsa
456 3021 591 3084 apud
615 3020 875 3071 Justinum
899 3021 990 3071 lib.
1016 3035 1218 3072 xxxvr.
1242 3036 1289 3072 c.
1309 3026 1360 3072 2.
1441 3030 1715 3086 utrumqne
1757 3019 2040 3070 Beroaldus
2083 3025 2301 3080 agnorat
2322 3031 2339 3075 ς
2390 3029 2493 3078 quo

304 3106 359 3148 et
381 3098 617 3147 Tacitum
640 3111 719 3148 tv.
744 3097 942 3147 Histor.
974 3105 1024 3149 5.
1061 3097 1127 3147 de
1159 3099 1253 3147 hac
1277 3098 1360 3160 je·
1438 3099 1629 3164 posito,
1652 3096 2017 3160 intelligendus
2041 3100 2120 3142 est
2147 3091 2366 3156 Augusti
2396 3094 2494 3140 cir-

298 3175 516 3241 junandi
539 3174 857 3224 institutione
877 3174 1188 3224 testimonia.
1224 3174 1362 3224 Hinc
1441 3191 1502 3226 ca
1528 3177 1723 3226 victum
1756 3171 2056 3224 indifferens
2089 3171 2307 3230 animus,
2338 3168 2495 3218 nullis

306 3261 361 3302 et
385 3251 621 3301 Petronii
645 3250 990 3314 Epigramma,
1019 3258 1074 3301 et
1093 3250 1362 3301 Juvenalis
1444 3254 1639 3317 quippe
1673 3253 1822 3301 statis
1856 3249 2055 3312 legibus
2092 3246 2309 3307 addicti,
2339 3254 2395 3293 ut
2429 3244 2496 3292 de

304 3329 482 3379 Satira
506 3341 584 3376 vr.
608 3333 663 3376 et
685 3338 802 3375 xlv.
853 3325 1057 3376 Horatii
1078 3326 1171 3375 lib.
1196 3340 1234 3376 1.
1253 3327 1364 3376 Sat.
1441 3329 1587 3380 Jutio
1608 3342 1764 3390 supra
1786 3340 1836 3376 c.
1857 3329 1940 3376 87.
1994 3322 2100 3372 ΑΙίἰ
2124 3323 2305 3386 legunt
2326 3336 2389 3369 ex
2409 3321 2497 3378 hac

307 3412 358 3458 9.
380 3415 436 3457 et
459 3406 714 3456 Martialis
738 3406 891 3470 Epig.
912 3409 962 3457 4.
985 3406 1076 3455 lib.
1099 3417 1179 3454 lv.
1202 3418 1364 3453 scom-
1440 3403 1757 3454 observantia.

308 3491 470 3533 mata.
1508 3486 1534 3513 ⁸
1569 3479 1722 3541 Super
1742 3474 1945 3537 coenom]
1969 3473 2088 3523 Hoc
2109 3480 2211 3536 est,
2230 3473 2369 3522 inter
2389 3486 2498 3520 coe-

370 3568 399 3595 ¹
422 3559 657 3622 Bucceas]
682 3559 798 3608 Hoc
814 3564 895 3609 est
912 3557 1155 3608 frustula:
1183 3569 1366 3622 panem
1445 3554 1704 3604 nandum:
1740 3552 1791 3600 in
1824 3550 1967 3601 Julio
2005 3564 2051 3598 c.
2090 3552 2170 3598 87.
2208 3556 2264 3598 et
2299 3547 2498 3597 Plinius

311 3639 447 3687 enim
470 3638 521 3686 in
545 3637 783 3702 quadras,
817 3637 912 3686 hoc
947 3644 1028 3685 est
1056 3634 1242 3696 frusta,
1276 3637 1367 3684 has
1447 3632 1603 3697 epist.
1622 3633 1703 3680 22.
1733 3629 1825 3678 lib.
1849 3640 1929 3676 lv.
1964 3626 1980 3654 ‘
1997 3626 2078 3675 De
2100 3625 2247 3689 hujus
2268 3623 2502 3688 nequitia

310 3728 437 3764 vero
471 3713 719 3763 secabant
753 3714 804 3760 in
828 3712 1066 3762 bucceas.
1132 3713 1367 3762 Bucella-
1444 3710 1500 3758 in
1525 3718 1793 3757 commune
1816 3715 1990 3753 omnes
2014 3716 2171 3764 super
2196 3714 2392 3750 coenam
2427 3701 2501 3749 lo·

314 3799 424 3841 tum
447 3791 693 3840 dixerunt
712 3803 894 3853 panem
914 3788 1198 3850 nauticum,
1217 3803 1369 3853 quem
1450 3782 1776 3852 quebantur,’
1797 3784 1897 3830 ὅτε.

313 3881 406 3918 nos
430 3867 509 3916 bis
540 3875 743 3916 coctum
769 3881 1138 3929 nuncupamus.
1161 3865 1226 3915 ad
1250 3881 1372 3915 usus
1513 3860 1538 3896 ὓ
1570 3856 1837 3920 Mutinam]
1877 3856 1964 3904 De
1986 3851 2268 3903 Mutinensi
2293 3851 2432 3901 bello
2454 3866 2502 3902 c.

313 3956 502 4006 nempe
526 3941 919 3991 diuturnitatem
943 3948 1236 3997 excoctum.
1454 3942 1535 3988 1⁰.

377 4027 400 4067 1
424 4019 718 4082 Priusquam
736 4019 857 4081 uugi
870 4019 1146 4082 inciperem]
1182 4020 1224 4067 E
1246 4018 1373 4067 bali-
1516 4021 1539 4048 Φ
1574 4009 1817 4062 Cornelius
1838 4007 2022 4071 Nepos]
2072 4006 2175 4058 Qui
2201 4004 2423 4059 virorum
2447 4004 2507 4056 il·

317 4111 415 4146 neo
431 4111 668 4160 egressos
692 4096 969 4159 ungimoris
990 4102 1134 4156 erat;
1165 4109 1279 4144 cum
1297 4102 1375 4143 ta·
1452 4091 1691 4141 lustrium
1712 4088 1992 4151 scripserat
2011 4087 2186 4135 vitam.

318 4189 434 4223 men
456 4173 654 4237 aliquid
681 4173 821 4236 prius
844 4172 1204 4229 comedissent,
1237 4170 1375 4220 dice·
1518 4167 1544 4203 ἃ
1576 4166 1638 4216 Se
1659 4162 1908 4226 invitaret]
1934 4162 2238 4212 Torrentius
2251 4167 2399 4215 not-at
2418 4161 2508 4211 lias

318 4249 470 4300 batur
510 4251 757 4313 gustatio.
819 4250 894 4298 Ut
932 4256 985 4299 et
1019 4248 1084 4297 de
1122 4248 1376 4299 avunculo
1456 4256 1608 4294 voces
1631 4240 1807 4289 abesse
1830 4254 1860 4288 a
1881 4237 2079 4289 duobus
2103 4239 2233 4287 Mss.

318 4339 409 4378 suo
449 4331 676 4376 testatur
716 4323 918 4379 Plinius
950 4324 1127 4393 junior
1166 4324 1255 4373 lib.
1291 4336 1376 4372 111.
1518 4326 1542 4354 θ
1563 4313 1841 4389 ὅρπηκα]
1860 4313 2378 4372 Sextansnummulns
2392 4315 2507 4363 erat
