3019 4922
489 378 623 446 2218
1336 395 1395 444 c.
1445 391 1809 444 sunm-omi

976 538 993 565 ἱ

491 547 669 606 tur-a
696 537 972 608 civibus.
1077 538 1382 624 Pompeii
1429 557 1698 624 quoque
1743 544 2058 619 statuam,
2103 548 2335 607 contra
2383 535 2626 618 theatri
2650 539 2674 578 '⁹

494 642 642 726 ejus
673 643 970 725 regiam,c
1019 661 1386 708 marmoreo
1413 641 1459 706 J
1465 661 1597 707 ano
1622 645 2134 726 superposuit,¹0
2152 641 2179 686 ἃ
2209 641 2609 710 'translatam
2638 663 2677 707 e

493 744 750 823 Curia?
808 745 878 808 in
927 764 1069 829 qua·
1127 743 1206 809 C.
1258 743 1495 811 Caesar
1550 745 1766 809 fuerat
1832 748 2126 812 occisus.
2230 745 2395 832 [32]
2440 746 2676 812 Plera-

489 866 626 930 que
670 848 947 931 pessimi
1002 847 1293 932 exempli
1350 848 1670 926 correxit,
1730 869 1884 933 quae
1907 858 1927 888 ¹
1986 852 2054 914 in
2104 851 2462 935 perniciem
2505 850 2677 933 pub-

492 948 718 1026 licam,
772 956 890 1013 aut
947 969 1036 1014 ex
1098 950 1577 1016 consuetudine
1642 950 2050 1036 licentiaque
2110 954 2439 1018 bellorum
2506 952 2675 1017 civi-

490 1049 658 1118 lium
703 1050 1115 1130 duraverant‚
1157 1058 1274 1117 aut
1316 1073 1437 1137 per
1476 1073 1717 1137 pacem
1760 1055 1964 1119 etiam
2004 1056 2382 1122 extiterant.
2494 1054 2675 1119 Nam

490 1156 566 1216 et
606 1152 1086 1242 grassatorumf
1124 1156 1387 1240 plurimi
1432 1157 1658 1240 palam
1688 1176 1760 1223 se
1784 1158 2090 1224 ferebant
2121 1158 2448 1225 succincti
2478 1157 2675 1234 ferre,

1387 1337 1625 1359 eeeeeeee
1632 1338 1747 1364 ecoe

493 1471 588 1514 tur.
653 1465 794 1515 Dein
820 1466 898 1517 vir
920 1466 1103 1518 doctus
1126 1468 1178 1518 in
1201 1468 1300 1519 Ed.
1324 1469 1498 1521 Plant.
1521 1485 1612 1520 ora
1636 1470 1831 1521 delevit
1865 1471 2198 1534 regiam—10
2233 1470 2490 1533 &apposuit
2512 1471 2677 1522 lectio

491 1529 629 1579 Edd.
651 1529 718 1580 Ο.
741 1532 889 1582 Vett.
923 1538 979 1582 et
1012 1533 1198 1596 probat
1225 1550 1291 1583 ex
1323 1550 1414 1585 suo
1438 1535 1557 1587 cod.
1582 1536 1757 1588 Ursin.
1821 1536 1883 1587 In
1908 1537 2256 1587 collectaneis
2275 1537 2482 1600 Scoppa
2501 1538 2679 1599 legen-

491 1596 611 1643 dum
636 1583 833 1646 censuit
853 1598 1226 1662 superimposuit,
1243 1600 1332 1649 sed
1354 1616 1594 1665 superpos.
1618 1616 1865 1665 recepere
1885 1600 2027 1653 Oud.
2048 1601 2200 1651 Wolf.
2216 1607 2271 1651 et
2291 1603 2507 1665 Baumg.
2532 1603 2678 1651 etita

486 1659 736 1710 Beroald.
760 1661 939 1724 Stepb.
962 1672 1015 1713 et
1037 1663 1192 1714 Grut.
1217 1680 1247 1713 e
1268 1665 1381 1714 Pal.
1405 1675 1469 1716 tr.
1495 1667 1802 1730 praebetque
1836 1682 1966 1717 unus
1986 1670 2226 1717 Torreat.
2248 1671 2303 1715 et
2325 1667 2520 1731 aliquot
2545 1667 2675 1717 Mss.

493 1724 716 1775 Casaub.
747 1726 871 1776 item
895 1743 1022 1777 unus
1057 1729 1225 1780 Pulm.
1259 1729 1388 1792 Cop.
1424 1730 1593 1781 Periz.
1628 1732 1824 1782 Medic.
1859 1740 1984 1788 tres,
2004 1732 2161 1781 Vind.
2185 1737 2230 1781 l.
2260 1732 2409 1783 Voss.
2434 1733 2676 1781 Dunelm.

486 1789 608 1838 Pin.
628 1790 879 1853 probante
909 1791 1195 1855 Scheffero,
1229 1802 1284 1844 et
1315 1796 1413 1845 Ed.
1440 1798 1575 1845 Bou.
1609 1806 1666 1846 et
1698 1810 1859 1859 marg.
1897 1798 2195 1861 Gryph.—l
2232 1797 2403 1846 Voces
2426 1811 2677 1860 cerr.qnae

483 1867 592 1910 non
617 1858 854 1919 agnoscit
872 1857 1086 1911 Memm.
1108 1866 1165 1909 et
1191 1861 1345 1923 paulo
1377 1867 1500 1912 ante
1534 1862 1761 1925 pluraque
1786 1862 1935 1912 malit
1972 1864 2098 1913 Ern.
2130 1876 2245 1911 cum
2286 1862 2414 1925 Lys.
2446 1866 2504 1913 et
2538 1861 2677 1913 Edd.

1492 2019 1705 2088 norff:

482 2099 571 2182 47.
605 2144 669 2179 ne
693 2130 780 2197 qui
798 2132 1069 2184 dissimiles
1103 2105 1278 2187 essent
1301 2135 1542 2187 admitte·
1620 2137 1883 2189 basilicam
1905 2138 2242 2189 intellexisse.
2281 2138 2437 2187 Certe
2461 2149 2529 2185 ex
2552 2135 2679 2185 Gel-

482 2214 692 2257 rentur.

552 2283 574 2316 δ
611 2284 829 2350 Theatri]
866 2288 1144 2353 Pompeius
1166 2291 1360 2354 primus
1398 2306 1540 2341 man-

489 2373 659 2409 suram
685 2361 889 2413 theatro
910 2363 1086 2435 sedem
1111 2368 1303 2430 posuit,
1322 2382 1425 2432 quo
1450 2382 1540 2417 no·

487 2437 626 2487 mine
663 2438 950 2491 incusatum
993 2442 1130 2493 illum
1174 2444 1334 2495 tradit
1373 2445 1541 2497 Tacit.

486 2514 673 2564 Annal.
707 2516 796 2565 lib.
820 2532 934 2570 xrv.
974 2519 1234 2572 subitariis
1268 2523 1404 2589 enim
1441 2523 1540 2574 huc
1571 2534 1578 2539 “

488 2606 652 2656 usque
676 2594 937 2657 gradibus,
961 2604 1016 2646 et
1039 2598 1204 2648 Scena
1228 2601 1543 2665 temporaria

481 2666 594 2716 ludi
627 2669 899 2734 celebrati,
920 2680 979 2721 et
1007 2675 1379 2726 vetustioribus
1410 2683 1539 2727 tem·

480 2743 718 2809 poribus,
760 2752 901 2797 stans
939 2752 1158 2814 populus
1187 2760 1540 2818 spectaverat,

485 2826 547 2870 ut
562 2821 636 2871 ait
655 2821 791 2873 idem
812 2824 1020 2876 ibidem.
1086 2829 1151 2878 In
1168 2845 1350 2894 campo
1372 2832 1541 2882 Florae

480 2895 606 2960 fuit,
628 2900 717 2949 ubi
748 2900 902 2952 hodie
926 2903 1185 2956 Palatium
1219 2907 1543 2974 Ursinorum‚

478 2978 624 3022 ,teste
639 2975 842 3025 Jacobo
862 2977 1052 3028 Lauro.

550 3055 574 3082 Β
606 3049 838 3113 Regiam]
893 3053 1144 3106 Quaenam
1191 3057 1278 3107 illa
1325 3058 1395 3108 sit
1437 3074 1540 3109 non

482 3130 707 3176 constat.
771 3126 1077 3180 Torrentius
1131 3131 1411 3184 arbitratur
1463 3136 1541 3202 ip·

481 3213 599 3250 sum
643 3201 901 3253 theatrum
952 3206 1347 3270 magnificentia
1390 3225 1545 3261 causa

484 3277 560 3326 sic
595 3280 927 3343 appellatum.
995 3284 1323 3337 casaubonus
1357 3288 1424 3338 de
1454 3289 1545 3339 illa

480 3352 638 3404 domo
664 3358 866 3408 mavult
896 3359 1138 3426 intelligi,
1160 3378 1312 3428 quam
1341 3366 1543 3416 theatro

476 3432 720 3496 junctam
744 3435 811 3486 ab
848 3437 962 3501 ipso
997 3440 1255 3505 Pompeio
1278 3444 1542 3495 tradidere

483 3509 719 3562 Velleius
743 3521 797 3564 et
830 3514 1164 3583 Plutarchus,
1188 3525 1279 3571 aut
1312 3529 1456 3571 certe
1479 3521 1546 3570 de

482 3587 587 3638 alio
642 3592 819 3655 quovis
870 3594 1089 3646 aedificio
1134 3597 1262 3648 inibi
1316 3599 1546 3663 ejusdem

472 3665 627 3728 -jussu
661 3677 980 3735 constructo,
1006 3675 1144 3738 quod
1161 3675 1550 3740 ‘significaverit

482 3740 584 3792 hoc
618 3747 823 3805 nomine
859 3750 1204 3814 Tranquillus,
1234 3753 1322 3816 qui
1365 3766 1563 3816 vocem⁴

476 3817 725 3870 Graecam
742 3823 956 3887 basilica,
977 3825 1044 3874 de
1069 3841 1169 3892 qna
1189 3827 1242 3875 in
1264 3829 1374 3878 Jul.
1397 3844 1444 3879 c.
1463 3834 1542 3879 10.

484 3893 718 3947 Latinam
760 3897 966 3966 fecerit,
1007 3904 1436 3968 quemadmodum
1475 3907 1544 3956 de

474 3967 640 4019 Pauli
676 3972 908 4038 basilica,
939 3978 1007 4027 de
1046 3995 1148 4045 qua
1184 3996 1302 4044 cap.
1336 3983 1546 4033 29.Jul.

474 4043 620 4094 dixit
640 4047 857 4116 Statius,
879 4053 1142 4106 ‘sublimis
1179 4057 1327 4122 regia
1359 4057 1547 4110 Pauli?

484 4119 606 4170 Quo
628 4136 782 4174 sensu
818 4126 1072 4188 Sigonius,
1115 4131 1205 4182 lib.
1228 4144 1293 4184 u.
1314 4133 1383 4183 de
1411 4135 1547 4185 anti·

482 4208 587 4258 quo
621 4199 746 4260 jure
781 4201 951 4253 Italiae
986 4219 1103 4271 cap.
1140 4210 1342 4274 ultimo,
1373 4218 1544 4267 notat,

478 4270 678 4335 megiam
710 4288 826 4327 cum
860 4278 1112 4349 dicerent,
1133 4286 1205 4336 nil
1228 4287 1368 4339 aliud
1390 4302 1543 4354 quam

1616 2212 1688 2264 lio
1710 2215 1799 2266 lib.
1825 2230 1903 2266 tv.
1925 2231 1972 2266 c.
1997 2221 2045 2266 6.
2080 2215 2339 2279 conjicere
2364 2219 2465 2278 est,
2482 2213 2679 2275 regiam

1619 2288 1777 2342 fnisse
1833 2307 2034 2358 qnoque
2079 2290 2284 2357 aliquod
2340 2290 2392 2340 in
2449 2288 2679 2338 aedificiis

1618 2368 1901 2431 splendidis
1953 2368 2270 2428 membrum3
2328 2361 2490 2415 verba
2541 2369 2682 2424 sunt,

1622 2444 1735 2494 ‘ita
1768 2445 1819 2495 in
1844 2445 2103 2496 veteribus
2138 2442 2393 2493 memoriis
2428 2441 2679 2506 scriptum

1620 2522 1857 2587 legimus,
1896 2523 1946 2573 in
1979 2521 2203 2575 sacrario
2239 2522 2291 2569 in
2327 2519 2473 2583 regia
2503 2518 2679 2568 hastas

1621 2600 1839 2666 Martias
1882 2600 2121 2661 movisse,
2173 2598 2324 2661 cujus
2378 2610 2535 2646 causa
2577 2595 2679 2645 SC.

1617 2675 1814 2726 factum
1839 2684 1937 2733 est,
1959 2677 2111 2740 cujus
2134 2675 2421 2738 exemplum
2445 2673 2543 2722 bo'c
2566 2678 2681 2722 est:

1622 2752 1774 2802 Quod
1811 2753 1872 2803 C.
1894 2751 2063 2802 Julius
2097 2752 2157 2800 L.
2180 2752 2238 2800 F.
2272 2747 2518 2800 Pontifex
2552 2762 2681 2797 uun·

1617 2827 1775 2877 tiavit
1794 2828 1846 2877 in
1870 2827 2092 2878 sacrario
2118 2827 2171 2875 in
2190 2826 2336 2890 regia
2352 2826 2522 2875 hastas
2541 2825 2684 2874 Mar·

1624 2905 1720 2955 tias
1753 2906 2009 2969 movisse,'
2039 2911 2138 2957 διο.
2170 2907 2354 2970 quibus
2387 2903 2682 2965 manifeste,

1622 2981 1676 3031 ni
1706 2980 1880 3045 fallor,
1914 2983 2260 3047 significatur,
2294 2981 2486 3046 regiam
2509 2994 2681 3030 sacra·

1622 3057 1686 3107 rii
1707 3065 1909 3123 partem
1929 3060 2275 3111 constituisse.

1687 3132 1711 3166 ‘¹
1741 3135 2010 3184 Marmorea
2025 3137 2153 3185 Jano
2172 3136 2466 3199 superposuit
2489 3135 2681 3198 [suppo-

1620 3208 1742 3274 suit]
1779 3210 1843 3258 In
1865 3211 2164 3276 quibusdam
2186 3226 2292 3261 non
2320 3213 2467 3261 malis
2491 3212 2682 3261 codici·

1624 3286 1999 3350 bus,Torrent.
2036 3295 2092 3338 et
2132 3288 2465 3339 Casaubonus
2498 3290 2682 3352 legunt

1585 3396 1588 3397 ⁷
1617 3366 1931 3430 superposuit,
1948 3365 2083 3431 quod
2100 3371 2156 3415 et
2169 3372 2373 3430 potest:
2392 3365 2513 3417 Jani
2532 3364 2680 3429 quip-

1623 3457 1692 3507 pe
1714 3441 1926 3492 fuerunt
1949 3441 2274 3492 transitiones
2304 3442 2496 3506 perviae
2521 3440 2683 3490 forni-

1621 3525 1778 3581 catae,
1812 3534 1924 3584 quas
1958 3517 2183 3582 speciem
2219 3530 2366 3567 arcus
2401 3515 2685 3579 referrent,

1625 3596 1799 3661 qualia
1821 3597 1996 3646 Romae
2030 3595 2196 3644 multa
2225 3603 2281 3645 et
2313 3608 2498 3658 magna
2517 3593 2683 3643 homi-

1626 3688 1746 3723 num
1771 3671 2062 3737 frequentia
2082 3671 2337 3721 celebrari
2357 3671 2609 3733 solebant,
2622 3676 2683 3719 ut

1624 3751 1874 3814 colligere
1888 3756 1972 3799 est
1994 3764 2059 3799 ex
2080 3749 2329 3799 Cicerone
2348 3761 2424 3796 vr.
2446 3744 2681 3809 Philipp.

1626 3830 1706 3874 15.
1774 3826 1854 3874 De
1898 3824 2062 3886 portis
2081 3856 2085 3861 -
2106 3821 2428 3887 quibusdam,
2468 3835 2583 3885 quae
2625 3821 2679 3869 in

1624 3903 1820 3951 viarum
1841 3898 2100 3962 capitibus
2122 3905 2314 3960 essent,
2333 3898 2564 3946 Donatus
2587 3909 2679 3945 ex·

1625 3977 1821 4041 plicat3
1856 3975 2023 4023 adhuc
2041 3971 2174 4023 infra
2196 3974 2249 4021 iu
2272 3971 2473 4021 Domit.
2495 3985 2542 4020 c.
2563 3974 2661 4020 13ae

1690 4061 1713 4087 θ
1747 4054 1794 4101 Ε
1818 4049 1991 4114 Curia]
2025 4050 2087 4101 In
2109 4049 2218 4101 Jul.
2243 4064 2289 4097 c.
2313 4053 2395 4097 80.
2420 4054 2473 4097 et
2494 4051 2579 4096 81.
2657 4066 2663 4073 ·

1689 4127 1709 4164 ¹
1743 4127 2103 4190 Grassatorum]
2170 4123 2410 4175 Grassari
2466 4123 2676 4186 proprie

1622 4207 1736 4257 sine
1757 4205 1899 4256 ferro
1917 4202 2131 4268 aggredi
2151 4200 2443 4265 significare
2458 4205 2643 4248 notant
2657 4206 2680 4263 ς

1623 4286 1716 4338 sed
1737 4283 2022 4352 improprie
2032 4293 2174 4346 saepe
2192 4277 2352 4331 locuti
2368 4279 2538 4327 essent
2554 4288 2679 4325 auc·
