3019 4922
526 402 656 468 332

1373 417 1437 464 C.
1483 415 1776 466 SUETON
1791 416 1844 464 11

524 572 588 628 et
628 564 762 628 heri
816 568 882 627 et
926 562 1144 627 hodie.
1232 553 1426 628 Talis
1453 564 1625 627 enim
1647 569 1674 598 ⁰
1702 560 2010 647 Jactatis‚
2036 563 2110 623 ut
2145 558 2426 643 quisque
2474 579 2703 625 canem

524 672 639 730 aut
668 667 1043 730 senionemp
1073 665 1363 742 miserat,
1394 666 1459 729 in
1485 666 1790 747 singulos
1822 666 2002 730 talos
2033 664 2332 748 singulos
2361 663 2710 729 denariosq

521 768 588 830 in
623 768 909 866 medium
942 767 1360 833 conferebat:
1406 787 1577 851 quos
1622 769 1896 833 tollebat
1937 769 2303 847 universos,
2340 769 2456 853 qui
2487 767 2712 832 Vene-

520 890 654 934 rem
679 870 1021 955 jecerat.’¹
1105 872 1197 936 Et
1245 891 1471 937 rursus
1522 872 1678 937 aliis
1725 872 1973 937 literis:
2031 877 2051 911 ‘
2079 872 2257 952 NoS,
2303 874 2396 937 mi
2451 871 2710 949 Tiberi,

1502 1057 1722 1109 NOTAE

516 1168 662 1228 lucri.
732 1168 816 1217 Ita
843 1170 1027 1219 Cicero
1054 1171 1103 1218 in
1133 1170 1268 1220 libro
1291 1170 1356 1220 de
1378 1172 1573 1222 Senec-

516 1252 630 1294 tute
655 1248 736 1294 58.
769 1246 784 1271 ‘
802 1246 947 1295 nobis
970 1247 1175 1295 senibus
1206 1263 1269 1296 ex
1301 1250 1472 1297 multis
1498 1251 1570 1299 lu·

515 1323 740 1371 sionibus
764 1324 892 1372 talos
915 1325 1217 1389 relinquant,
1236 1332 1290 1373 et
1315 1334 1568 1377 tesseras:

446 1421 451 1426 ·
513 1399 565 1447 id
592 1400 757 1462 ipsum
784 1409 956 1449 tamen
975 1408 1029 1449 ut
1050 1400 1268 1465 libebit,'
1293 1405 1390 1453 διο.

577 1483 601 1508 ⁰
637 1477 771 1525 Talis
791 1475 1063 1540 enim‚8)·c.]
1097 1479 1253 1527 Talus
1290 1478 1569 1528 ossiculum

515 1559 614 1612 est,
638 1552 773 1616 quod
809 1551 1014 1602 bisulcis
1038 1553 1344 1603 animalibus
1378 1555 1430 1603 in
1454 1570 1569 1617 pos·

516 1629 761 1678 tet-iorum
779 1631 965 1692 pedum
985 1632 1220 1694 articulo,
1240 1633 1436 1689 sive,ut
1454 1633 1569 1681 aliis

514 1707 704 1769 placet.
729 1707 780 1756 in
806 1706 916 1770 ipsu
940 1708 1104 1757 cruris
1137 1709 1438 1772 posterioris
1469 1707 1571 1758 suf-

511 1783 715 1848 fragine
756 1786 1031 1849 reperitur,
1064 1796 1121 1836 ut
1158 1788 1231 1835 ait
1260 1786 1571 1837 Aristoteles

509 1865 602 1913 lib.
637 1878 700 1915 ιι.
736 1865 800 1913 de
836 1865 1070 1914 Historia
1105 1865 1413 1914 Animalium
1448 1880 1495 1915 c.
1525 1870 1570 1915 1.

511 1950 567 1990 et
590 1949 654 1990 ex
678 1956 740 1990 eo
768 1943 967 1992 Plinius
990 1944 1081 1993 lib.
1108 1957 1187 1992 xi.
1215 1958 1262 1993 c.
1286 1948 1366 1993 45.
1456 1942 1570 1992 Hu-

501 2017 731 2080 jusmodi
755 2019 952 2068 ossibus
987 2021 1069 2068 vel
1094 2019 1246 2076 veris,
1269 2022 1347 2069 vel
1382 2018 1445 2069 ad
1480 2034 1570 2069 eo-

512 2110 623 2144 rnm
647 2095 1028 2146 similitudinem
1052 2095 1202 2153 fictis,
1226 2112 1291 2146 ex
1321 2096 1478 2146 ebore
1517 2111 1567 2147 v.

510 2186 561 2235 g.
585 2187 726 2229 auro,
752 2180 987 2235 argento,
1015 2176 1113 2222 &c.
1150 2174 1227 2222 usi
1261 2181 1378 2222 sunt
1414 2188 1566 2222 senes

507 2258 564 2300 et
589 2250 734 2313 pueri
753 2249 818 2298 ad
843 2250 1119 2299 ludendum
1140 2265 1152 2299 :
1189 2265 1290 2315 quo
1309 2249 1460 2299 modo
1479 2251 1566 2298 ho·

507 2326 696 2391 dieque
730 2327 939 2376 tesseris
962 2327 1200 2389 ludimus,
1237 2328 1286 2375 in
1316 2326 1564 2391 tabulam,

506 2418 660 2468 quam
701 2410 756 2452 et
793 2402 1006 2452 abacum
1045 2409 1101 2452 et
1137 2403 1390 2453 alveolum
1428 2404 1565 2453 luso-

504 2482 636 2530 rium
661 2481 858 2545 dixere,
880 2481 1047 2530 missis
1066 2482 1150 2531 vel
1174 2495 1342 2543 manu,
1367 2481 1450 2531 vel
1475 2496 1564 2547 po·

502 2559 607 2607 tius
634 2573 811 2623 pyrgo,
830 2573 920 2609 seu
936 2559 1203 2616 turricula,
1218 2559 1448 2624 (qualem
1470 2574 1564 2608 nos

501 2651 567 2684 tm
581 2635 785 2698 conten)
803 2650 865 2684 ne
888 2651 1067 2685 manus
1084 2636 1399 2686 dexteritate
1421 2635 1566 2686 fraus

503 2713 675 2778 aliqua
708 2712 889 2762 fieret:
940 2713 1077 2762 unde
1113 2713 1370 2763 Martialis
1405 2713 1561 2777 Epig.

503 2794 581 2839 16.
652 2789 970 2854 Apophoret.
1012 2804 1230 2854 pyrgum
1271 2804 1363 2839 seu
1407 2791 1561 2839 turri-

498 2871 666 2919 culam
691 2871 824 2919 inam
861 2871 1152 2934 loquentem
1176 2870 1425 2919 inducens
1451 2871 1525 2919 ait
1543 2885 1560 2920 ε

498 2952 515 2976 ⁴
538 2947 743 2999 Qnaerit
778 2947 1094 3011 compositos
1122 2963 1300 2997 manus
1322 2949 1560 3011 improba

498 3025 709 3073 mittere
755 3023 898 3079 talos,
936 3024 991 3073 Si
1025 3039 1118 3089 per
1150 3038 1233 3073 nte
1266 3024 1445 3079 mittit,
1485 3023 1558 3072 nil

496 3102 594 3149 nisi
620 3109 742 3149 vota
769 3098 937 3150 facit?

560 3184 587 3218 Ρ
642 3178 711 3226 Ut
750 3178 942 3240 quisque
976 3190 1137 3224 canem
1174 3180 1258 3225 out
1292 3175 1552 3239 senionem]

493 3256 628 3305 Talis
668 3264 889 3319 quatuor
931 3255 1100 3303 lusere
1123 3270 1134 3300 ε
1175 3254 1389 3304 totidem
1427 3264 1555 3320 quot

493 3340 643 3382 erant
670 3332 761 3382 tali
800 3333 986 3393 latera,
1020 3330 1083 3378 ad
1109 3331 1285 3380 ludum
1323 3331 1555 3381 adbiberi

491 3413 673 3462 solita:
692 3424 888 3459 summa
906 3410 1101 3474 quippe
1120 3424 1237 3472 pars
1256 3417 1310 3459 et
1329 3411 1429 3459 ima
1440 3426 1556 3460 cur-

492 3501 645 3539 vatur
666 3490 848 3554 magis,
873 3503 1023 3554 quam
1048 3495 1106 3538 ut
1140 3489 1201 3536 iis
1238 3497 1412 3555 posset
1435 3505 1554 3539 con-

490 3570 696 3618 sistere.
765 3570 956 3618 Latera
978 3566 1191 3616 baecita
1214 3566 1350 3615 inter
1384 3582 1440 3616 se
1460 3583 1553 3631 op·

491 3648 664 3711 posita
699 3653 836 3700 sunt,
871 3652 926 3692 ut
961 3645 1177 3693 duorum
1215 3644 1433 3692 alterum
1469 3659 1552 3693 ca·

489 3740 627 3780 vum,
651 3726 868 3773 alterum
886 3722 1037 3771 dorso
1055 3720 1272 3784 quodam
1293 3721 1548 3771 emineat:

490 3794 654 3851 ὕπτιον
673 3800 818 3861 illud,
839 3801 934 3848 hoc
956 3806 1056 3856 est,
1078 3799 1313 3861 supinum,
1335 3797 1433 3846 ltoc
1458 3811 1544 3845 au·

489 3889 592 3929 tem
615 3876 804 3942 πρηνὲς,
825 3877 922 3925 ltoc
949 3884 1029 3925 est
1049 3891 1264 3940 pronum,
1290 3873 1546 3924 Aristote-

490 3956 566 4005 les
587 3956 772 4005 ibidem
798 3955 1079 4017 appellavit
1099 3969 1112 4002 :
1167 3955 1271 4002 alia
1293 3952 1395 4002 duo
1419 3953 1546 4001 late·

486 4047 546 4080 ra
569 4031 666 4079 sibi
689 4044 892 4094 quoque
914 4030 1154 4093 opposita
1170 4038 1312 4091 sunt;
1329 4031 1547 4078 alterum

487 4107 715 4157 nonnihil
756 4120 936 4154 cavum
977 4115 1073 4170 est,
1095 4107 1259 4155 instar
1294 4108 1458 4157 litera·
1490 4110 1545 4174 S,

488 4185 708 4233 alterum
737 4180 898 4229 ferme
925 4182 1149 4243 planum,
1172 4184 1271 4232 nisi
1295 4185 1335 4232 si
1365 4188 1546 4235 tantis·

488 4275 583 4324 per
606 4259 859 4306 emineat:
887 4259 999 4305 Κῶα
1020 4266 1072 4306 et
1090 4261 1202 4318 Κῖα,
1225 4259 1290 4307 de
1312 4261 1545 4323 pluribus

488 4338 623 4390 enim
648 4335 897 4401 loquitur,
922 4342 1072 4385 vocat
1096 4335 1418 4388 Aristoteles.
1453 4341 1549 4389 Χῖα

1646 1174 1815 1225 Julius
1839 1175 2025 1224 Pollux
2052 1174 2407 1238 appellat,lnoc
2430 1177 2530 1229 est,
2557 1171 2710 1220 unito-

1647 1257 1758 1314 tem,
1781 1254 2142 1317 Latinio-anem,
2158 1259 2214 1302 ut
2238 1260 2291 1300 et
2315 1251 2709 1312 Kffia,Senionem

1646 1329 1751 1378 sive
1771 1332 1932 1381 Coum.
1965 1331 2211 1395 Supinum
2230 1338 2401 1378 autem
2421 1338 2473 1378 et
2493 1341 2707 1391 pronum

1648 1409 1858 1456 ternarii
1883 1416 1936 1456 et
1960 1407 2274 1472 quaternarii
2300 1406 2505 1455 nomine
2530 1403 2707 1467 appel-

1647 1483 1849 1544 lavere3
1874 1483 2010 1532 unde
2031 1482 2441 1533 animadvertere
2457 1487 2555 1537 est,
2572 1477 2706 1545 qnod

1646 1568 1795 1610 notat
1829 1562 2184 1625 Casanbonns,
2219 1560 2460 1623 opposita
2492 1559 2595 1607 duo
2633 1558 2705 1604 la-

1646 1643 1760 1684 tera
1799 1639 2147 1701 septenarium
2191 1650 2394 1701 semper
2439 1647 2703 1684 numerum

1646 1710 1898 1774 effecisse,
1920 1715 2016 1763 hoc
2040 1712 2190 1763 modo
2215 1729 2226 1759 :

1843 1790 1993 1839 Canis
2122 1789 2266 1838 Senio
2291 1789 2368 1837 vel
2395 1787 2519 1836 Cous
2582 1843 2588 1850 ,

1839 1871 1865 1915 1
2130 1871 2164 1914 6

1843 1947 1872 1992 3
2134 1946 2165 1991 4

1710 2027 1734 2062 ‘1
1769 2021 1994 2082 Singulos
2013 2019 2254 2083 denarios]
2293 2018 2588 2077 Nostrates,
2627 2018 2703 2065 ss.

1644 2097 1729 2148 od.
1754 2108 1811 2147 ut
1836 2101 1886 2146 in
1909 2098 2019 2149 Jul.
2054 2112 2099 2149 c.
2125 2101 2174 2146 4.
2194 2102 2426 2144 notatum
2446 2102 2547 2142 est.
2604 2092 2701 2141 His

1643 2173 1811 2223 verbis
1834 2180 2000 2238 patet,
2018 2173 2290 2222 Senionem
2311 2184 2516 2235 quoque
2539 2184 2603 2216 ex
2628 2169 2703 2216 in·

1641 2248 1880 2301 felicibus
1905 2251 2144 2300 missibus
2167 2264 2323 2299 unum
2352 2246 2510 2297 fuisse
2531 2262 2547 2295 :
2582 2260 2701 2295 con·

1642 2335 1727 2378 tra
1762 2337 1933 2378 tamen
1976 2329 2182 2379 omnino
2207 2324 2441 2386 Persius,
2483 2323 2571 2387 qui
2611 2325 2697 2372 Sa·

1641 2407 1742 2457 tira
1785 2421 1871 2457 ιιι.
1917 2408 2157 2457 dextrum
2216 2404 2480 2470 appellat:
2518 2410 2552 2431 '⁴
2577 2402 2700 2469 quid

1641 2484 1827 2535 dexter
1846 2485 1999 2534 Senio
2022 2483 2205 2546 ferret,
2227 2484 2368 2531 Scire
2393 2489 2507 2530 erat
2528 2480 2581 2530 in
2609 2495 2694 2533 vo·

1641 2561 1729 2624 tis,
1765 2562 2006 2611 damnosa
2045 2561 2287 2611 canicula
2320 2567 2570 2623 quantum
2600 2558 2700 2608 Ra-

1639 2638 1823 2702 deret,'
1843 2643 1942 2690 &c.
1988 2641 2056 2689 Et
2082 2640 2285 2701 merito,
2305 2638 2461 2688 Senio
2485 2638 2698 2702 quippe,

1638 2727 1698 2768 ut
1736 2727 1922 2768 notant
1958 2725 2163 2768 veteres
2197 2717 2401 2768 Glossae
2448 2716 2514 2765 ad
2554 2716 2697 2766 illum

1635 2792 1826 2858 locum,
1869 2795 2060 2859 ‘major
2098 2794 2302 2856 missus,
2328 2803 2383 2844 ut
2426 2794 2571 2844 canis
2612 2796 2700 2845 nii·

1640 2872 1773 2922 nor!
1841 2872 1980 2921 Hinc
2019 2873 2154 2921 baud
2193 2872 2451 2921 immerito
2485 2873 2696 2936 colligas

1639 2946 1801 3012 genus
1824 2949 1918 2996 boc
1941 2946 2170 3010 ludendi,
2191 2963 2291 3012 quo
2310 2955 2431 2998 tunc
2449 2948 2698 2999 utebatur

1638 3026 1924 3089 Augustus,
1981 3024 2164 3074 iisdem
2218 3035 2375 3090 atque
2433 3027 2694 3089 publicum

1636 3101 1921 3151 aleatorum
1976 3102 2175 3167 legibus
2225 3118 2327 3152 non
2378 3104 2694 3166 constitisse,

1636 3179 1772 3243 quod
1823 3185 1966 3228 certe
2022 3180 2236 3229 innuere
2297 3180 2505 3230 videtur
2561 3181 2693 3239 ipse-

1637 3264 1779 3305 met:
1854 3257 1951 3305 nisi
1993 3256 2128 3306 enim
2168 3256 2420 3318 peculiari
2471 3258 2689 3321 quadam

1634 3333 1756 3396 lege
1784 3333 2009 3393 lusisset,
2029 3333 2151 3382 satis
2174 3330 2346 3382 fuerat
2370 3334 2563 3383 dixisse
2590 3338 2604 3363 ‘
2620 3336 2692 3384 in-

1637 3415 1720 3458 ter
1742 3424 1941 3459 coenam
1966 3408 2177 3458 lusimus
2203 3409 2357 3461 talis.’
2424 3411 2687 3462 Infelicem

1635 3486 1793 3536 fuisse
1808 3487 1950 3537 canis
1968 3487 2197 3547 missum,
2216 3497 2322 3537 tum
2338 3490 2554 3551 ratione,
2571 3491 2691 3554 quia

1634 3564 1872 3614 minimus
1917 3565 2162 3625 oninium,
2211 3573 2318 3613 tum
2365 3566 2532 3616 Persii
2576 3569 2688 3617 loco

1634 3650 1796 3704 patet,
1817 3641 2155 3705 aliorumque,
2174 3643 2258 3706 qui
2279 3643 2579 3692 damnosum
2600 3660 2688 3706 ap-

1631 3720 1849 3782 pellant.
1917 3719 2162 3782 Propert.
2196 3719 2288 3771 lib.
2325 3733 2400 3768 tv.
2438 3721 2614 3783 Elegia
2637 3726 2686 3770 9.
2743 3770 2750 3781 ,

1629 3796 1877 3858 ‘Semper
1914 3795 2143 3844 damnosi
2188 3796 2454 3845 subsiliere
2495 3796 2685 3853 caneS‚'

1629 3873 1849 3923 Ovidius
1873 3887 1935 3923 ιι.
1960 3873 2027 3922 de
2050 3871 2179 3923 Arte
2208 3887 2284 3923 vs.
2307 3878 2424 3923 206.
2460 3876 2476 3904 ‘
2495 3875 2684 3937 Seuja-

1627 3949 1735 3999 cies
1763 3952 1910 4012 talos,
1935 3951 2119 4000 victam
2152 3965 2218 3999 ne
2249 3965 2403 4013 poena
2424 3958 2687 4016 sequatur,
2716 3974 2720 3981 ·

1626 4026 1879 4077 Damnosi
1919 4025 2080 4076 facito
2116 4034 2257 4076 stent
2295 4027 2389 4076 tibi
2426 4042 2569 4091 saepe
2600 4044 2677 4076 ca-

1628 4104 1756 4161 nes,’
1777 4108 1873 4154 &c.

1689 4189 1711 4214 ¹·
1745 4183 1843 4238 Qui
1869 4181 2093 4231 Venerem
2112 4177 2320 4243 jecerat]
2345 4181 2585 4232 Quatnor
2608 4188 2679 4230 ta·

1627 4261 1811 4321 lorum,
1852 4259 2030 4323 quales
2069 4259 2220 4308 modo
2258 4258 2507 4322 descripti
2545 4265 2676 4314 sunt,

1627 4337 1808 4388 missus
1841 4335 2052 4399 diversi,
2075 4349 2175 4385 non
2210 4335 2383 4399 plures
2415 4349 2568 4400 quam
2599 4337 2674 4384 85.
