3019 4922
512 422 643 500 442
1367 447 1452 494 c.
1476 445 1832 495 suaronu

514 612 645 677 que
676 589 743 657 N
747 592 1041 657 oricum0
1083 598 1148 656 et
1183 590 1539 654 Thraciam
1569 596 1635 655 et
1659 587 2131 654 Macedoniam
2153 585 2194 667 ἀ,
2210 588 2520 675 interque
2553 585 2693 651 Da-

513 696 784 760 nubium
814 696 1061 760 flumen
1087 700 1158 758 et
1186 696 1401 757 sinum
1437 695 1639 758 maris
1679 691 2012 757 Adriatici
2042 697 2281 774 patet,4
2323 691 2707 776 perdomito.

512 805 581 865 et
637 799 708 862 in
748 797 1068 862 ditionem
1111 786 1409 861 redacto.
1498 797 1660 878 [17.]
1707 795 1835 860 Cui
1877 795 2105 877 gloriae
2160 795 2441 879 amplior
2476 793 2695 857 adhuc

513 920 602 964 ex
639 899 1136 984 opportunitate
1165 900 1467 963 cumulus
1497 899 1804 963 accessit.
1894 897 2074 962 Nam
2114 898 2239 962 sub
2279 897 2346 961 id
2379 896 2507 960 fere
2532 901 2695 969 temf

511 1002 691 1088 pus*
741 1001 1151 1081 Quintilius⁵
1191 1000 1459 1066 Varus⁶
1518 1021 1672 1065 cum
1720 1001 1933 1066 tribus
1985 1001 2359 1082 legionibus
2409 999 2478 1061 in
2530 997 2696 1063 Ger-

511 1107 738 1171 mania
786 1106 1018 1188 periit3
1092 1106 1351 1171 nemine
1395 1094 1770 1182 dubitante,
1827 1104 1990 1187 quin
2032 1105 2322 1168 victores
2372 1099 2695 1167 Germani

507 1208 808 1292 juncturi
831 1227 904 1272 se
936 1208 1297 1272 Pannoniis
1322 1203 1344 1241 f
1381 1207 1648 1284 fuerint,
1680 1205 1806 1269 nisi
1838 1206 2234 1273 debellatum
2265 1205 2453 1288 prius
2482 1204 2696 1288 Illyri-

512 1331 665 1375 cum
691 1318 896 1376 esset.
944 1309 1138 1389 Quas
1162 1312 1250 1391 ob
1273 1329 1378 1374 res
1410 1308 1780 1392 triumphus
1804 1309 1869 1372 ei
1896 1307 2196 1372 decretus
2220 1313 2344 1385 est,
2372 1307 2705 1390 multique»

513 1413 627 1479 et⁶
673 1415 891 1497 magni
940 1415 1240 1495 honores.
1326 1412 1782 1477 Censuernnt⁷
1829 1410 2031 1484 etiam
2061 1409 2356 1494 quidam,
2387 1417 2466 1474 ut
2516 1410 2695 1474 Pan-

511 1517 845 1592 nonicnS,g
887 1518 1025 1596 alii,
1056 1527 1128 1583 ut
1180 1519 1501 1594 InvictUS,
1545 1514 1869 1592 nonnulli,
1904 1521 1976 1578 ut
2006 1514 2177 1577 Pius
2208 1513 2696 1596 cognominare-

514 1627 642 1684 tur.
729 1621 866 1685 Sed
917 1622 999 1686 de
1037 1623 1426 1707 cognomine
1459 1619 1841 1684 intercessit
1861 1616 1888 1654 ¹¹
1918 1615 2294 1700 AugustuS,
2319 1636 2399 1681 eo
2422 1623 2698 1680 conten-

1426 1785 1792 1810 ecceneeem

511 1906 762 1957 Torr.—4
794 1907 945 1958 Patet
966 1908 1143 1958 exulat
1162 1907 1227 1958 ab
1250 1909 1380 1960 Exc.
1400 1909 1555 1958 Voss.
1577 1921 1639 1956 ac
1660 1905 1942 1956 deditionem
1976 1903 2169 1954 liabent
2193 1917 2322 1953 unus
2347 1903 2517 1951 Pulm.
2539 1903 2696 1954 Viud.

514 1977 561 2020 1.
600 1979 655 2020 et
690 1987 852 2035 marg.
890 1974 1038 2022 Torr.
1075 1975 1139 2024 V.
1179 1974 1242 2022 ad
1283 1975 1415 2024 Caes.
1460 1989 1507 2023 c.
1542 1976 1715 2022 34.—5
1750 1972 1903 2020 Voss.
1954 1970 2231 2026 Quintillus.
2297 1969 2429 2017 Dein
2472 1970 2525 2016 in
2574 1968 2707 2036 Ger-⁴.

510 2038 715 2084 maniam
757 2036 915 2086 Vind.
953 2043 1001 2087 2.
1055 2047 1111 2088 et
1149 2037 1363 2089 inferius
1410 2037 1613 2099 fuerunt
1656 2036 1814 2088 Vind.
1862 2040 2004 2086 1.-6
2035 2036 2187 2084 Multi
2224 2039 2270 2084 et
2301 2035 2411 2083 sine
2454 2050 2542 2098 que
2587 2035 2698 2082 Me-

511 2101 614 2150 dic.
646 2105 695 2150 2.
729 2102 883 2150 Vind.
906 2108 957 2152 2.
998 2105 1139 2153 Dun.
1172 2120 1286 2154 cum
1312 2106 1501 2154 omnib.
1526 2104 1707 2153 Burm.
1731 2102 1934 2165 scriptis
1954 2107 2008 2148 et
2030 2101 2093 2150 ad
2118 2100 2317 2163 Gryph.
2342 2114 2505 2164 usque
2527 2099 2699 2161 editis,

512 2166 609 2213 nisi
650 2165 785 2230 quod
819 2170 1050 2227 decretus,
1081 2175 1127 2218 et
1164 2171 1299 2219 multi
1329 2176 1376 2218 et
1414 2171 1577 2230 magni
1616 2169 1791 2231 Steph.
1841 2165 1984 2216 multi
2016 2172 2063 2215 et
2100 2181 2164 2217 m.
2186 2166 2376 2214 honoris
2400 2166 2542 2215 Cort.
2567 2165 2705 2216 Edd.

511 2230 761 2281 Rom—⁷
815 2233 1102 2284 censuerant
1139 2235 1294 2285 Fouc.
1360 2235 1500 2284 Dein
1537 2233 1709 2283 omisit
1744 2233 1935 2297 quidam
1969 2231 2127 2282 Gron.
2195 2232 2324 2281 Mox
2357 2245 2451 2295 pro
2489 2231 2701 2280 nonnulli

1496 2381 1712 2434 NOTAE

512 2478 911 2542 appellationem
928 2496 950 2541 32
976 2481 1219 2532 Liburnia
1241 2497 1364 2533 vero
1389 2486 1564 2534 Conta—
1645 2496 1784 2538 num,
1817 2496 1934 2531 cum
1957 2481 2094 2531 intra
2116 2460 2339 2546 quincue
2363 2478 2699 2528 consummati

510 2556 569 2603 do
606 2555 657 2602 di
692 2552 840 2605 Zara.
906 2556 1035 2607 Quae
1078 2560 1245 2607 omnia
1281 2559 1566 2609 Sclavoniae

508 2630 772 2684 hodiernae
827 2642 1004 2697 partes
1075 2642 1213 2691 sunt,
1277 2650 1567 2701 quanquam

512 2716 673 2764 certe,
713 2717 924 2759 auctore
950 2711 1414 2770 Cluveriojibdv.
1478 2713 1565 2762 In·

513 2784 743 2835 troduct.
784 2800 899 2849 cap.
934 2791 983 2835 4.
1016 2787 1240 2838 confusis
1281 2789 1566 2839 Pannoniae

513 2860 815 2927 Illyricique
852 2863 1113 2919 limitibus,
1154 2879 1255 2914 uno
1278 2865 1565 2915 Sclavoniae

511 2938 717 2987 nomine
740 2939 1028 3002 accipiatur
1047 2941 1291 3006 quicquid
1312 2948 1565 2992 terrarum
1594 2949 1598 2955 “

512 3029 543 3061 a
568 3014 743 3063 Dravo
778 3029 928 3065 amne
964 3017 1027 3065 ad
1066 3016 1388 3070 Adriaticum
1424 3035 1564 3070 mare

510 3081 859 3152 protenditur.

575 3172 596 3197 c
630 3166 935 3229 Regnumque
966 3169 1216 3233 Noricum]
1251 3172 1455 3234 Norici,
1477 3174 1565 3237 qui

512 3240 667 3290 etiam
690 3241 827 3305 ipsas
851 3240 1009 3306 Alpes
1037 3252 1249 3295 tenuere
1274 3247 1411 3310 apud
1445 3249 1565 3298 Fori

510 3318 640 3369 Julii
684 3319 968 3382 regionem,
1012 3321 1228 3385 capiunt
1270 3323 1422 3374 hodie
1461 3325 1566 3374 An·

510 3397 705 3457 striam,
729 3397 965 3447 Bavariae
984 3400 1368 3469 Tirolensisque
1393 3406 1563 3456 Comi·

510 3479 653 3523 tatus
679 3481 898 3536 partem,
919 3478 1016 3526 διο.

576 3551 601 3585 d
631 3552 981 3616 Macedoniam]
1034 3553 1095 3603 In
1142 3555 1285 3606 Julio
1329 3572 1446 3622 cap.
1484 3563 1568 3611 35.

509 3629 665 3679 Hanc
689 3630 1025 3679 Occidentem
1053 3646 1249 3694 versus,
1287 3634 1434 3683 Drilo
1470 3634 1566 3686 flu-

509 3704 641 3768 vius,
675 3720 825 3770 quem
863 3705 949 3754 alii
973 3699 1149 3769 Drino,
1176 3709 1261 3757 alii
1290 3712 1336 3759 la
1359 3711 1567 3771 Boiano,

508 3781 664 3831 hodie
710 3780 912 3844 dicunt,
961 3790 1171 3844 separat
1215 3784 1279 3833 ab
1336 3786 1566 3851 Illyrico,

502 3857 658 3921 juxta
692 3856 987 3907 Cluverium
1027 3858 1113 3909 lib.
1140 3872 1222 3908 ιν.
1255 3876 1369 3926 cap.
1398 3868 1446 3914 4.
1480 3864 1566 3913 In-

513 3933 651 3982 trod.
1139 3932 1144 3942 ’

577 4019 600 4065 †
636 4010 700 4059 A.
720 4010 787 4059 U.
810 4010 869 4059 C.
902 4014 1018 4061 762.

576 4093 599 4117 θ
636 4086 897 4140 Quintilius
920 4089 1098 4155 Varus]
1134 4090 1270 4142 Vide
1292 4094 1423 4158 Aug.
1450 4110 1565 4160 cap.

512 4166 595 4213 23.
629 4163 882 4212 Velleium
916 4165 1005 4217 lib.
1028 4182 1090 4218 11.
1116 4185 1231 4233 cap.
1258 4177 1369 4221 117.
1399 4175 1413 4201 ‘
1432 4176 1562 4223 Tan·

512 4245 624 4287 tum
662 4238 796 4301 quod
828 4240 1059 4298 ultimam
1086 4245 1404 4309 imposuerat
1426 4237 1565 4299 Pau·

512 4314 698 4364 nonico
719 4328 781 4365 ac
798 4316 1093 4371 Dalmatico
1110 4322 1248 4375 bello
1267 4325 1440 4379 Caesar
1458 4343 1563 4380 ma·

1644 2560 1777 2614 tanti
1801 2561 1973 2623 operis
1997 2558 2129 2620 dies,
2150 2557 2371 2611 funestae
2395 2571 2460 2603 ex
2486 2554 2700 2604 Germa-

1642 2638 1727 2685 nia
1751 2636 1987 2699 epistolae
2012 2634 2131 2683 caesi
2156 2632 2281 2682 Vari
2305 2631 2702 2692 trucidatarum·

1643 2729 1743 2777 que
1766 2713 2028 2776 legionum
2052 2710 2244 2773 trium,'
2263 2713 2361 2760 διο.

1708 2787 1726 2821 f
1742 2787 2032 2850 Pannoniis]
2057 2787 2169 2835 Hos
2194 2787 2327 2834 intra
2343 2784 2548 2849 Illyrici
2572 2784 2698 2836 fines

1644 2866 1863 2916 includit
1890 2865 2178 2929 Appianus,
2196 2873 2249 2913 et
2272 2862 2466 2912 Strabo
2489 2862 2582 2912 lib.
2602 2878 2700 2914 vn.

1641 2944 1694 2993 in
1716 2944 2033 2992 Dalmatiam
2074 2956 2230 3006 usqne
2252 2940 2506 2990 distentos
2529 2941 2702 3003 tradit,

1642 3020 1733 3070 sed
1755 3020 2026 3079 distentos,
2041 3033 2141 3067 non
2167 3018 2423 3079 inclusos;
2450 3025 2702 3082 perpetua

1641 3096 1833 3161 quippe
1856 3095 2107 3145 montium
2122 3095 2251 3160 juga
2274 3095 2488 3158 Illyrios
2514 3111 2546 3145 a
2570 3097 2703 3154 Pane

1641 3172 1810 3220 noniis
1829 3172 2258 3235 dirimunt,usque
2275 3172 2337 3220 ad
2357 3172 2486 3221 Unae
2508 3170 2703 3236 fonteS,

1643 3256 1801 3313 atque
1843 3248 1964 3298 inde
2001 3248 2158 3298 ducta
2193 3249 2330 3297 linea
2370 3249 2433 3297 ad
2481 3251 2700 3312 Dimari,

1642 3340 1780 3376 nunc
1815 3325 1945 3383 Lim,
1980 3334 2035 3375 et
2063 3325 2232 3387 Drini,
2255 3326 2336 3374 vel
2376 3326 2551 3377 Drinii
2584 3343 2699 3378 con-

1641 3401 1884 3453 fluentes.
2688 3457 2691 3460 Α

1709 3488 1734 3523 8
1768 3479 2092 3543 Pannonicus]
2127 3480 2305 3529 Ceteri
2348 3481 2698 3545 Imperatores

1645 3559 1952 3623 cognomina
1989 3574 2020 3606 a
2053 3558 2268 3628 devictis
2303 3558 2544 3624 gentibus
2583 3574 2698 3609 con·

1643 3642 1932 3698 gesserunt,
1987 3642 2047 3685 ut
2099 3634 2369 3690 Gothicus,
2434 3634 2699 3698 manicas,

1642 3711 1975 3774 Vandalicns,
1999 3714 2097 3761 διο.
2131 3720 2186 3760 et
2219 3721 2487 3761 crescente
2528 3712 2698 3764 adu1a÷

1647 3789 1808 3850 tione,
1827 3788 2077 3850 Invictus»,
2101 3788 2249 3849 Pius,
2281 3791 2377 3836 διο.
2414 3791 2697 3856 praesertim

1644 3866 1710 3915 ab
1746 3865 2012 3915 Antonino
2052 3864 2170 3927 Pio,
2200 3879 2261 3912 ac
2296 3863 2525 3929 denique
2562 3868 2697 3916 circa

1640 3942 1955 3994 Diocletiani
1982 3949 2233 4012 tempora,
2255 3941 2426 4006 Felix,
2446 3943 2693 4010 Inclytus,

1639 4023 1840 4082 Victor,
1855 4019 2025 4069 Trium
2033 4020 2235 4084 phetor,
2254 4020 2537 4083 Maximus,
2555 4023 2692 4071 Sem-

1646 4098 1898 4162 piternus.

1703 4174 1727 4208 ¹¹
1763 4174 2060 4238 Inter-cessit]
2086 4174 2216 4223 Hoc
2251 4180 2354 4238 est,
2393 4175 2689 4238 impedivit:

1641 4249 1870 4315 Augusti
1903 4250 2035 4317 enim
2076 4248 2379 4318 cognomine
2418 4250 2691 4315 insignien-

1645 4328 1740 4379 dus
1775 4334 1918 4391 erat;
1948 4327 2040 4378 sed
2072 4334 2190 4391 post
2213 4326 2438 4391 Augusti
2459 4336 2686 4394 mortem,
