3019 4922
2389 431 2515 497 107

328 602 518 666 quam
554 583 755 672 super
785 609 934 653 eum
972 589 1361 671 cingeretur,
1393 597 1463 653 et
1507 591 1776 673 quidem
1805 597 1829 627 ²
1874 590 2161 654 fluxiore
2194 590 2512 658 cinctura.

326 685 515 754 Unde
564 700 955 756 emanasse³
1006 692 1208 776 Syllae
1255 689 1533 769 dictum,
1582 693 1945 776 optimates
1998 692 2253 776 saepius
2286 693 2514 759 admo·

323 794 558 874 nentiS,
582 799 603 829 ‘
625 803 697 859 ut
724 796 899 859 male
932 796 1360 879 praecinctum
1387 815 1660 879 puerum
1683 804 1711 830 v
1741 792 2092 861 caverent?
2180 797 2340 879 [46.]
2370 799 2515 863 Ha-

323 894 563 960 bitavit
610 898 826 981 primo
878 900 945 964 in
994 898 1353 978 Suburam*
1401 899 1688 963 modicis
1740 898 2037 964 aedibus:
2084 906 2243 981 post
2282 909 2513 967 autem

321 998 826 1078 pontificatum*
887 1001 1247 1065 maximum
1308 1001 1372 1064 in
1431 1001 1637 1066 Sacra
1692 1002 1854 1066 via&
1915 1000 2118 1065 domo
2179 1001 2514 1085 publica.⁸

325 1090 850 1167 Munditiarum⁸
882 1103 1422 1188 lautitiarumque
1452 1101 2018 1168 studiosissimum
2062 1104 2258 1167 multi
2290 1108 2513 1187 prodi-

323 1201 588 1270 derunt:
617 1206 842 1271 villam
865 1203 941 1271 'in
978 1202 1422 1271 Nemorensib
1465 1226 1506 1270 a
1537 1205 1989 1272 fundamentis
2014 1213 2037 1254 ⁵
2084 1206 2515 1285 inchoatam,¹.=

1275 444 1609 495 sumus,-

1235 1371 1596 1391 000000000000

322 1495 372 1534 nt
407 1485 613 1548 placuit
653 1486 968 1550 cajeta—2
1006 1488 1072 1536 Et
1114 1490 1236 1550 quod
1281 1487 1562 1552 copem—3
1613 1488 1833 1539 Casaub.
1875 1504 2085 1538 manasse
2130 1490 2419 1554 substituit,
2459 1499 2513 1543 et

320 1555 498 1600 constat
559 1552 837 1600 tollendum
882 1552 1037 1613 jussit
1076 1561 1194 1615 post
1232 1553 1354 1617 Syn.
1396 1555 1530 1618 quod
1569 1555 1906 1618 pretulerant
1936 1556 2106 1606 Periz.
2132 1557 2276 1607 Med.
2309 1563 2354 1606 1.
2379 1558 2512 1608 Edd.

326 1617 461 1665 Rom.
504 1616 669 1678 Lugd.
691 1617 842 1668 Junt.
869 1616 984 1666 Ala.
1017 1618 1136 1669 Bas,
1162 1626 1355 1682 poster.
1380 1629 1433 1668 et
1459 1621 1774 1668 recentiores
1808 1621 2155 1684 ,πεύκη-4
2191 1622 2277 1671 Sic
2304 1624 2514 1673 rescribi

312 1680 581 1743 jusserunt
604 1682 822 1733 casaub.
848 1683 1026 1731 Burm.
1051 1683 1189 1734 Oud.
1209 1699 1273 1733 ex
1291 1683 1442 1734 codd.
1466 1692 1518 1733 et
1537 1683 1808 1746 lapidibus,
1825 1699 1926 1732 non
1950 1684 2160 1734 Saburra
2183 1695 2238 1736 ut
2259 1688 2309 1736 in
2335 1688 2514 1752 vulga-

322 1747 398 1796 tis.
463 1746 656 1796 Sabura
696 1748 843 1797 Plan.
890 1748 1126 1812 etfl'orr.
1169 1749 1398 1799 Edd.--6
1433 1748 1479 1799 A
1505 1748 1820 1808 suntdamento
1865 1750 2021 1799 Fouc.
2074 1752 2197 1800 Mox
2246 1752 2515 1803 incohatam

317 1813 586 1876 scripsisse,
630 1813 932 1863 Suetonium
975 1821 1196 1863 testatur
1235 1814 1473 1865 Diomed.
1518 1815 1748 1864 Gramm.
1786 1816 1820 1864 l.
1861 1829 1897 1865 1.
1947 1821 2001 1865 et
2047 1815 2123 1864 ita
2161 1817 2336 1867 Periz.
2381 1818 2514 1872 Veu.

322 1883 438 1941 tres,
496 1878 626 1928 Bon.
693 1879 796 1929 Sed
834 1894 932 1929 non
963 1884 1167 1930 constat
1201 1879 1334 1929 inter
1366 1881 1740 1944 grammaticos.
1808 1881 1874 1929 V.
1908 1880 2043 1945 Aug.
2076 1896 2191 1945 cap.
2232 1886 2309 1932 17.
2342 1886 2424 1946 9⁷1·
2461 1891 2516 1933 et

1323 2028 1368 2078 N
1379 2027 1542 2078 OTAE

1524 2131 1555 2156 ⁸⁷
1590 2122 1805 2187 Subura]
1845 2122 2003 2173 Urbis
2036 2123 2176 2173 vicus
2199 2131 2297 2186 est,
2318 2125 2384 2174 de
2408 2140 2513 2190 qno

1458 2201 1710 2251 Horatius
1751 2200 1920 2264 Epod.
1961 2214 2012 2251 v.
2079 2205 2094 2228 ⁸
2126 2201 2331 2263 Senem,
2376 2202 2513 2265 quod

322 2121 529 2176 mitrae.'
592 2123 833 2174 Romanis
859 2130 1029 2176 autem
1056 2126 1240 2176 tunicis
1273 2140 1376 2176 non

321 2198 410 2249 nisi
446 2200 710 2264 longiores
743 2205 968 2253 manicas
1010 2204 1196 2268 probro
1219 2202 1378 2253 fuisse

322 2285 528 2339 aperte,
553 2277 602 2325 ni
633 2275 802 2341 fallor,
822 2280 1018 2330 indicat
1049 2281 1248 2330 Gellius
1285 2281 1374 2331 lib.

325 2366 425 2404 vu.
448 2356 666 2417 cap.12.
712 2357 727 2383 ⁴
750 2355 954 2405 'Punicis
974 2357 1046 2405 uti
1073 2359 1232 2405 virum
1260 2371 1375 2421 pro-

321 2429 433 2481 lixis
459 2431 599 2480 ultra
623 2430 828 2483 brachia
853 2440 906 2484 et
938 2448 1095 2498 usque
1119 2434 1170 2483 in
1191 2434 1376 2499 primo·

324 2521 401 2556 res
415 2521 617 2565 manus,
638 2523 698 2557 ac
721 2523 885 2573 prope
904 2510 954 2558 in
972 2509 1179 2574 digitos,
1196 2510 1375 2560 Romae

323 2591 474 2649 atque
497 2586 636 2634 omni
659 2585 710 2634 in
746 2585 896 2635 Latio
934 2585 1230 2636 indecorum
1249 2584 1378 2648 fuit3

323 2674 406 2709 eas
442 2660 649 2711 tunicas
694 2662 859 2711 nostri
904 2661 1091 2711 Graeco
1125 2661 1377 2711 vocabulo

323 2735 615 2786 Chiridotss
640 2737 1030 2801 appellaverunt
1047 2736 1079 2799 3’
1104 2738 1287 2803 quibus
1310 2737 1377 2786 de

321 2812 572 2863 industria
595 2814 774 2864 Caesar
792 2829 910 2864 usus
926 2815 1134 2865 videtur
1158 2822 1212 2863 ut
1238 2830 1378 2865 suam

321 2904 351 2938 a
372 2888 688 2954 Phrygibus,
718 2888 815 2940 hoc
839 2898 934 2954 est,
951 2890 1201 2956 Trojauis‚
1224 2891 1375 2955 origi·

322 2981 437 3016 nem
469 2974 776 3020 ostentaret.
823 2967 899 3018 Ut
929 2983 1085 3033 supra
1107 2983 1223 3032 cap.
1246 2973 1294 3018 6.
1323 2976 1377 3020 et

321 3042 454 3093 infra
476 3059 524 3095 c.
547 3048 629 3094 49.

384 3127 408 3152 v
440 3120 574 3170 Male
614 3121 921 3185 proecinctum
954 3121 1171 3187 puerum]
1221 3121 1378 3172 Patet

321 3198 417 3248 boc
439 3198 590 3247 etiarn
614 3198 708 3262 ipsi
734 3199 1019 3262 peculiare,
1048 3204 1100 3248 et
1122 3198 1216 3248 hac
1250 3212 1375 3263 quo·

323 3289 422 3338 qne
449 3274 685 3324 cinctura
711 3275 986 3325 notabilem
1002 3273 1186 3337 fnisse,
1211 3289 1378 3340 eaque

317 3353 420 3416 jam
443 3351 562 3400 iude
587 3360 618 3400 a·
636 3352 828 3399 teneris
852 3350 922 3399 ita
948 3351 1173 3399 cinctum
1206 3351 1379 3400 Caesa-

324 3441 462 3488 rem;
515 3426 651 3475 idern
692 3426 827 3475 enim
878 3426 1033 3475 babet
1083 3426 1379 3476 Macrobius

324 3503 417 3553 lib.
443 3515 505 3553 11.
529 3518 646 3566 cap.
670 3506 719 3551 3.
745 3503 881 3567 quod
924 3510 1090 3551 toturn
1126 3502 1193 3551 tle
1229 3503 1379 3551 Cice-

323 3579 464 3631 ronis
489 3580 624 3643 jocis
661 3586 759 3641 est,
794 3587 850 3630 et
881 3581 986 3629 Dio
1021 3580 1112 3630 lib.
1141 3592 1299 3629 xmn.
1324 3590 1380 3630 et

324 3671 427 3721 qua
449 3656 677 3707 cinctura
692 3656 931 3705 consulto
955 3668 1101 3704 usum
1119 3655 1379 3719 suspican-

325 3741 411 3782 tur
445 3740 501 3783 ut
537 3734 633 3783 lrac
672 3732 907 3782 mollitiei
940 3732 1116 3796 specie
1156 3732 1377 3781 animum

324 3807 630 3859 occultaret.
695 3807 850 3857 Unde
874 3807 1058 3857 Cicero
1096 3808 1380 3871 interroga·

325 3891 409 3934 tus
433 3884 593 3934 curin
629 3874 886 3934 electione
927 3884 1089 3947 partis
1124 3892 1378 3947 errasset3

321 3958 340 3989 ³
356 3958 753 4022 Proecinctura,'
785 3960 971 4025 inquit,
991 3961 1006 3989 ‘
1028 3972 1107 4007 me
1130 3958 1320 4012 fefellit
1337 3960 1380 4024 ;’

315 4037 538 4101 jocatus·
561 4036 612 4084 in
656 4035 937 4097 Caesarem,
972 4042 1030 4085 ut
1072 4034 1227 4086 babet
1263 4037 1379 4088 loco

323 4109 530 4163 laudato
551 4111 868 4161 Macrobius.
935 4111 1018 4161 An
1052 4124 1173 4162 vero
1206 4119 1375 4176 togam

324 4190 505 4252 ipsam,
544 4203 608 4238 an
647 4188 962 4253 suppositam
1007 4188 1083 4237 illi
1132 4189 1377 4253 tunicam,

325 4263 532 4324 cingere
549 4264 701 4313 moris
715 4269 873 4326 esset,
894 4264 1095 4327 longius
1121 4273 1202 4315 est
1225 4280 1375 4331 quam

324 4346 386 4389 nt
410 4338 567 4401 possit
587 4339 685 4391 hoc
708 4340 824 4390 loeo
849 4339 1118 4404 disputari.

1458 2293 1637 2327 omnes
1684 2276 1906 2339 rideant,
1945 2277 2253 2340 adulterum,
2297 2279 2515 2329 Latrent

1458 2355 1742 2404 Suburanae
1800 2352 1988 2403 canes!
2052 2354 2178 2403 Erat
2228 2359 2283 2403 et
2325 2354 2512 2406 Tribus

1457 2432 1725 2482 Suburana
1746 2431 2105 2496 celeberrima,
2136 2429 2200 2480 de
2230 2445 2330 2496 qua
2346 2431 2513 2482 Varro

1459 2521 1537 2558 ιν.
1561 2507 1626 2556 de
1651 2509 1709 2557 L.
1734 2508 1794 2556 L.
1819 2510 1918 2556 &m

1458 2614 1464 2621 ·
1520 2589 1547 2616 ¹
1581 2584 1946 2649 Pontificatum]
1980 2584 2067 2634 De
2101 2597 2202 2648 quo
2221 2597 2378 2646 supra
2399 2597 2515 2647 cap.

1460 2665 1539 2711 13.
2361 2665 2365 2669 ’
2517 2660 2521 2666 ’

1522 2745 1542 2779 5
1578 2737 1730 2787 Sacra
1757 2736 1861 2799 via]
1894 2735 1979 2785 Sic
2002 2734 2194 2784 dictam
2219 2736 2399 2786 volunt
2430 2737 2514 2786 vel

1457 2813 1595 2878 quod
1621 2814 1671 2862 in
1696 2827 1759 2862 ea
1784 2813 2053 2861 Romulum
2076 2812 2208 2861 inter
2231 2817 2284 2861 et
2303 2812 2513 2862 Tatium

1458 2888 1626 2939 foedus
1665 2889 1823 2939 ictum
1859 2896 1955 2943 est,
1994 2889 2074 2938 vel
2113 2887 2248 2954 quod
2285 2902 2513 2952 peream

1458 2966 1725 3030 praecipue
1750 2965 2022 3015 Circenses
2047 2979 2250 3029 pompae
2274 2964 2515 3015 traduce-

1459 3049 1653 3093 rentur.

1522 3128 1543 3153 ⁸
1574 3120 1727 3170 Domo
1743 3116 1950 3183 publica]
1975 3117 2091 3168 Non
2107 3117 2244 3168 enim
2261 3118 2358 3167 alia
2375 3117 2516 3168 Pou-

1458 3196 1650 3248 titicem
1674 3197 1909 3247 babitare
1930 3192 2011 3244 fas
2034 3201 2165 3244 erat.

1520 3282 1545 3309 ²
1581 3272 1956 3336 Munditiarum]
1979 3271 2039 3320 In
2057 3271 2390 3336 habitatione,-
2415 3272 2515 3322 sic·

1458 3358 1515 3401 ut
1537 3360 1588 3400 et
1606 3351 1921 3400 lautitiarum
1947 3349 1998 3397 in
2019 3349 2285 3397 conviviis.

1519 3425 1544 3460 b
1580 3425 1881 3489 Nemorensi]
1901 3425 2014 3475 Hoc
2034 3433 2135 3488 est,
2153 3423 2395 3474 Aricino:
2424 3438 2515 3475 ne-

1456 3520 1567 3554 mus
1601 3505 1736 3553 enim
1785 3503 2080 3568 appellatur
2124 3503 2268 3551 lucus
2307 3502 2513 3567 quidam

1457 3594 1621 3644 prope
1663 3578 1886 3628 Ariciam
1923 3578 1977 3627 in
2015 3576 2200 3627 Latioz
2238 3577 2372 3625 unde
2406 3577 2514 3626 Ne-

1457 3654 1709 3705 morensis
1733 3667 1859 3717 ager
1889 3658 1945 3701 et
1975 3651 2279 3716 lacus,.qui,
2297 3658 2518 3716 propter

1458 3726 1827 3790 am‘oenltatem,
1848 3728 2036 3779 Dianae
2050 3729 2313 3791 speculum
2335 3729 2517 3794 appel-

1457 3809 1594 3858 latus
1625 3813 1722 3856 est.
1788 3802 2072 3854 Sabellicus
2108 3803 2182 3852 alt
2204 3802 2394 3855 ibidem
2424 3820 2515 3873 op·

1460 3883 1636 3947 pidum
1673 3880 1835 3930 adbuc
1873 3886 2054 3928 extare
2089 3880 2255 3929 veteri
2286 3881 2515 3945 appella·

1461 3958 1600 4007 tione
1617 3956 1812 4006 dictum
1837 3955 2036 4016 Nemus,
2050 3954 2276 4020 quinque
2304 3955 2368 4006 ab
2387 3957 2513 4008 urbe

1457 4032 1619 4083 leucis
1641 4030 1896 4080 dissitum.

1522 4116 1544 4142 ⁶
1578 4107 1876 4171 Inchoatam]
1912 4104 2129 4156 Variant
2160 4104 2210 4155 in
2244 4105 2393 4168 hujus
2427 4121 2516 4156 vo-

1457 4182 1537 4232 cis
1556 4181 1955 4247 orthographia:
1991 4182 2078 4232 alii
2112 4182 2248 4231 enim
2279 4181 2513 4231 scribunt

1456 4259 1637 4323 inculto,
1659 4260 1744 4309 alii
1764 4258 1942 4309 inchoo.
