3019 4922
513 399 645 467 318

515 561 851 646 ingenium
880 558 1216 625 sordidum
1234 558 1258 597 ⁸
1280 566 1309 604 ¹
1337 578 1418 624 ac
1442 559 1635 623 ferox
1663 557 2516 645 abdicavitf‘seposuitque
2533 560 2705 625 ‘S‘ur-

512 671 827 732 rentum.⁸
911 661 1278 746 Aliquanto
1307 670 1531 727 autem
1555 663 1924 747 patientius
1944 671 2244 742 mortem,
2269 683 2471 747 quam
2505 663 2707 728 dede-

514 787 1007 846 cora-suorum,
1060 766 1234 831 tulit.
1279 824 1285 832 ,
1327 765 1507 831 Nam
1565 765 1715 831 Caii
1759 765 2086 850 Luciique
2130 787 2295 832 casu
2339 787 2470 834 non
2531 767 2703 832 adeo

484 871 781 954 tractus»,
795 872 877 935 de
900 870 1039 935 filia
1053 879 1082 922 ⁹
1111 864 1357 934 absens
1379 889 1462 935 ac
1482 870 1742 947 libello,
1767 889 1896 953 per*
1919 869 2382 949 Quaestoremb.
2396 870 2703 947 recitato,

509 983 742 1040 notum
773 973 1044 1039 Senatui
1061 973 1258 1053 fecit3
1290 973 1740 1058 abstinuitque
1767 992 2126 1055 congressu
2150 973 2489 1038 hominum
2521 973 2704 1039 diu¹⁰

510 1098 651 1162 prae
682 1077 964 1161 pudore,·
990 1076 1196 1141 etiam
1227 1077 1314 1142 de
1340 1067 1643 1142 necanda
1672 1076 2083 1141 deliberavit.
2174 1077 2364 1141 Certe
2387 1077 2701 1144 cumsub
2791 1127 2798 1140 ,

505 1180 683 1245 idem
729 1186 994 1263 tempus
1051 1200 1187 1244 una
1231 1199 1318 1244 ex
1371 1182 1661 1245 consciis
1707 1180 1966 1256 liberta,
2012 1179 2276 1245 Phoebe
2300 1187 2320 1218 ¹
2344 1189 2367 1217 0
2411 1180 2702 1256 nomine,

507 1283 868 1366 suspendio
900 1284 1127 1347 vitam'
1154 1283 1439 1364 finisset,
1483 1288 1503 1317 ‘
1529 1282 1860 1348 Maluisse
1890 1283 2005 1363 se‚'
2037 1283 2162 1361 ait,‘
2198 1287 2219 1316 ‘
2243 1282 2704 1364 Phoebespa·

507 1394 677 1451 trem
705 1384 952 1450 fuisse!
1029 1386 1373 1470 Relegatae
1412 1407 1607 1452 usum
1634 1386 1796 1463 vini,
1824 1405 2217 1469 omnemque
2240 1383 2701 1449 delicatiorem

508 1490 771 1557 cultum
797 1490 1084 1556 ademit:
1126 1510 1341 1574 neque
1394 1491 1570 1556 adiri
1622 1510 1665 1555 a
1718 1490 2085 1574 quopiam²
2143 1488 2356 1572 libero
2400 1495 2701 1565 servove,

1370 413 1433 463 0.
1480 412 1572 462 SU
1585 413 1842 463 ETONII

1419 1640 1747 1662 “HOMO“
1753 1640 1781 1660 O

505 1741 747 1802 Ceterum
768 1739 821 1789 in
842 1740 1066 1791 Massilia
1087 1740 1278 1791 liabent
1294 1741 1448 1791 Vind.
1472 1746 1521 1792 2.
1547 1741 1795 1792 Hnls.-8
1827 1739 2100 1790 Scor-datum
2129 1738 2403 1802 legendum
2423 1737 2700 1801 judicabat

505 1805 662 1854 Salm.
687 1807 936 1870 probante
960 1806 1165 1855 Ruhnk.
1187 1807 1409 1857 stolidum
1429 1809 1513 1857 vel
1535 1808 1779 1857 horridum
1796 1805 2020 1855 malebat
2040 1804 2260 1855 Casaub.
2284 1803 2492 1852 favente
2513 1802 2699 1852 Heius.

503 1871 626 1919 nihil
648 1878 818 1920 tamen
844 1872 1141 1920 mutandum
1165 1880 1402 1922 statuunt
1421 1873 1590 1922 Boxh.
1614 1872 1738 1921 Ern.
1762 1871 1902 1920 Ond.
1927 1879 1980 1922 et
2003 1871 2224 1933 Baumg.
2258 1870 2423 1918 Panlo
2443 1874 2562 1917 ante
2587 1882 2701 1917 voe.

503 1935 629 1984 brevi
650 1951 751 1985 non
775 1938 1007 1998 agnoscit
1031 1938 1173 1986 Cort.
1220 1939 1346 1986 Mox
1362 1939 1613 2003 aliquando
1635 1938 1780 1988 Cort.
1802 1936 1950 1986 Cald.
1973 1937 2214 1999 aliquanto
2247 1935 2389 1983 etiam
2406 1933 2559 1982 Vind.
2580 1937 2701 1982 2.-

500 2005 533 2049 9
573 2001 745 2050 Factus
763 2001 942 2065 defilia
965 2017 1056 2052 sen
1079 2004 1138 2051 de
1143 2002 1271 2067 filioe
1296 2003 1424 2053 Exc.
1449 2003 1567 2067 Cuj.
1605 2002 1654 2052 A
1670 2001 1867 2053 Medic.
1891 2006 1935 2049 l.
1959 2002 2136 2050 exulat
2157 2004 2361 2048 aon—10
2396 2000 2513 2049 Non
2538 2013 2700 2061 appa·

501 2072 581 2113 ret
604 2067 687 2114 diu
710 2067 761 2114 in
790 2066 1019 2116 Harlem.
1075 2068 1215 2116 Dein
1239 2068 1398 2116 Vind.
1427 2073 1472 2116 1.
1495 2070 1701 2117 necanda
1720 2070 1888 2118 εει-1
1924 2066 2060 2115 Haec
2088 2064 2382 2115 emendatio
2406 2063 2575 2112 Pnlnn.
2599 2071 2702 2125 est,

499 2136 558 2177 nt
578 2137 631 2178 et
656 2145 774 2180 mox
798 2131 1016 2189 Phoebes,
1034 2147 1185 2194 quani
1211 2147 1273 2180 ex
1302 2133 1480 2181 Diouis
1503 2132 1593 2181 lib.
1615 2146 1702 2182 nv.
1726 2131 1789 2181 ad
1815 2141 1984 2195 marg.
2013 2129 2107 2179 Ed.
2130 2130 2304 2179 Dolet.
2328 2129 2504 2178 allevit
2537 2128 2698 2178 etiam

501 2192 726 2255 Giphan.
765 2195 961 2245 Omnes
998 2198 1127 2247 Mss.
1161 2205 1215 2246 et
1251 2197 1385 2247 Edd.
1422 2198 1571 2247 Vett.
1606 2199 1733 2246 dant
1757 2197 1885 2247 Fede
1921 2204 1975 2244 et
2012 2197 2161 2247 Fedes
2198 2195 2281 2243 vel
2308 2195 2439 2244 Foed.
2492 2193 2556 2242 In
2578 2194 2696 2243 Pal.

503 2258 628 2308 trib.
653 2260 809 2308 Foeaoe
849 2275 938 2309 seu
973 2262 1140 2311 Pedoe.
1181 2262 1377 2311 Medic.
1399 2267 1447 2313 3.
1485 2263 1713 2312 secundo
1750 2262 1863 2311 loco
1888 2262 2047 2311 Foede.
2096 2261 2157 2310 In
2199 2261 2327 2323 Cop.
2354 2258 2695 2323 superscript.

498 2322 664 2373 Poene.
703 2325 838 2373 Dein
862 2327 1067 2389 nomine,
1089 2342 1202 2376 cum
1227 2327 1416 2377 omnib.
1439 2328 1546 2376 suis
1567 2327 1719 2376 codd.
1743 2326 1968 2389 abesset,
1991 2325 2184 2388 abjecit
2210 2326 2363 2375 Grut.
2396 2339 2490 2374 nec
2514 2338 2696 2384 agnos·

499 2396 628 2436 cunt
651 2389 893 2454 Medicei,
916 2391 1070 2439 Vind.
1092 2395 1140 2441 1.
1167 2392 1286 2441 Pin.
1314 2393 1426 2456 Cuj.
1464 2394 1611 2442 VosS.
1648 2391 1781 2441 Edd.
1803 2392 1936 2441 Ven.
1972 2399 2095 2451 tres,
2128 2390 2250 2453 Arg.
2288 2390 2505 2439 Medici.
2545 2388 2693 2438 Cald.

497 2452 626 2517 Arg.
664 2460 720 2504 et
752 2454 901 2506 Jnnt.
934 2457 1068 2505 unde
1099 2457 1173 2508 sic
1210 2457 1490 2522 distinguit
1530 2457 1669 2509 Oud.
1695 2473 1787 2507 una
1809 2472 1871 2506 ea·
1897 2456 2109 2518 consciis,
2134 2455 2304 2505 liberta
2321 2454 2613 2505 Phoebe—2
2645 2454 2692 2504 A

497 2534 727 2584 quoquam
747 2521 911 2571 edidit
931 2522 1070 2572 Oud.
1093 2538 1156 2572 ex
1191 2524 1324 2575 Mss.
1354 2525 1493 2591 quod
1515 2525 1645 2575 sciat
1668 2522 1924 2588 omnibus,
1942 2530 2167 2586 excepto
2185 2522 2397 2571 Memm.
2419 2527 2473 2571 et
2499 2535 2565 2570 ex
2586 2520 2699 2570 edi-

1489 2659 1703 2710 NOTAE

493 2766 589 2820 lias
608 2786 630 2846 ².
650 2771 759 2835 ejus
775 2779 945 2824 autem
968 2774 1278 2827 conditionis
1297 2790 1552 2841 personae,

493 2845 592 2909 nisi
627 2860 878 2897 consensu
913 2853 1091 2915 populi
1125 2859 1180 2901 et
1210 2867 1381 2903 coram
1411 2852 1552 2901 Pon-

494 2922 744 2986 tificibus,
758 2925 808 2974 in
824 2927 1036 2977 alterius
1050 2936 1361 2992 potestatem
1386 2935 1550 2979 trans·

492 2996 568 3049 ire
619 3016 722 3050 nou
773 3004 1226 3067 permittebantur.
1314 3005 1549 3072 Haecque

492 3075 783 3145 adoptionis
816 3080 1016 3142 species
1045 3083 1253 3145 propria
1276 3082 1548 3146 appellati-

498 3165 598 3200 one
620 3151 893 3201 dicebatur
916 3158 1191 3218 arrogatio.

555 3235 579 3271 5
613 3227 884 3292 Sordidum]
921 3231 1072 3293 Legit
1096 3232 1427 3282 casaubonus
1449 3239 1547 3282 sto-

488 3303 639 3373 lidum
675 3319 732 3353 ac
754 3305 937 3363 ferox:
971 3313 1076 3356 tum
1114 3308 1236 3372 quia
1270 3322 1368 3358 non
1394 3316 1547 3372 putat

489 3380 670 3430 sordes
681 3395 769 3430 eas
783 3397 897 3432 esse
911 3385 1374 3450 potuisse,qnarum
1385 3401 1546 3435 cansa

491 3465 665 3510 tantas
683 3459 785 3508 iras
806 3460 1107 3526 conciperet
1126 3481 1142 3525 3
1177 3462 1382 3527 (verum
1401 3463 1548 3527 quid-

486 3535 542 3584 ni
582 3544 687 3585 tam
728 3537 908 3586 sordes
952 3554 1105 3603 quam
1142 3539 1399 3590 stoliditas
1434 3541 1548 3590 illas

489 3612 724 3662 excitent
748 3611 794 3677 ?)
830 3620 947 3674 tum
991 3615 1113 3678 quia
1145 3615 1311 3665 Tacit.
1354 3616 1545 3667 Annal.

486 3701 527 3737 ι.
566 3688 848 3752 Agrippam
884 3690 1028 3739 illum
1063 3689 1191 3740 dicit
1227 3692 1435 3742 ‘rudem
1459 3694 1547 3743 bo·

488 3778 670 3827 narum
688 3769 894 3827 artium,
913 3772 969 3815 et
985 3766 1169 3816 robore
1187 3769 1415 3832 corporis
1439 3777 1545 3819 sto-

488 3838 592 3890 lide
625 3839 889 3891 ferocem.'
950 3842 1228 3893 Salmasius
1252 3858 1318 3893 ex
1343 3860 1433 3895 suo
1458 3860 1544 3896 co·

488 3910 604 3966 dice
628 3916 882 3980 probabat
903 3920 1183 3983 scordalum,
1219 3919 1354 3983 quod
1377 3928 1433 3972 et
1452 3936 1545 3987 op·

490 3991 613 4041 time
638 3992 865 4042 dixeris:
891 4004 974 4044 est
996 3995 1127 4045 enim
1152 3997 1340 4048 audax.

552 4073 574 4099 ⁸
605 4066 882 4132 Abdicauit]
920 4068 967 4118 A
990 4072 1135 4123 bonis
1158 4074 1262 4124 suis
1280 4076 1471 4126 amovit
1488 4082 1547 4126 et

490 4142 854 4194 exhaeredavit.
902 4147 1251 4201 Quintilianus
1274 4152 1327 4202 in
1357 4155 1542 4204 Decla-

487 4225 615 4269 mat.
644 4220 660 4246 ⁸
683 4219 766 4267 lex
783 4220 1120 4274 abdicationis
1146 4228 1392 4280 adversus
1408 4229 1543 4283 fero·

489 4294 622 4375 eiam
646 4293 867 4348 filiorum
891 4301 1173 4351 constituta
1195 4303 1311 4356 est.'

1694 2781 1720 2808 ⁸
1753 2772 2057 2836 Surrentum]
2099 2772 2162 2821 In
2188 2768 2503 2834 Campania:
2539 2767 2694 2818 hodie

1630 2850 1876 2901 Sor-rento.

1693 2927 1719 2962 b
1755 2923 2071 2988 Quoestorem]
2104 2925 2158 2974 Is
2187 2939 2254 2974 ex
2288 2938 2463 2973 eornm
2497 2936 2696 2986 genere

1630 3004 1747 3068 fnit,
1791 3003 1879 3071 qui
1936 3002 2201 3054 candidati
2259 3000 2507 3064 principis
2563 2999 2695 3051 dicti

1630 3091 1767 3141 sunt,
1790 3098 2007 3150 quorum
2043 3097 2201 3147 opera
2231 3082 2283 3130 in
2320 3082 2522 3146 libellis,
2549 3080 2696 3131 aliiae

1629 3175 1729 3227 que
1751 3160 1998 3224 ejusmodi
2022 3160 2073 3208 in
2094 3159 2288 3208 Senatu
2319 3156 2695 3220 significandis,

1631 3238 1892 3303 principes
1929 3245 2050 3301 post
2080 3250 2310 3285 eversam
2350 3236 2536 3298 Remp.
2575 3242 2694 3284 nte·

1629 3315 1839 3366 bantur.
1908 3315 2077 3377 Idem,
2111 3313 2243 3378 quod
2277 3313 2358 3361 hic
2392 3312 2692 3370 Suetonius,

1625 3392 1784 3442 habet
1801 3392 2002 3441 Seneca
2024 3390 2112 3439 lib.
2132 3403 2208 3439 vr.
2230 3388 2296 3437 de
2320 3386 2550 3437 Benefic.
2572 3402 2692 3450 cap.

1626 3472 1710 3519 32.
1744 3466 1761 3494 ‘
1785 3467 1853 3516 D.
1886 3465 2146 3529 Augustus
2177 3464 2333 3514 filiam
2367 3466 2504 3514 intra
2538 3464 2689 3529 pudi-

1625 3545 1764 3593 citiae
1788 3541 2121 3592 maledictum
2154 3541 2463 3604 impudicam
2486 3540 2690 3605 relega·

1626 3620 1723 3684 vit,
1760 3627 1817 3669 et
1852 3616 2052 3682 flagitia
2087 3616 2383 3681 principalis
2417 3615 2600 3665 domus
2635 3616 2687 3665 in

1628 3694 1891 3759 publicum
1916 3688 2240 3755 emisit,’.&c.
2309 3693 2379 3741 Et
2412 3692 2525 3742 haec
2554 3707 2689 3757 prae·

1623 3777 1768 3821 terea
1787 3787 1800 3820 :
1824 3771 1840 3797 ‘
1856 3769 2063 3820 Deinde
2082 3782 2218 3830 cum,
2233 3769 2544 3831 interposito
2561 3778 2688 3820 tem·

1624 3863 1771 3913 pore,
1793 3834 1843 3898 in
1870 3849 2033 3898 locum
2056 3847 2147 3897 irae
2172 3847 2417 3897 subiisset
2442 3863 2687 3898 verecun-

1623 3926 1731 3988 dia,
1776 3939 1984 3991 gemens
2024 3925 2164 3990 quod
2209 3940 2310 3974 non
2349 3925 2443 3974 illa
2480 3926 2684 3976 silentio

1624 4001 1919 4065 pressisset,
1952 4004 2053 4050 διο.
2074 4001 2421 4051 exclamavit:
2481 4002 2682 4052 Horum

1626 4078 1746 4127 mihi
1770 4077 1897 4126 nihil
1918 4076 2207 4134 accidisset,
2246 4077 2291 4126 si
2318 4083 2407 4128 aut
2430 4077 2685 4145 Agrippa,

1626 4161 1717 4205 aut
1737 4154 2006 4203 Maecenas
2037 4150 2280 4203 vixisset?

1688 4239 1710 4266 ⁶
1745 4229 1945 4294 Phoebe]
1970 4230 2213 4292 Vulgatae
2230 4229 2484 4279 editiones
2500 4238 2556 4281 et
2575 4231 2681 4298 qui·-

1626 4308 1745 4360 dam
1765 4307 2040 4367 Mss.soede
2064 4306 2285 4366 etfoedes
2306 4306 2524 4359 habent.
