3019 4922
1218 356 1613 406 oc‘rAvms.
1660 332 1669 335 “
2374 355 2501 419 367

339 491 814 577 ‘pullejaceum
833 493 882 576 ς’
926 500 993 560 et
1014 516 1134 580 pro
1156 500 1394 564 cerrito
1415 508 1438 547 5
1457 502 1475 535 ἲ
1503 507 1524 535 ‘
1542 522 1954 569 vacerrosum
1975 503 2023 588 ς’
2043 515 2069 541 “
2101 515 2168 575 et
2196 513 2216 542 ‘
2239 513 2503 594 vapidev

1239 681 1508 703 ‘Omeaeaee
1516 684 1603 703 ‘O‘

333 790 460 851 Cop.
480 789 628 840 Huls,
649 793 869 868 membb.
888 795 1038 845 Torr.
1058 805 1111 845 et
1132 800 1350 850 Casaub.
1367 803 1503 863 quod
1523 803 1952 866 recepitTurneb.
1978 803 2109 855 Adv.
2130 806 2161 852 1.
2182 819 2335 857 xxw.
2359 823 2403 858 c.
2420 813 2499 859 15.

329 855 450 915 apud
465 857 643 916 pullum
664 872 769 905 sine
795 861 976 921 copula
1002 873 1245 913 exaratur
1268 867 1316 913 in
1342 867 1454 915 Pal.
1478 868 1597 916 trib.
1620 870 1775 917 Polit.
1794 870 1989 918 Medic.
2022 879 2084 918 tr.
2113 872 2264 919 Viud.
2284 878 2331 921 2.
2358 874 2502 923 Voss.

330 928 381 967 et
402 920 503 993 ,Bm
526 921 705 985 Camp.
728 929 775 971 et
794 938 878 985 pro
893 928 1071 988 pullum
1098 930 1238 979 Cort.
1256 931 1411 978 Vind.
1433 936 1477 980 l.
1506 934 1600 982 Ed.
1626 934 1770 981 Rom.
1798 949 1897 982 sec.
1921 941 1934 962 ‘
1961 934 2093 981 unde
2113 937 2280 983 nullus
2303 937 2501 999 dubito,

329 998 449 1045 quin
482 989 530 1059 et
555 1001 640 1048 pro
678 989 758 1034 vel
782 1004 895 1036 cuin
932 991 1151 1040 Casaub.
1174 1010 1229 1042 uc
1245 1011 1331 1058 pro
1349 998 1528 1058 pullum
1552 1005 1638 1045 aut
1673 998 1873 1060 puleium
1889 1001 2112 1059 τεχνικῶς
2133 1001 2198 1046 sit
2238 1002 2499 1051 scribend.

329 1062 421 1096 nec
459 1049 787 1125 hic-tantum,
819 1054 908 1101 sed
942 1064 997 1104 et
1031 1057 1080 1104 in
1105 1058 1307 1121 reliquis
1329 1062 1462 1110 stult.
1493 1063 1997 1112 cerrit.accnsativus
2035 1067 2099 1112 sit
2140 1066 2501 1126 reponendus.'

332 1112 456 1160 Oud.
514 1114 668 1162 Liber
686 1131 813 1165 unus
836 1120 984 1166 'roi-r.
998 1135 1081 1182 pro
1098 1123 1294 1184 pullum,
1310 1133 1363 1172 et
1381 1128 1715 1188 superscript.
1738 1128 1856 1175 alias
1873 1129 2095 1190 puleium,
2119 1129 2253 1176 unde
2277 1130 2500 1187 Langia·

328 1175 571 1251 censebat
593 1194 677 1241 pro
698 1182 849 1242 puleio
874 1186 1238 1244 reponendum,
1266 1189 1596 1250 probantibus
1619 1192 1757 1252 Lips.
1782 1200 1837 1239 et
1869 1194 2024 1241 Salm.
2058 1194 2199 1256 Apud
2221 1196 2345 1255 putto
2381 1195 2498 1258 Cuj.

327 1255 434 1289 sine
471 1247 533 1291 et.
589 1244 828 1293 Ceterum
849 1250 1166 1310 pullelactium
1188 1252 1380 1301 Medic.
1415 1260 1540 1315 tres,
1566 1256 1868 1317 pullieaceum
1893 1257 2043 1305 Viud.
2068 1263 2113 1305 l.
2133 1259 2425 1318 pullelacium
2450 1275 2498 1308 v.

324 1321 452 1354 ceum
474 1308 614 1356 Cort.
639 1310 791 1359 Fouc.
813 1312 981 1362 Periz.
1007 1315 1136 1361 Edd.
1163 1316 1308 1365 Rom.
1330 1320 1593 1380 pulluceum
1614 1319 1735 1369 Ald.
1760 1321 1937 1382 Steph.
1958 1321 2091 1384 quod
2116 1322 2321 1371 voluere
2345 1324 2500 1373 Salm.

327 1370 448 1420 Ern.
497 1373 671 1420 Burm.
703 1377 980 1436 pulleaceum
1004 1380 1081 1426 vel
1099 1382 1400 1441 pullulantium
1422 1383 1557 1446 conj.
1583 1392 1635 1432 et
1662 1385 1812 1432 aliter
1831 1386 2026 1434 alia—5
2046 1387 2228 1434 Territa
2252 1388 2378 1446 Mss.
2402 1387 2499 1435 Ca-

227 1466 232 1472 .
328 1435 470 1484 saub.
496 1436 739 1488 Nonnulli
772 1442 950 1505 scripti
985 1458 1045 1492 ac
1078 1444 1311 1508 impressi
1346 1462 1439 1512 per
1472 1450 1688 1513 simplex
1710 1465 1737 1497 r
1760 1450 1997 1514 praebent
2018 1452 2135 1500 cerie
2159 1458 2209 1500 et
2231 1466 2500 1501 vocer-os.—

1307 1627 1522 1677 NOTJE
1585 1626 1588 1630 ’

324 1716 434 1770 lum,
451 1728 480 1762 a
497 1714 682 1765 Graeco
702 1717 843 1779 βλὰξ,
869 1719 1003 1769 unde
1027 1721 1213 1771 Festus
1242 1723 1257 1750 ⁴
1281 1723 1371 1771 bli-

326 1798 430 1838 tum
449 1791 462 1811 '
493 1800 548 1840 et
575 1791 590 1818 ‘
609 1793 889 1843 blatetare’
914 1795 1140 1859 deducit,
1162 1799 1255 1845 hoc
1279 1806 1373 1861 est,

324 1867 480 1914 stulte
502 1875 557 1915 et
582 1870 864 1931 percupide
896 1871 1049 1935 loqui.
1116 1874 1370 1923 Casaubo-

324 1954 414 1989 nus
437 1942 664 1992 bateolum
699 1944 747 1992 in
787 1947 1015 2008 pluribus
1049 1951 1175 2013 legit
1199 1965 1372 2000 exem·

325 2018 570 2079 pleribus,
603 2028 657 2068 et
693 2021 896 2083 probat,
933 2031 991 2074 ut
1025 2025 1315 2077 deducatur
1341 2043 1372 2076 a

321 2092 499 2147 βάττος
535 2097 614 2144 vel
657 2095 888 2161 βάταλος,
937 2116 1051 2164 quae
1089 2117 1240 2152 voces
1276 2118 1370 2167 pro

320 2170 572 2220 dissoluto
597 2181 650 2221 et
673 2176 886 2224 remisso
915 2178 1154 2240 primum,
1180 2179 1370 2230 deinde

323 2259 412 2307 pro
436 2248 741 2310 voluptuoso
773 2251 924 2299 etiam
949 2262 1205 2317 usurpatae
1230 2264 1367 2306 sunt.

320 2323 513 2371 Verum
534 2325 646 2374 haec
674 2328 882 2376 stultum
916 2330 1065 2393 vulgo
1091 2346 1188 2379 non
1213 2333 1367 2396 signi-

321 2399 475 2450 ficant
490 2402 666 2451 z‘unde
682 2404 1007 2468 praeferenda
1027 2409 1230 2458 videtur
1253 2425 1367 2459 nos-

322 2485 399 2526 tra
424 2479 599 2541 lectio,
622 2488 728 2529 tum
750 2483 868 2546 quia
890 2485 1108 2547 plurium
1131 2487 1366 2537 codicum

319 2557 598 2605 auctoritas
620 2557 750 2607 hanc
782 2568 973 2618 tuetur,
1008 2571 1114 2611 tum
1140 2564 1255 2627 quia
1279 2563 1365 2611 de-

320 2631 436 2681 duci
463 2642 637 2696 potest
665 2651 694 2684 a
717 2634 945 2698 βάκηλος,
971 2653 1084 2702 quae
1110 2655 1208 2688 vox
1232 2641 1364 2689 idem

317 2709 571 2770 significat
607 2718 761 2776 atque
796 2713 938 2775 βλὰξ,
985 2714 1081 2764 hoc
1115 2725 1194 2765 est
1225 2718 1365 2765 stoli-

320 2784 439 2833 dum
485 2787 758 2850 hominem,
799 2792 1056 2853 supinum,
1101 2800 1155 2840 et
1198 2807 1368 2843 socor-

319 2863 457 2924 dem,
476 2868 575 2913 ἅτε.

381 2947 400 2971 ·
435 2941 536 2988 Pro
563 2942 713 3004 pullo]
748 2944 1081 2993 casaubonus
1117 2945 1167 2993 in
1190 2945 1367 3009 aliqui-

318 3013 433 3072 bus,
461 3025 515 3065 et
536 3017 831 3067 Torrentius
855 3019 905 3067 in
936 3034 1036 3067 uno
1064 3021 1243 3070 codice
1262 3022 1366 3084 pul-

317 3094 432 3152 lum,
469 3098 523 3141 et
557 3094 608 3141 in
645 3095 811 3143 tribus
846 3097 969 3157 apud
994 3098 1174 3158 pullum
1211 3097 1366 3160 legit:

318 3168 404 3216 alii
443 3168 647 3232 quidam
693 3171 865 3233 puleio,
911 3178 969 3219 ut
1015 3171 1303 3222 deducatur
1339 3189 1368 3223 a

320 3257 445 3291 voce
463 3244 688 3306 puleium,
711 3245 844 3309 quod
869 3247 1039 3295 herbae
1059 3262 1218 3309 genus
1232 3251 1367 3311 poul-

319 3321 430 3369 1i0t:
444 3322 701 3383 vulgatam
715 3329 884 3371 tamen
897 3337 1367 3388 servavere,quam-

318 3396 394 3444 vis
415 3411 501 3459 pro
518 3399 695 3459 pullum
718 3401 910 3462 optime
933 3399 1035 3447 dici
1057 3414 1202 3462 posse
1229 3401 1368 3450 vide-

320 3481 471 3532 atur;
506 3488 604 3536 quo
642 3488 762 3524 vero
787 3490 938 3524 sensu
966 3477 1157 3539 pullum
1182 3477 1369 3525 intelli-

319 3556 484 3610 geret,
507 3550 594 3596 vix
617 3558 697 3600 est
724 3559 783 3599 ut
812 3551 924 3614 quis
960 3552 1163 3600 eliciat:
1199 3552 1367 3615 pullus

318 3625 454 3672 enim
488 3624 554 3673 de
586 3626 854 3674 herbarum
879 3627 934 3675 et
957 3627 1171 3676 vestium
1196 3630 1368 3678 colore

318 3699 531 3761 dicitur,
557 3716 651 3764 pro
676 3717 776 3766 quo
800 3702 1134 3765 pullejaceum
1158 3703 1370 3767 dixerit,

317 3785 376 3825 ut
400 3777 695 3840 herbaceus,
724 3780 1049 3835 hederaceus,
1074 3780 1370 3844 miniaceus,

317 3854 419 3901 διο.
445 3860 502 3901 ut
526 3860 580 3901 et
603 3853 668 3900 de
691 3855 982 3903 animalium
1006 3856 1226 3904 omnium
1252 3872 1365 3920 par·

317 3929 473 3977 tubus
494 3942 672 3978 recens
691 3931 857 3978 editis.

381 4007 398 4035 ²
447 4004 657 4067 Cerrito]
703 4005 988 4054 Casauboni
1029 4005 1158 4054 Mss.
1201 4007 1368 4055 territo

285 4115 292 4121 .
316 4078 528 4136 habent,
571 4081 723 4140 male,
766 4089 825 4130 ut
866 4079 1074 4137 fatetur,
1114 4082 1369 4131 Torrentii

316 4159 510 4218 cerrito,
536 4159 671 4222 quod
696 4160 875 4222 probat
888 4159 1004 4221 jure
1030 4168 1134 4208 tum
1159 4173 1222 4208 ex
1246 4159 1368 4208 Fes-

322 4241 396 4297 to,
414 4240 522 4283 tum
547 4248 614 4283 ex
638 4232 861 4284 Horatio
881 4233 971 4283 lib.
995 4247 1058 4283 η.
1085 4234 1193 4284 Sat.
1215 4237 1262 4283 3.
1294 4248 1369 4283 vs.

1450 1728 1513 1772 27
1517 1729 1564 1773 8.
1590 1724 1606 1752 ‘
1627 1724 1821 1772 Marius
1838 1738 1952 1773 cum
1972 1724 2264 1787 praecipitat
2281 1738 2355 1786 se,
2375 1725 2500 1773 Cer-

1453 1801 1578 1848 ritus
1600 1799 1748 1848 fuit?
1782 1800 1928 1849 Idem
1952 1801 2086 1864 quod
2113 1800 2400 1862 lymphatus
2422 1799 2501 1848 fa·

1450 1877 1673 1937 naticus,
1725 1880 1823 1926 διο.
1878 1876 2021 1939 quasi
2074 1884 2087 1904 ⁸
2112 1875 2359 1924 cereritus
2377 1875 2390 1895 ’
2442 1881 2501 1924 ut

1450 1951 1613 2012 aiunt,
1649 1950 1850 2001 Cereris
1873 1951 2045 2000 furore
2081 1952 2323 2014 percitus.
2390 1951 2497 2000 No-

1450 2026 1567 2075 nius
1592 2035 1762 2076 tamen
1786 2029 1959 2078 ceritas
1981 2029 2126 2091 legit,
2142 2044 2241 2091 quo
2266 2028 2498 2077 convicio

1452 2112 1626 2167 turpes
1647 2106 1890 2168 quosdam
1906 2115 1961 2155 et
1984 2105 2232 2168 exsangui
2256 2103 2389 2153 facie
2413 2105 2499 2153 lio-

1450 2183 1611 2229 mines
1633 2181 1978 2230 incessebant.
2218 2220 2221 2223 ,

1509 2263 1534 2290 ¹²
1574 2257 1896 2320 Vacerrosum]
1947 2257 2062 2306 Hoc
2086 2263 2184 2318 est,
2206 2256 2500 2317 vecordem,

1448 2345 1712 2394 vesanum,
1736 2333 1872 2397 quod
1897 2340 1950 2382 et
1971 2334 1987 2361 ‘
2010 2346 2268 2381 vacerram
2285 2332 2299 2354 '
2322 2333 2500 2382 dicunt

1448 2421 1513 2455 ex
1551 2408 1723 2464 Festo,
1759 2409 1843 2472 qui
1882 2413 2062 2457 auctor
2085 2413 2165 2461 est
2183 2407 2418 2454 Verrium
2444 2414 2500 2455 et

1449 2485 1576 2532 alios
1611 2486 1900 2547 complures
1936 2485 2032 2532 hoc
2068 2483 2273 2550 nomine
2309 2484 2499 2531 dixisse

1447 2560 1698 2622 stipitem,
1731 2561 1793 2608 ad
1819 2574 1967 2624 quem
1992 2559 2109 2622 equi
2139 2559 2345 2620 religari
2367 2549 2498 2608 sole'-

1448 2643 1585 2694 rent,
1619 2643 1672 2683 et
1696 2634 1902 2684 Ateium
1929 2636 2251 2696 Philologum
2276 2649 2369 2698 pro
2393 2650 2497 2683 ma-

1446 2711 1640 2760 ledicto
1656 2712 1950 2760 acerbitatis
1963 2713 2243 2772 accepisse,
2254 2717 2309 2758 ut
2328 2725 2497 2773 supra.

1447 2787 1622 2836 Livius
1645 2787 1971 2836 Andronicus
1988 2787 2139 2834 habet
2159 2801 2171 2833 :
2194 2785 2209 2812 ‘
2230 2787 2422 2834 Vecors
2445 2795 2500 2835 et

1447 2862 1942 2912 maleficeVacerra.'
1967 2866 1981 2889 ⁶
2000 2862 2496 2924 Vacerrosum’ergo

1447 2938 1655 2988 dicebat
1678 2939 1958 3002 Augustus.
1999 2939 2062 2986 ad
2104 2937 2496 3001 significandum

1447 3015 1703 3064 vecordiae
1726 3030 2014 3076 excessum,
2038 3021 2095 3063 ut
2120 3029 2211 3076 pro
2235 3023 2248 3042 ⁸
2271 3012 2498 3061 cerrito’

1448 3099 1612 3140 esset:
1637 3092 1887 3155 ejusmodi
1904 3093 2040 3141 enim
2059 3090 2421 3141 inclinamenta
2442 3091 2498 3138 in

1447 3183 1552 3216 osus
1576 3169 1892 3217 immodicam
1919 3169 2172 3232 quandam
2194 3166 2268 3215 rei
2299 3166 2499 3229 copiam

1446 3243 1757 3306 significant,
1813 3251 1871 3293 ut
1929 3244 2216 3306 jecorosus,
2274 3235 2497 3302 vinosus,

1446 3322 1545 3367 διο.

1509 3400 1532 3424 v
1571 3391 1770 3455 Vapide]
1820 3392 2016 3454 Vapida
2051 3399 2168 3441 sunt
2208 3391 2373 3440 minus
2409 3405 2494 3438 va-

1443 3469 1624 3517 lentia.
1658 3470 1839 3517 sicum
1863 3469 2137 3517 Torrentio
2162 3483 2191 3516 a
2217 3481 2384 3529 vappa
2407 3467 2496 3515 de·

1446 3545 1607 3608 ducis,
1624 3545 1818 3608 duplici
1839 3562 1870 3607 p
1890 3545 2214 3594 scribendum
2235 3546 2354 3593 erit.
2370 3537 2371 3542 ¹
2388 3546 2497 3594 No·

1446 3629 1556 3671 tum
1586 3613 1755 3686 porro
1799 3633 1881 3672 est
1924 3638 2140 3686 vappam
2181 3621 2285 3670 dici
2324 3623 2495 3670 vinum

1448 3708 1761 3762 corruptum.
1832 3699 2139 3748 Horat.Sat.
2161 3702 2209 3746 3.
2228 3698 2315 3745 lib.
2337 3710 2397 3747 11.
2420 3712 2495 3746 vs.

1447 3784 1559 3829 143.
1592 3781 1727 3831 ‘Qui
1767 3780 2103 3827 Veientanum
2137 3776 2282 3824 festis
2317 3782 2494 3837 potare
2526 3767 2529 3770 ¹

1447 3854 1628 3903 diebus
1668 3856 1929 3917 Campana
1963 3852 2135 3901 solitus
2175 3851 2346 3907 trulla,
2371 3864 2494 3912 vap·

1446 3945 1667 3995 pamque
1720 3928 1991 3992 profestis)
2069 3927 2217 3977 Unde
2266 3926 2493 3976 homines

1449 4006 1731 4068 degeneres
1756 4006 1882 4055 dicti
1906 4011 2020 4055 sunt
2039 4005 2054 4032 ‘
2079 4002 2295 4067 vappae!
2346 4003 2501 4052 Idem

1448 4082 1602 4130 Satir.
1619 4088 1663 4131 l.
1684 4083 1772 4130 lib.
1793 4096 1830 4131 1.
1858 4097 1930 4129 vs.
1951 4085 2063 4130 104.
2089 4083 2104 4109 ‘
2124 4081 2241 4130 Non
2262 4093 2356 4143 ego
2375 4095 2493 4127 ava-

1449 4173 1558 4206 rum
1581 4158 1705 4206 Cum
1725 4168 1845 4205 veto
1868 4166 1920 4206 te
1943 4157 2074 4222 fieri,
2097 4171 2315 4221 vappam
2331 4155 2494 4220 jubeo

1449 4242 1539 4284 aut
1560 4233 1896 4285 nebulonem.⁸
2484 4251 2489 4257 ’
