3019 4922
2359 381 2486 449 178

311 542 667 608 honoribus
710 542 918 607 functi
947 540 1370 608 detulerunt-⁷
1457 540 1673 619 Quem
1723 562 1871 607 cum
1903 562 2063 626 pars
2113 543 2180 608 in
2210 542 2486 627 Capito-

312 646 425 711 lini
469 647 517 712 J
520 648 669 713 ovis
696 647 913 712 cella¹²
955 665 1264 725 cremare,
1293 665 1448 729 pars
1490 647 1558 710 in
1586 643 1789 709 Curia
1831 646 2165 729 Pompeii,
2196 647 2487 713 destina-

310 756 429 827 ret,
475 749 924 834 repenteduo
958 747 1250 832 quidam,
1295 747 1533 830 gladiis
1580 747 1920 829 succincti,
1969 769 2050 813 ac
2084 749 2239 813 bina
2254 748 2489 831 jacula

312 837 703 933 gestantes}
733 851 1111 917 ardentibus
1158 852 1370 916 cereis
1414 852 1940 916 succenderunt:
2007 851 2504 938 confestimque*

312 954 878 1019 circumstantium
906 956 1101 1020 turba
1131 954 1414 1036 virgulta
1460 954 1667 1033 arida,
1713 962 1777 1018 et
1810 974 1959 1018 cum
2009 954 2344 1018 subselliis
2376 956 2491 1019 tri-

314 1057 635 1135 bunalia,⁰
654 1056 969 1141 quicquid
994 1062 1310 1140 praeterea
1339 1056 1426 1120 ad
1454 1056 1759 1121 manum⁸
1779 1066 1807 1105 Ρ
1840 1056 2092 1135 aderat,
2116 1058 2488 1139 congessit:

1211 397 1546 447 sumus,

1217 1241 1249 1259 O
1255 1241 1516 1261 OOOOOOOOO
1521 1242 1582 1262 Ν

313 1356 457 1404 Cort.
480 1354 620 1410 unius
636 1370 723 1418 pro
739 1358 827 1418 sal.
896 1356 1023 1407 Mox
1051 1358 1112 1407 ab
1137 1373 1188 1408 se
1210 1357 1343 1408 Edd.
1368 1358 1517 1409 Rom.
1581 1358 1708 1408 Tum
1742 1356 2097 1420 magistratibus
2118 1356 2358 1405 Corn—7
2392 1356 2491 1405 Ca-

314 1420 455 1469 saub.
482 1421 705 1469 malebat
725 1422 1005 1470 detulerunt.
1072 1425 1180 1472 Dat
1211 1424 1354 1473 Cort.
1381 1439 1484 1486 quoe
1516 1438 1635 1473 eum.
1703 1421 1846 1470 Infra
1877 1422 2307 1470 circumastantium
2339 1419 2493 1470 codd.

313 1484 531 1533 Casaub.
553 1485 959 1535 circumstantibus
981 1487 1151 1537 Periz.
1175 1503 1204 1536 a
1228 1503 1306 1551 pr.
1330 1493 1493 1537 ιιι-8
1527 1487 1614 1537 Ita
1646 1486 1854 1549 legend.
1891 1487 2120 1536 sentiunt
2155 1487 2332 1535 Burm.
2362 1486 2489 1534 Em.

311 1550 526 1611 Baumg.
552 1550 802 1613 probante
822 1551 956 1600 Ond.
981 1551 1070 1601 sed
1097 1560 1267 1601 tamen
1291 1552 1593 1616 conjiciente
1609 1554 1816 1601 odorum.
1881 1552 1967 1601 Sic
1990 1552 2145 1601 etiam
2165 1551 2421 1614 reperitur
2439 1550 2491 1599 in

314 1614 456 1663 Cort.
476 1613 610 1664 Edd.
635 1615 765 1664 Bon.
788 1615 952 1679 Lugd.
973 1616 1090 1668 Ald.
1114 1617 1313 1681 Gryph.
1340 1618 1461 1668 Bas.
1481 1618 1659 1680 Steph.
1682 1619 1825 1667 Torr.
1852 1617 1971 1680 Blp.
1997 1616 2224 1680 aliisque.
2289 1615 2391 1664 Sed
2420 1615 2488 1664 Ο.

313 1680 497 1743 reliqui
518 1679 667 1729 codd.
692 1695 805 1729 cum
831 1681 965 1730 Edd.
990 1683 1138 1731 Rom.
1162 1682 1294 1731 Ven.
1323 1690 1388 1730 tr.
1407 1682 1441 1734 J
1449 1689 1555 1732 unt.
1573 1681 1701 1745 Arg.
1726 1681 2090 1731 accedentibus
2108 1681 2325 1730 casaub.
2344 1681 2491 1729 Torr.

314 1743 468 1793 Wolf.
491 1745 684 1793 babent
709 1747 771 1793 ad
790 1747 974 1796 donum.
1046 1746 1287 1796 Heinsius
1319 1755 1376 1796 et
1407 1748 1641 1797 Graevius
1677 1746 1921 1811 legebant
1952 1746 2180 1796 idoneum.
2248 1745 2492 1798 Ceterum

1300 1903 1516 1960 NOTAE

320 2007 467 2069 bant,
505 2015 564 2057 ut
605 2019 682 2057 tv.
716 2008 920 2059 AEneid.
959 2007 1112 2058 Anna
1143 2007 1366 2058 Didonis

317 2097 493 2135 soror:
540 2084 555 2110 ‘
580 2086 721 2133 Date
763 2087 976 2134 vulnera
1021 2085 1238 2148 lymphis
1261 2084 1368 2134 Ab·

317 2162 486 2218 luam?
523 2166 620 2213 διο.
688 2164 757 2213 Et
788 2164 877 2214 lib.
912 2163 1092 2221 vnde
1132 2163 1366 2213 Miseno:

1448 2014 1587 2070 runt,
1621 2022 1736 2057 cum
1777 2004 2130 2057 senatoribus·
2219 2002 2494 2053 Tenuioris

1448 2098 1572 2133 vero
1617 2081 1836 2133 fortunae
1873 2083 2100 2132 homines
2134 2096 2166 2130 a
2196 2080 2382 2144 Vespis
2405 2094 2496 2129 seu

1449 2158 1836 2223 vespillonibus
1859 2165 2091 2223 tempore
2107 2158 2403 2221 vespertino
2416 2154 2496 2205 ef-

315 2242 329 2270 ‘
352 2241 485 2289 Pars
521 2239 714 2290 calidos
752 2240 957 2301 latices,
993 2246 1049 2289 et
1084 2240 1243 2289 ahena
1276 2253 1368 2288 nn-

319 2317 498 2366 dantia
535 2315 752 2366 flammis
806 2315 1118 2379 Expediunt,
1159 2329 1369 2379 corpus-

316 2407 418 2457 que
476 2393 654 2441 lavant
707 2390 963 2455 frigentis,
1021 2390 1415 2454 et‘unguntss.

319 2469 522 2521 Quibus
547 2470 788 2532 peractis,
824 2469 873 2517 in
905 2468 1089 2517 aedium
1116 2467 1371 2518 vestibulo

319 2546 690 2607 collocabatur,
711 2545 1068 2595 honestissima
1107 2553 1252 2594 veste
1297 2546 1371 2593 vi-

321 2622 488 2671 ventis
523 2623 780 2682 indutum,
803 2620 938 2686 quod
976 2622 1181 2685 proprio
1222 2636 1372 2671 voca-

318 2697 442 2748 bulo
489 2697 764 2747 dicebatur
808 2698 1098 2763 collocatio,
1133 2704 1189 2748 et
1223 2712 1371 2761 aper-

323 2776 422 2823 tius
444 2774 676 2825 innuitur
699 2772 849 2830 infra,
880 2775 932 2822 in
957 2772 1177 2837 August.
1198 2789 1243 2823 c.
1261 2777 1372 2822 100.

321 2850 441 2899 inde
498 2863 689 2912 corpus
752 2850 998 2910 ablutum,
1036 2857 1285 2913 unctum,
1319 2857 1373 2899 et

322 2932 619 2975 coronatum
686 2925 751 2974 ab
807 2926 980 2975 amicis
1032 2923 1378 2989 affluentibus,

324 3010 438 3066 post
462 3002 720 3066 legitimos
740 3001 870 3058 dies,
884 3003 970 3066 qui
987 3008 1184 3066 septem
1208 3011 1375 3066 erant,

322 3077 646 3130 efferebatur
679 3079 742 3128 ad
772 3078 999 3140 bustum,
1020 3094 1118 3144 quo
1143 3086 1374 3143 tempore

324 3156 388 3205 ad
436 3154 787 3206 lionestandas
832 3169 1086 3205 concursu
1130 3157 1374 3222 exequias

321 3234 547 3297 populns
572 3231 888 3282 evocabatur
901 3231 979 3280 his
1002 3232 1172 3282 verbis
1193 3249 1206 3283 ε
1232 3234 1247 3260 ‘
1272 3235 1376 3282 Ex-

324 3312 502 3373 equias
526 3309 591 3358 L.
615 3323 661 3356 v.
679 3323 734 3369 g.
760 3308 890 3358 Titio
911 3308 1098 3374 quibus
1128 3318 1206 3359 est
1240 3322 1376 3360 com-

322 3387 531 3436 modum
568 3386 645 3434 ire
672 3386 782 3449 jam
809 3392 1009 3448 tempus
1031 3394 1129 3447 est,
1160 3388 1289 3438 ollus
1312 3402 1377 3437 ex

327 3462 523 3513 aedibus
567 3460 815 3512 effertur?
901 3463 1049 3513 Tunc
1084 3464 1376 3528 impositum

322 3540 459 3590 lecto
481 3538 755 3603 splendide
779 3545 941 3589 strato
965 3553 1150 3604 corpus
1186 3553 1381 3603 praece-

324 3612 484 3664 dente
531 3614 770 3676 tibicine,
814 3615 902 3678 qui
944 3617 1161 3665 naeniam
1203 3616 1253 3664 in
1291 3615 1382 3665 de·

230 3734 237 3745 „
324 3689 494 3741 functi
529 3690 738 3740 laudem
768 3698 1001 3754 caneret,
1026 3691 1218 3742 funeris
1239 3708 1380 3757 pom·

323 3780 398 3828 «pa
436 3765 774 3830 procedebat.
857 3768 989 3819 Quae
1033 3770 1203 3818 omnia
1241 3768 1382 3819 facta

330 3856 444 3890 esse
476 3843 708 3905 oportuit
733 3857 847 3892 cum
875 3858 968 3906 pro
1008 3844 1208 3893 Rostris
1232 3844 1381 3894 cada·

331 3933 444 3980 ver,
484 3919 555 3968 ibi
588 3919 781 3982 quippe
827 3921 1066 3970 laudatus
1107 3919 1383 3972 defunctus

326 4002 486 4044 extra
506 3994 683 4044 urbem
718 3996 1021 4045 cremandus
1048 3995 1379 4048 efferebatur.

332 4070 509 4121 Quare
544 4070 808 4121 detulerant
841 4072 993 4136 longe
1028 4071 1233 4123 videtur
1276 4088 1381 4123 me·

328 4146 453 4200 lius,
476 4161 628 4210 quam
649 4148 935 4199 detulerunt.

398 4228 436 4253 ¹¹¹
470 4221 813 4288 Magistratus]
883 4225 970 4275 Sic
1011 4229 1066 4274 et
1107 4224 1381 4289 aliquando

333 4298 575 4348 Vestales
612 4299 805 4362 Syllam
843 4298 1145 4366 defunctum
1186 4300 1382 4351 detule-

1447 2235 1770 2286 ferebantur.

1500 2320 1539 2354 -¹⁸
1575 2311 1731 2375 Cella]
1786 2313 1951 2363 Locus
2010 2308 2189 2373 templi
2244 2307 2496 2358 sacratior

1451 2396 1587 2452 erat,
1621 2403 1770 2453 quem
1811 2389 2003 2439 intrare
2049 2384 2263 2451 profano
2306 2384 2497 2434 nemini

1451 2466 1549 2517 fas.
1618 2467 1770 2518 Unde
1791 2467 1888 2518 boc
1911 2464 2261 2530 quoqueinter
2279 2463 2496 2512 honores

1451 2545 1650 2595 divinos
1687 2543 2070 2608 reponendum:
2106 2546 2339 2589 neutrum
2362 2538 2498 2587 enim

1452 2619 1529 2671 fas
1583 2629 1712 2677 erat,
1751 2623 1801 2670 in
1841 2619 1990 2680 urbe,
2031 2616 2222 2667 nedum
2260 2616 2311 2664 ib
2350 2614 2499 2666 Jovis

1450 2698 1607 2752 cella,
1658 2695 1873 2747 cremari
1929 2701 2180 2744 mortuos.
2253 2691 2391 2743 Quin
2431 2705 2499 2739 ne

1450 2774 1670 2823 cremari
1713 2773 1917 2840 quidem
1963 2771 2116 2821 moris
2160 2766 2501 2833 antiquissimi

1452 2849 1635 2906 fuisse,
1658 2850 1843 2914 probat
1879 2849 2062 2898 Cicero
2088 2860 2127 2896 ι.
2172 2846 2240 2895 de
2267 2843 2424 2908 legib.
2447 2847 2501 2892 6.

1456 2928 1542 2977 ubi
1566 2929 1710 2990 dicit,
1743 2926 1935 2990 Syllam
1974 2923 2190 2988 primurn
2215 2937 2244 2971 e
2268 2919 2500 2984 patriciis

1456 3004 1723 3060 Corneliis,
1767 3000 1905 3066 qnod
1946 3000 2102 3051 Marii
2154 2996 2392 3062 reliquias
2436 2994 2500 3044 ad

1455 3081 1708 3131 Anienem
1730 3080 1854 3129 sitas
1877 3077 2114 3141 dissipari
2135 3074 2395 3140 jussisset,
2419 3086 2503 3121 ve-

1455 3149 1608 3208 ritum
1629 3173 1694 3207 ne
1718 3172 1810 3207 suo
1834 3154 2036 3220 corpori
2062 3153 2195 3205 idem
2218 3150 2501 3214 accideret,

1453 3235 1784 3285 cremandum
1808 3235 1905 3283 hoc
1927 3232 2161 3282 voluisse.

1519 3320 1543 3345 ⁰
1597 3312 1716 3361 Cum
1753 3310 1986 3360 subselliis
2038 3304 2317 3368 tribunalia]
2366 3304 2499 3365 Haec

1457 3389 1695 3450 praetoris
1744 3395 1799 3437 et
1822 3387 2059 3436 ‘aliorum
2098 3385 2508 3449 magistratuum,

1456 3463 1548 3512 illa
1568 3463 1830 3519 Judicum‚
1866 3461 1932 3510 de
1956 3461 2141 3526 quibus
2165 3473 2321 3525 supra
2353 3472 2402 3508 c.
2425 3462 2503 3507 ll.

1458 3542 1610 3588 etl2.

1520 3623 1547 3657 Ρ
1579 3614 1661 3664 Aa
1698 3626 1886 3662 manum
1922 3609 2139 3675 [donum]
2182 3608 2270 3658 Sic
2306 3608 2358 3656 in
2400 3606 2501 3657 suis

1457 3691 1691 3743 omnibus
1727 3689 1877 3738 Torr·
1917 3686 2078 3751 legite
2119 3698 2276 3750 quare
2319 3683 2506 3732 intelli-

1457 3767 1640 3831 gendoe
1677 3773 1805 3817 sunt
1842 3761 2059 3824 inferiae,
2091 3760 2157 3810 de
2196 3758 2376 3824 quibus
2409 3759 2508 3808 boc

1458 3846 1632 3906 capite
1656 3840 1939 3892 Beroaldus
1974 3840 2025 3888 in
2064 3836 2211 3887 bonis
2243 3834 2506 3885 codicibus

1462 3923 1645 3986 legisse
1683 3935 1738 3970 se
1773 3920 1846 3969 ait
1878 3921 1941 3968 ud
1978 3932 2197 3967 manunt.-
2230 3930 2379 3980 quam
2404 3916 2508 3965 lec-

1462 3999 1655 4049 tionem
1673 3994 1877 4044 videtur
1892 3992 2192 4043 confirmare
2212 3992 2367 4041 etiam
2383 3990 2510 4040 Plu-

1463 4072 1693 4133 tarcbus‚
1733 4068 2008 4131 caucellos,
2047 4065 2252 4133 gradus,
2288 4066 2505 4129 trapezi-

1462 4156 1630 4197 tarum
1665 4145 1885 4202 tabulas,
1924 4158 2023 4194 uua
2064 4151 2331 4206 congestas
2375 4140 2509 4191 affir-

1465 4221 1733 4284 mans,sed
1768 4222 1989 4285 priorem
2024 4220 2295 4271 lectionem
2323 4216 2506 4281 praefe÷

1465 4298 1675 4350 rendam
1698 4297 1966 4350 contendit
1982 4294 2325 4347 Casaubonns.
