3019 4922
1223 414 1603 465 TIBERIUS.

2368 401 2495 464 477

327 557 730 638 dedicasset,
776 558 1074 643 Capreas
1116 578 1190 624 se
1234 560 1557 642 contulit3
1600 561 1941 645 praecipue
1986 559 2347 626 delectatus
2399 561 2497 626 in·

304 664 502 742 sula,
545 662 725 747 quod
768 681 905 727 uno
949 682 1289 747 parvoque
1338 663 1557 730 littore
1610 664 1919 741 adiretur,
1975 670 2169 747 septa
2216 663 2501 748 undique

325 767 679 849 praeruptis
708 765 1043 829 immensae
1073 765 1439 830 altitudinis
1481 767 1776 850 rupibus,
1814 774 1877 830 et
1914 767 2244 849 profundo
2280 768 2503 831 mariS.

328 866 697 951 Statimque
725 875 1070 932 revocante
1100 868 1367 933 assidua
1395 869 1843 934 obtestatione
1861 875 1887 904 ²
1926 870 2204 953 populo,
2233 876 2505 954 propter

329 968 619 1046 cladem,
660 989 797 1054 qua
827 969 1010 1053 apud
1041 968 1329 1034 Fidenas
1348 967 1378 1006 ‘¹
1421 985 1625 1055 supra
1656 985 1796 1037 XX.
1839 970 2175 1036 hominum
2198 980 2218 1019 ³
2269 972 2504 1052 millia,

329 1070 728 1152 gladiatorio
772 1091 1060 1151 munere,
1104 1071 1574 1156 amphitheatri
1628 1074 1819 1138 ruina
1857 1074 2204 1157 perierant,
2249 1074 2508 1140 transiit

329 1173 398 1237 in
430 1175 897 1251 continentem,
925 1181 1459 1259 potestatemque
1501 1175 1808 1239 omnibus
1848 1174 2132 1240 adeundi
2174 1177 2279 1240 sui
2308 1177 2506 1242 fecit:

330 1281 524 1339 tanto
548 1277 781 1362 magis»,
805 1276 981 1361 quod
1007 1276 1225 1341 Urbe4
1254 1275 1627 1356 egredienS,
1649 1296 1735 1340 ne
1762 1277 1912 1360 quis
1942 1296 2015 1340 se
2044 1277 2510 1359 interpellaret,

335 1378 663 1458 edixerat,
697 1399 777 1444 ac
822 1388 969 1444 toto
1005 1380 1240 1444 itinere
1270 1379 1587 1444 adeuntes
1617 1383 2078 1444 summoverat.
2163 1378 2329 1462 [41.]
2372 1379 2510 1445 Re-

332 1500 598 1561 gressus
616 1489 640 1529 ⁵
671 1482 739 1546 in
769 1483 1075 1560 insulam,
1100 1482 1522 1565 Reipublicae
1555 1481 1822 1566 quidem
1851 1500 2071 1545 curam
2096 1500 2309 1565 usque
2340 1482 2511 1548 adeo

334 1582 603 1666 abjecit,
646 1593 722 1650 ut
761 1592 1005 1668 postea
1043 1605 1168 1649 non
1199 1584 1508 1649 decurias
1541 1584 1880 1668 equitum⁰
1919 1600 2210 1666 unquam
2242 1585 2513 1666 supple-

333 1684 448 1765 rit;
476 1704 611 1749 non
632 1686 963 1752 Tribunos
983 1689 1262 1753 militum
1294 1684 1846 1771 Praefectosque,⁶
1874 1705 2004 1749 non
2031 1684 2516 1768 provinciarum

334 1788 661 1870 praesides
691 1790 866 1854 ullos
890 1791 1286 1871 mutaverit3
1334 1790 1741 1874 Hispaniam
1787 1795 1854 1854 et
1896 1785 2197 1873 Syriamf
2237 1806 2357 1871 per
2399 1786 2517 1851 ali-

335 1896 499 1972 quot
523 1909 729 1957 annos
760 1892 901 1957 sine
929 1894 1392 1959 consularibus
1420 1893 1698 1976 legatis⁸
1738 1891 2068 1972 habuerit3
2099 1886 2535 1955 Armeniam*-

1244 2087 1480 2109 oete-‘000
1485 2089 1512 2108 t
1517 2088 1571 2110 θ’
1575 2089 1605 2108 O

343 2224 477 2269 rent.
480 2221 576 2267 -2
615 2219 892 2271 Obstatione
912 2221 1052 2271 Dnn.
1079 2220 1189 2285 Cuj.

1249 2219 1354 2269 Pro
1377 2236 1472 2283 qua
1494 2220 1583 2270 dat
1607 2221 1816 2269 Memm
1837 2237 1992 2285 quam.
2038 2219 2228 2270 Medic.
2254 2223 2300 2270 1.
2322 2224 2371 2269 3.
2394 2221 2525 2284 Cop.

340 2295 508 2347 marg.
529 2283 626 2333 Ed.
652 2285 864 2335 Mediol.
885 2286 1012 2348 quia.
1078 2286 1284 2349 Supra
1272 2300 1322 2333 in
1350 2286 1478 2335 Edd.
1508 2287 1653 2335 Rom.
1667 2292 1902 2349 proeteroe
1921 2291 1951 2334 3
1986 2281 2131 2335 Hom.
2151 2285 2278 2336 XX.
2304 2285 2525 2336 vind.1.

342 2349 536 2398 Contra
559 2348 691 2398 milia
709 2350 834 2399 hom.
856 2303 976 2413 Cuj.

1043 2352 1170 2399 Tum
1206 2349 1473 2412 gladiatore
1513 2350 1665 2399 Huls.
1706 2358 1759 2399 et
1791 2351 2037 2413 pariebant
2076 2351 2288 2399 Mamm.
2353 2350 2526 2399 Etiam

339 2413 683 2464 incontinenter
704 2415 898 2465 Medic.
917 2420 962 2465 1.
979 2418 1123 2464 3.-4
1156 2416 1327 2477 Vulgo
1367 2416 1488 2478 quod
1526 2416 1584 2464 ab
1626 2414 1767 2477 Urbe,
1801 2415 1888 2463 sed
1923 2429 2021 2463 non
2058 2421 2343 2477 agnoscunt
2374 2413 2432 2463 τὸ
2468 2414 2527 2461 ab

344 2479 446 2528 duo
469 2480 616 2527 Torr.
637 2480 833 2529 Medic.
866 2484 911 2530 1.
938 2484 986 2529 3.
1008 2480 1162 2528 Vind.
1188 2484 1235 2530 2.
1260 2481 1388 2543 Cop.
1417 2480 1569 2529 Huls.
1602 2481 1752 2529 Voss.
1778 2480 1909 2527 Edd.
1935 2481 2080 2528 Rom.
2103 2493 2206 2526 sec.
2230 2478 2408 2539 Steph.
2442 2494 2531 2540 quo

344 2544 402 2592 ab
431 2543 560 2592 Urbe
583 2544 726 2593 Cort.
749 2544 923 2593 Periz.
946 2545 1077 2594 Edd.
1102 2545 1232 2593 Ven.
1257 2545 1447 2594 Sabell.
1472 2544 1614 2593 Med.
1633 2545 1777 2593 Cald
1793 2545 1911 2606 quod
1933 2543 1991 2592 ab
2014 2545 2075 2592 U.
2091 2542 2531 2603 digrediensvind.

347 2612 395 2656 l.
444 2608 581 2658 Dein
603 2622 661 2658 ne
681 2610 762 2672 qni
781 2624 829 2657 se
848 2609 923 2656 int

923 2610 1204 2672 avellerent
1243 2609 1398 2657 Vind.
1429 2613 1478 2656 2.
1517 2610 1672 2657 Fouc.
1707 2622 1764 2656 ne
1789 2608 1869 2671 qui
1899 2624 1951 2657 se
1983 2608 2302 2670 interpellaret
2336 2607 2532 2655 Medic·

346 2679 469 2720 tres.
472 2678 566 2720 —5
606 2673 838 2722 Reversus
859 2674 1017 2722 Fouc.
1041 2673 1171 2721 Edd.
1190 2674 1337 2723 Rom.
1395 2673 1529 2722 Item
1554 2678 1605 2721 ut
1625 2677 1729 2734 post
1754 2688 1832 2720 eas
1852 2686 1942 2720 non
1967 2672 2082 2735 Cuj.
2115 2673 2350 2733 suppleret
2368 2669 2533 2720 Vind.

350 2739 397 2785 1.
424 2737 569 2786 Cort.
593 2736 761 2786 Periz.
788 2738 1017 2786 Harlem.
1037 2737 1174 2787 Edd.
1196 2736 1345 2787 Rom.
1379 2737 1521 2785 Med.
1545 2737 1691 2787 Cald.
1712 2736 1842 2784 Ven.
1868 2737 1982 2798 Lug
1988 2736 2036 2785 d.
2058 2735 2209 2786 Junt.
2231 2733 2359 2797 Arg.
2381 2735 2535 2797 suple-

346 2800 474 2850 verit
493 2800 654 2850 Vind.
680 2806 825 2852 1.—6
858 2801 1068 2862 Perfeci.
1093 2803 1252 2853 Fonc.
1318 2800 1543 2851 Inferius
1581 2800 1784 2866 praebet
1807 2801 1937 2864 Cop.
1959 2799 2185 2862 neglexit.
2188 2803 2281 2847 -7
2318 2800 2535 2847 Nanctus

1325 2962 1545 3016 NOTAE

415 3061 440 3096 ὅ
475 3061 703 3126 Fidenas]
764 3058 905 3114 Latii
957 3063 1225 3128 oppidum,
1266 3064 1402 3130 quod

352 3140 554 3190 nuncin
580 3138 819 3190 tenuibus
838 3141 1147 3205 incertisque
1169 3141 1404 3204 vestigiis

352 3216 494 3266 circa
519 3214 729 3265 Anienis
750 3216 1053 3278 Tiberisque
1087 3214 1404 3266 confluentes

354 3291 669 3354 ostenditur,
692 3300 901 3341 auctore
938 3292 1178 3341 Cluverio
1211 3284 1299 3341 lib.
1320 3305 1405 3340 nr.

354 3368 650 3419 Introduct.
710 3383 827 3432 cap.
883 3364 964 3416 27.
1018 3363 1407 3417 Multitudinem

355 3445 487 3494 hanc
528 3458 630 3494 non
663 3443 1010 3499 Fidenatium,
1049 3443 1141 3492 sed
1182 3444 1409 3507 peregri·

356 3534 537 3570 norum
561 3517 719 3568 fuisse
747 3518 1078 3568 casaubonus
1107 3532 1172 3566 ex
1205 3533 1267 3567 eo
1304 3519 1409 3567 col-

355 3596 490 3659 ligit,
513 3596 644 3659 quod
670 3594 882 3644 Fidenae
907 3603 1030 3644 tunc
1050 3594 1290 3657 temporis
1312 3608 1412 3643 non

358 3671 576 3720 multum
610 3669 978 3734 frequentntae‚
1010 3676 1069 3717 ut
1102 3670 1269 3718 innuit
1304 3670 1414 3719 Ho-

359 3748 523 3796 ratius
558 3746 647 3796 lib.
685 3759 724 3794 r.
769 3746 939 3810 Epist.
984 3746 1047 3794 ad
1092 3746 1414 3794 Bullatiumx

360 3823 376 3851 ⁸
399 3822 513 3872 Scis
538 3820 772 3872 Lebedus
809 3835 962 3885 quam
1000 3821 1069 3869 sit
1104 3820 1287 3869 Gabiis
1326 3821 1415 3869 de-

359 3899 547 3948 sertior
568 3906 723 3962 atque
745 3897 952 3946 Fidenis
974 3895 1169 3954 vicus?
1188 3900 1288 3947 διο.

425 3980 447 4006 ⁶
478 3968 714 4022 Decurias
736 3969 989 4036 Equitum]
1026 3971 1141 4021 Hoc
1160 3970 1417 4035 est‚judi-

363 4063 479 4098 enm
504 4048 728 4112 illorum,
761 4047 1033 4113 dequibus
1066 4047 1117 4096 in
1142 4046 1277 4111 Aug.
1297 4060 1416 4110 cap.

370 4129 459 4232 29}
485 4200 701 4265 Syriam]
734 4199 873 4265 Aug.
894 4216 1011 4264 cap.
1035 4203 1114 4250 17.

434 4284 461 4321 ⁸
496 4277 828 4329 Consularibus
869 4275 1064 4341 legatis]
1096 4277 1181 4328 De
1202 4275 1281 4327 his
1297 4276 1417 4342 qnid

1485 3066 1610 3128 sint,
1633 3065 1685 3116 in
1711 3066 1945 3130 Augusto
1975 3078 2093 3126 cap.
2125 3066 2207 3112 47.
2273 3059 2417 3109 Idem
2454 3059 2539 3108 ha-

1486 3140 1577 3190 bet
1612 3143 1820 3192 Tacitus
1861 3142 1951 3191 lib.
1993 3155 2033 3189 ι.
2070 3137 2372 3188 Annalium:
2429 3137 2444 3164 ‘
2472 3135 2537 3184 ld

1485 3232 1688 3281 quoque
1708 3234 1900 3269 morum
1913 3215 2104 3266 Tiberii
2120 3212 2221 3264 fuit
2236 3212 2541 3262 continuare

1486 3294 1722 3356 imperia,
1743 3310 1803 3343 ac
1831 3295 2097 3357 plerosque
2131 3289 2196 3338 ad
2230 3288 2383 3337 finem
2419 3288 2540 3337 vitae

1486 3367 1538 3415 in
1575 3368 1756 3417 iisdem
1783 3368 2096 3416 exercitibus
2120 3372 2206 3413 aut
2220 3363 2542 3427 jurisdictio-

1486 3443 1638 3491 nibus
1660 3443 1864 3492 habere.
1919 3443 2099 3492 Caussa
2133 3440 2291 3488 variae
2331 3438 2543 3488 tradun-

1489 3525 1592 3583 tur,
1612 3521 1697 3569 alii
1721 3520 1880 3570 taedio
1904 3535 2049 3569 novae
2072 3532 2228 3578 curae,
2250 3517 2408 3566 semel
2430 3518 2540 3580 pla-

1491 3597 1599 3645 cita
1623 3610 1716 3658 pro
1755 3595 1962 3645 aeternis
1994 3592 2300 3654 servavisse,
2332 3592 2544 3656 quidam

1490 3672 1705 3733 invidia,
1750 3686 1814 3720 ne
1859 3674 2030 3736 plures
2072 3668 2403 3730 fruerentnr‚’
2444 3672 2546 3718 ὅτε.

1494 3751 1566 3800 Et
1609 3749 1741 3797 bunc
1787 3747 2042 3811 Josephns
2086 3746 2178 3796 lib.
2221 3758 2389 3794 xvtn.
2426 3744 2545 3794 ideo

1491 3824 1688 3880 laudat,
1712 3823 1844 3887 quod
1868 3823 1964 3872 hac
1985 3821 2190 3886 imperii
2209 3820 2547 3870 diuturnitate

1492 3899 1703 3948 ditiores
1733 3905 1786 3946 et
1823 3897 1983 3946 saturi
2012 3895 2154 3955 facti,
2175 3894 2360 3944 tieren‘t
2382 3895 2447 3943 ad
2468 3908 2547 3943 ra-

1494 3975 1738 4038 piendum
1766 3974 1987 4036 denique
2011 3972 2290 4034 segniores.

1559 4048 1584 4082 ¹¹
1618 4049 1915 4112 Armeniam]
1959 4047 2093 4096 Haec
2117 4046 2259 4110 regio
2282 4045 2547 4109 Euphrate

1492 4122 1700 4174 flumine
1724 4122 2050 4171 dividebatur
2072 4121 2122 4169 in
2143 4120 2410 4183 majorem,
2434 4135 2547 4184 qnae

1493 4200 1648 4250 hodie
1675 4198 1999 4260 Tur-comanis,
2022 4199 2177 4261 Popul
2193 4206 2245 4246 et
2273 4197 2426 4246 Curdi
2440 4212 2460 4255 ,-
2494 4203 2551 4245 et

1496 4277 1763 4342 minorem,
1791 4291 1905 4341 quae
1942 4275 2130 4325 Peziam
2158 4279 2213 4326 et
2251 4273 2436 4322 Bozoch
2459 4285 2548 4334 ap-
