3019 4922
549 391 680 456 276
1410 405 1476 451 c.
1522 403 1879 452 sunroNu

552 549 728 634 que⁶
771 549 1277 632 magnificentia,
1323 569 1555 614 omnes
1603 551 1985 614 antecessit.
2076 547 2356 612 Fecisse
2399 547 2602 611 ludos
2650 567 2747 624 se,

553 655 675 729 ait,
709 672 834 717 suo
866 653 1131 716 nomine
1162 658 1390 736 quater
1416 672 1432 716 ε
1456 659 1480 700 7
1501 659 1521 685 s
1566 671 1686 734 pro
1738 652 1889 724 aliis
1920 651 2452 733 magistratibu8‚
2482 652 2599 733 qui
2627 658 2747 713 aut

553 758 887 832 abessent,
922 760 1038 819 aut
1066 774 1196 819 non
1226 753 1621 832 sufficerent,
1647 759 1744 817 ter
1774 761 1843 817 et
1872 755 2151 818 viciess·
2239 753 2555 835 Fecitque
2585 772 2750 816 non-

551 876 885 940 nunquam
914 856 1161 921 etiam⁸
1209 857 1503 933 vicatim,
1551 875 1631 920 ac
1679 856 1979 938 pluribus
2011 858 2262 935 menie,
2309 875 2425 940 per
2453 856 2746 919 omnium

549 958 920 1040 linguarum
959 958 1358 1023 histriones.⁸
1444 957 1780 1022 Munera⁹
1823 978 1952 1022 non
2003 958 2074 1021 in
2128 958 2314 1030 Foro,
2349 956 2573 1033 modo,
2614 975 2752 1020 uec

552 1060 1108 1144 Amphitheatro,t
1135 1060 1249 1124 sed
1277 1062 1347 1123 in
1373 1059 1570 1125 Circo
1596 1064 1663 1123 et
1689 1041 1755 1122 in
1786 1058 2074 1143 Septis,¹²
2101 1068 2173 1124 et
2196 1058 2561 1143 aliquando
2585 1058 2754 1121 nihil

560 1302 567 1310 .
611 1270 650 1294 ”⁸
684 1262 821 1311 Dicit
841 1277 892 1310 se
911 1261 1112 1310 edidisse
1133 1261 1266 1308 ludos
1285 1265 1449 1322 quater
1481 1264 1530 1307 et
1564 1259 1709 1307 vicies
1729 1275 1811 1309 sno
1828 1261 2014 1311 nomine
2028 1277 2045 1311 .·
2076 1268 2124 1311 et
2148 1263 2249 1311 loco
2269 1260 2469 1315 dionem
2490 1259 2759 1321 mgistra-

554 1331 685 1376 tuum
707 1327 790 1390 qui
806 1332 889 1376 aut
906 1325 1138 1388 abessent,
1155 1329 1238 1373 out
1261 1325 1477 1374 solvendo
1499 1339 1591 1373 non
1613 1332 1787 1389 esseut,
1809 1330 1884 1375 ter
1902 1332 1950 1375 et
1971 1327 2134 1377 vicies.

1461 1503 1492 1523 θ
1498 1503 1828 1526 OOOOOOOOOO

552 1629 586 1684 ὃ
620 1637 687 1683 Et
709 1650 870 1695 magn.
894 1635 1090 1685 Medic.
1114 1641 1180 1686 tr.
1206 1637 1380 1686 Periz.
1405 1637 1643 1686 Harlem.
1667 1636 1802 1685 Edd.
1827 1637 2012 1699 Camp.
2036 1637 2165 1685 Ven.
2189 1642 2254 1684 tr.
2278 1635 2410 1685 Bon.
2434 1633 2580 1683 Med.
2603 1634 2755 1684 Cald.

554 1709 610 1763 et
634 1701 696 1748 al.
729 1700 975 1761 Copulam
996 1702 1163 1750 omisit
1190 1701 1349 1763 Lugd.
1430 1701 1491 1750 In
1516 1702 1633 1764 Cuj.
1656 1707 1701 1750 et
1722 1716 1882 1762 magn.
1906 1718 1951 1751 ο.
1975 1700 2137 1759 α.[εσ.
2156 1716 2205 1750 se
2227 1703 2325 1750 lud.
2375 1701 2511 1749 Item
2520 1701 2625 1758 sec.
2649 1715 2700 1748 se
2726 1702 2767 1748 1.

554 1765 677 1813 daut
703 1765 859 1813 Fouc.
885 1766 1047 1816 Polit.
1075 1767 1232 1815 Viud.
1256 1776 1476 1830 uterque
1496 1768 1647 1814 Voss.
1673 1765 2182 1830 et,placet-Oud.—⁷
2219 1766 2361 1827 Lips.
2383 1765 2554 1814 Elect.
2580 1778 2644 1813 n.
2669 1769 2754 1813 27.

552 1827 845 1888 addendum
879 1831 1143 1880 existimat
1170 1837 1218 1880 et
1249 1833 1409 1892 vicies,
1443 1832 1525 1879 vel
1548 1831 1821 1894 legendum
1846 1832 2148 1894 quadragies,
2172 1830 2390 1880 Casaub.
2416 1831 2574 1879 etiam
2609 1842 2759 1892 repe·

555 1894 766 1952 tendum
792 1895 934 1943 vicies
956 1911 1021 1944 ex
1050 1898 1289 1959 sequenti
1324 1896 1527 1956 statuit,
1559 1896 1854 1960 probantib.
1895 1895 2048 1944 Wolf.
2080 1895 2246 1945 ScriV.
2310 1896 2436 1944 Mox
2458 1899 2535 1943 ter
2555 1900 2644 1942 aut
2666 1894 2758 1942 vic.

552 1958 787 2008 Harlem.
814 1959 948 2010 Edd.
972 1961 1103 2010 Ven.
1126 1968 1192 2010 tr.
1215 1960 1359 2009 Med.
1393 1961 1643 2011 Cald.—8
1679 1960 1761 2009 Ita
1798 1961 1990 2010 Medic.
2019 1965 2068 2008 2.
2097 1963 2145 2008 3.
2167 1959 2326 2010 Vind.
2349 1967 2566 2023 uterque
2598 1960 2756 2007 Fouc.

552 2023 686 2085 Cop.
706 2024 855 2073 Huls.
877 2025 1027 2072 Voss.
1046 2026 1154 2088 Cuj.
1172 2031 1219 2073 et
1242 2026 1333 2073 tic.
1358 2026 1516 2074 Polit.
1531 2024 1683 2073 codd.
1716 2026 1904 2073 Delent
1929 2025 1988 2072 τὸ
2004 2025 2147 2074 etium
2163 2024 2303 2073 Oud.
2323 2022 2478 2073 Wolf.
2501 2031 2556 2072 et
2575 2025 2759 2074 Burm.

550 2086 613 2134 In
640 2088 851 2135 Memm.
875 2095 929 2136 et
957 2088 1087 2137 Edd.
1111 2091 1301 2153 aliquot
1326 2091 1608 2139 scania—9
1644 2090 1759 2139 Hoc
1799 2091 2008 2138 verbum
2044 2090 2107 2136 al»
2141 2089 2503 2138 emendatione
2529 2090 2657 2137 Ern.
2682 2089 2757 2136 in-

552 2159 747 2199 sertum
772 2160 871 2211 est,
889 2162 1144 2215 occupata
1170 2163 1339 2202 tamen
1366 2170 1396 2203 a
1422 2154 1656 2203 Perizou.
1690 2162 1744 2203 et
1779 2154 2113 2217 comprobata
2137 2153 2276 2202 Oud.
2301 2164 2356 2203 et
2380 2152 2541 2202 Wolf.
2564 2154 2651 2217 qui
2679 2160 2756 2201 ta·

552 2230 668 2263 men
694 2218 897 2278 gravius
936 2219 1079 2266 ulcus
1113 2220 1196 2267 hic
1231 2218 1411 2267 sedere
1448 2226 1616 2281 putat.
1683 2218 1876 2268 Postea
1898 2220 1950 2268 in
1977 2219 2145 2281 Amph.
2168 2218 2395 2267 Medic-ei
2426 2218 2582 2267 vind.
2607 2219 2752 2266 Cort-

550 2281 710 2329 Fouc.
733 2282 875 2330 Dun.
899 2288 954 2330 et
976 2283 1110 2331 Edd.
1136 2294 1256 2331 ante
1280 2284 1455 2334 Plant.
1475 2299 1538 2332 ac
1564 2284 1837 2333 restituere
1863 2285 2039 2333 Burm.
2076 2284 2214 2333 Oud.
2237 2292 2292 2332 et
2311 2282 2467 2332 Wolf.
2526 2283 2753 2345 Baumg.

551 2352 758 2393 secutus
781 2353 857 2395 est
882 2346 1100 2409 Raphel.
1125 2357 1177 2396 et
1200 2347 1377 2397 Graev.
1402 2349 1536 2398 Edd.
1583 2349 1718 2397 Dein
1742 2351 1821 2397 sed
1842 2355 1886 2397 ee
1911 2348 1961 2396 in
1984 2349 2041 2398 C.
2070 2348 2296 2411 reposuit
2322 2348 2458 2397 Oud.
2484 2361 2512 2393 e
2537 2348 2757 2395 Merum.

549 2409 749 2460 Medic.
778 2414 889 2459 1.2.
915 2412 1032 2460 Pin.
1056 2421 1107 2461 et
1131 2412 1261 2464 aliis.
1329 2412 1493 2461 Iidem
1530 2413 1681 2463 codd.
1717 2427 1819 2464 non
1854 2413 2048 2463 liabent
2081 2414 2315 2476 copulam
2352 2418 2469 2461 aute
2504 2412 2557 2460 in
2587 2412 2754 2475 septis.

549 2473 612 2522 In
640 2490 740 2523 uno
760 2477 905 2526 Torr.
929 2482 975 2526 et
1013 2477 1060 2526 in
1086 2479 1145 2528 C'.
1167 2479 1219 2526 in
1243 2478 1297 2528 S.
1317 2480 1440 2527 nihil
1460 2495 1568 2542 unq.
1599 2484 1774 2542 proeter
1804 2480 2074 2528 venationes
2103 2479 2270 2541 edidit,
2294 2479 2392 2528 ath.
2417 2486 2466 2525 et
2500 2478 2576 2525 ita
2594 2478 2754 2526 habet

549 2539 762 2590 Merum.
785 2543 868 2590 sed
888 2542 940 2591 in
968 2543 1114 2591 Cerco
1136 2549 1183 2592 et
1203 2544 1255 2592 in
1279 2544 1336 2593 S.
1360 2544 1530 2606 edidit,
1550 2549 1595 2594 et
1620 2546 1682 2592 al.
1703 2559 1753 2591 n.
1774 2559 1823 2607 p.
1849 2559 1954 2594 ven.
1977 2545 2077 2593 ath.
2099 2544 2234 2593 Edd.
2255 2545 2403 2595 Junt.
2427 2543 2555 2606 Arg.
2589 2543 2778 2592 Paulo-

1539 2719 1757 2770 NOTAE

548 2834 680 2887 vites
706 2831 719 2853 ’
770 2846 874 2896 pro
922 2841 1139 2896 putare:
1198 2851 1296 2885 nec
1337 2836 1471 2884 enim
1526 2835 1612 2884 hic
1694 2833 1925 2883 Clusium
1947 2849 2096 2884 senas
2121 2835 2154 2895 ς’
2198 2834 2294 2883 hoc
2319 2840 2421 2897 est,
2441 2834 2653 2884 vicenas
2676 2852 2754 2886 se·

547 2917 772 2956 sumtum
818 2909 1039 2965 videtur,
1078 2920 1135 2959 ut
1176 2911 1227 2960 in
1272 2911 1610 2961 arithmeticis
1692 2927 1800 2961 nas.
1864 2914 2115 2976 Ututest,
2136 2921 2281 2964 certe
2306 2926 2482 2977 parum
2509 2918 2756 2966 convenit

547 2985 1005 3045 supputationibus
1029 2994 1044 3014 ‘
1063 2987 1359 3036 deducere.’
1689 2990 2103 3055 magnificentiae,
2122 3006 2274 3055 quam
2295 2991 2376 3041 hic
2398 2994 2607 3042 extollit
2628 2996 2755 3043 Sue·

612 3065 631 3089 ¹
664 3060 872 3121 Quater]
907 3061 1114 3122 Lipsius
1152 3063 1322 3112 Elect.
1349 3076 1411 3111 u.
1447 3077 1493 3111 c.
1522 3067 1603 3113 17.
1643 3118 1651 3127 ,
1689 3068 1877 3127 tonius,
1900 3067 1944 3115 si
1984 3068 2394 3130 nonnisiquater
2421 3083 2514 3116 suo
2545 3071 2752 3118 nomine

548 3134 662 3182 vult
692 3135 773 3183 hic
796 3135 1087 3185 addendum
1121 3152 1234 3187 esse
1256 3139 1421 3200 vicies,
1444 3140 1605 3188 mino·

548 3224 656 3257 rem
675 3211 972 3261 existimans
991 3227 1255 3262 numerum
1272 3215 1436 3277 illum,
1452 3230 1606 3278 quam

547 3293 606 3347 ut
642 3285 930 3348 Augustum
956 3288 1158 3351 deceat,
1181 3290 1270 3352 qui
1292 3290 1450 3340 toties
1482 3305 1604 3339 con-

547 3362 625 3410 sul
650 3361 825 3425 fuerit,
849 3370 906 3412 ut
926 3380 1084 3428 supra
1105 3379 1152 3416 c.
1172 3370 1254 3418 26.
1299 3367 1603 3417 casaubono

546 3447 818 3502 suspectus
864 3448 944 3490 est
1000 3442 1158 3504 locus,
1210 3442 1302 3492 sed
1359 3443 1604 3493 librorum

545 3528 798 3564 consensu
821 3515 1071 3567 firmatus.
1115 3518 1273 3569 Certe
1289 3519 1464 3569 studio
1485 3519 1598 3569 bre·

546 3590 724 3638 vitatis
748 3591 955 3641 videtur
978 3595 1249 3643 Suetonius
1291 3597 1450 3645 semel
1486 3603 1600 3645 tan-

545 3671 652 3714 tum
696 3669 922 3729 posuisse
965 3671 1146 3731 vicies,
1167 3685 1281 3720 cum
1322 3673 1602 3736 utrobique

542 3741 933 3807 intelligendum
966 3754 1121 3797 esset.
1191 3749 1303 3797 Nec
1333 3749 1467 3798 enim
1491 3749 1601 3800 inu-

545 3819 701 3868 sitata
723 3822 914 3870 ceteris
938 3823 1049 3871 baec
1086 3823 1330 3886 loquendi
1356 3826 1511 3886 ratio,
1543 3835 1603 3876 ut

543 3897 744 3945 notavit
789 3912 854 3946 ex
893 3899 1065 3947 Plinio
1096 3900 1185 3949 lib.
1217 3913 1377 3951 xvm.
1412 3916 1529 3965 cap.
1552 3907 1600 3954 7.

1686 3141 1834 3190 ludos
1879 3141 2120 3204 ediderit,
2171 3144 2406 3207 quamvis
2452 3144 2753 3194 ambitiosus

1687 3216 1853 3266 videri
1887 3218 2155 3279 noluisset,
2177 3228 2230 3267 et
2265 3221 2449 3268 alienae
2486 3230 2752 3282 praetextu

1687 3294 1859 3356 gloriae
1885 3310 2026 3344 suam
2049 3296 2339 3360 quaesisset‚
2354 3303 2413 3345 ut
2430 3296 2506 3345 ait
2528 3298 2752 3346 Torren-

1687 3371 1789 3419 tius
1812 3371 1913 3420 hic.
1980 3372 2163 3421 Victor
2183 3372 2324 3421 enim
2354 3373 2512 3421 etiarn
2537 3373 2748 3423 disertis

1684 3447 1856 3496 verbis
1888 3446 2112 3497 affirmat
2152 3448 2291 3498 omni
2331 3450 2748 3511 spectaculorum

1685 3539 1875 3588 genere
1915 3526 2206 3590 Augustum
2253 3528 2474 3577 maxime
2518 3529 2751 3579 delecta·

1684 3608 1791 3708 1⁰:¹¹
1797 3636 2102 3742 histriones]
2136 3678 2285 3728 Idem
2308 3687 2363 3729 et
2386 3680 2657 3745 pleraque,
2681 3681 2745 3731 de

1683 3753 1869 3819 quibus
1893 3754 1997 3817 hic,
2016 3755 2187 3806 Julius
2211 3753 2355 3806 fecit.
2401 3756 2540 3806 Vide
2557 3757 2609 3805 in
2635 3756 2742 3809 Jul.

1684 3833 2182 3970 affiimpkiehmm]
2214 3907 2411 3957 Statilii
2450 3907 2632 3970 Tauri,
2674 3909 2741 3958 de

545 3972 893 4035 casaubonus,
913 3976 1005 4025 sed
1037 3978 1114 4026 ita
1130 3985 1321 4037 tamen,
1349 3987 1407 4029 ut
1428 3981 1598 4043 major
1677 3997 1779 4047 quo
1807 3998 1851 4033 c.
1875 3988 1955 4034 29.
1973 3984 2115 4047 quod
2133 3983 2270 4032 enim
2284 3983 2453 4034 Julius
2468 3993 2740 4035 exstruxe-

542 4059 781 4098 numerus
816 4051 866 4098 in
897 4054 1068 4115 priore
1096 4064 1350 4105 commate
1379 4056 1596 4118 positus,
1680 4067 1761 4106 rat
1779 4059 1978 4107 nonnisi
2003 4059 2224 4119 ligneum
2239 4056 2363 4117 fuit,
2397 4066 2452 4107 et
2478 4066 2737 4122 tempora·

543 4124 699 4171 etiam
747 4130 982 4188 sequenti
1017 4131 1213 4181 serviat
1238 4147 1252 4179 ε
1289 4135 1304 4159 ‘
1327 4132 1377 4180 in
1409 4133 1596 4182 Trans·
1677 4135 1826 4195 rium,
1848 4144 1908 4184 ut
1931 4148 1996 4184 ex
2022 4133 2203 4185 Dionis
2227 4133 2314 4183 lib.
2341 4147 2505 4183 xmn.
2539 4137 2736 4200 colligit

542 4197 742 4259 padana
764 4200 920 4248 Italia
950 4204 1061 4255 ,scio
1096 4205 1302 4256 vicenas
1323 4208 1505 4272 quinas
1538 4210 1609 4258 li-.

543 4274 661 4324 bras
704 4274 855 4325 farris
899 4277 1096 4329 modios
1142 4284 1408 4351 pendere3
1457 4287 1597 4337 circa

1680 4210 1904 4272 Lipsius,
1922 4210 1973 4258 in
1998 4206 2397 4272 Amphitheatro
2412 4223 2532 4273 cap.
2557 4217 2605 4260 5.

1741 4288 1765 4320 ⁹
1799 4286 1984 4369 δερμα]
2011 4287 2175 4336 Locus
2192 4283 2292 4334 suit
2313 4285 2365 4334 in
2382 4299 2572 4353 campo
2592 4288 2731 4336 Mar-
