3019 4922
498 383 627 450 240
1361 398 1426 447 o.
1476 387 1838 449 suss‘romt

496 544 796 610 tiarant.4
879 540 1167 607 Addidit
1195 542 1495 625 porticus
1520 539 1543 578 f
1567 564 1722 610 cum,
1742 541 2147 609 bibliotheca
2168 552 2195 591 Β
2235 543 2483 612 Latina
2508 544 2701 612 Grae-

501 664 750 729 caque:
796 664 930 728 quo
958 645 1115 708 loco
1139 640 1164 678 ¹¹
1200 643 1344 726 jam
1375 644 1593 708 senior
1622 664 1811 729 saepe
1840 646 2042 711 etiam
2068 645 2386 713 Senatum
2407 648 2699 725 habuit‚⁵

500 744 981 831 decuriasquei
1040 746 1352 829 judicum
1403 751 1818 830 recognovit.
1936 749 2230 814 Tonanti
2277 749 2324 815 J
2329 751 2442 816 ovi
2483 751 2697 815 aedem

499 850 945 928 consecravit,
964 849 1282 912 liberatus
1305 848 1632 932 periculo,
1660 870 1816 915 cum
1840 851 2265 936 expeditione
2289 849 2699 918 Cantabrica

495 969 618 1035 per
642 956 1034 1017 nocturnum
1080 941 1201 1015 iter
1243 949 1557 1015 lecticam
1615 953 1762 1038 ejus
1791 949 2095 1036 fulgur⁶¹²
2140 955 2694 1038 praestrinxisset,

498 1073 893 1138 servumque
920 1052 1391 1139 praelucentem
1412 1048 1476 1103 ⁷¹
1521 1056 1993 1123 exanimasset.
2082 1055 2417 1140 Quaedam
2446 1056 2646 1123 etiam
2669 1056 2696 1095 ⁸

1412 1218 1714 1242 OOOOOOOOO
1716 1222 1775 1243 ‘O
1877 1233 1881 1238 ι

495 1338 653 1389 unica
685 1352 815 1389 voce
837 1340 964 1390 *adeo
995 1339 1249 1390 Fouc.—4
1281 1339 1661 1390 Pronuntiarent
1697 1340 1911 1389 Memm.
1943 1337 2141 1389 Medic.
2176 1344 2243 1388 tr.
2276 1336 2435 1391 Vino.
2455 1341 2694 1402 uterque.

493 1403 728 1456 Harlem.
751 1405 924 1453 Per-iz.
951 1404 1097 1453 Cort.
1130 1404 1246 1466 Cuj.
1268 1405 1418 1455 Voss.
1441 1412 1497 1455 et
1522 1406 1657 1455 Edd.
1684 1406 1752 1456 Ο.
1781 1412 1902 1454 ante
1935 1404 2116 1468 Steph.
2180 1404 2311 1453 Mox
2334 1403 2526 1452 addidit
2542 1417 2695 1465 tepo-

494 1469 603 1519 suit
619 1470 837 1533 Baumg.
861 1469 1158 1518 auctoribus
1184 1469 1407 1520 Casaub.
1431 1470 1570 1524 ond.
1592 1471 1717 1520 Ern.
1737 1470 1919 1521 Pitisc.
1940 1467 2045 1519 fide
2069 1466 2504 1520 Memmhviterb.
2526 1467 2694 1518 Gros-

492 1533 589 1585 lot.
611 1535 811 1584 Medic.
829 1538 876 1583 1.
898 1538 946 1584 3.
972 1533 1128 1584 Fouc.
1147 1533 1305 1584 vind.
1327 1535 1596 1598 utriusque
1615 1538 1745 1599 Cop.
1766 1536 1919 1587 Voss.
1938 1534 2057 1599 Cuj.
2077 1540 2132 1583 et
2155 1533 2290 1584 Edd.
2313 1534 2524 1597 aliquot.
2566 1533 2699 1583 Vul-

494 1613 564 1660 go
583 1601 749 1650 addita
769 1601 923 1649 etiam
948 1614 979 1648 a
998 1599 1177 1650 Burm.
1197 1607 1476 1649 servatum.
1506 1602 1645 1649 addit
1660 1601 1813 1650 Huls.
1844 1599 2038 1650 additus
2050 1599 2151 1649 Ed.
2175 1599 2357 1661 Camp.
2384 1599 2544 1647 aditus
2558 1598 2695 1649 Ven.

495 1669 545 1713 1.
577 1678 693 1728 qnae
727 1672 783 1715 et
822 1665 1012 1724 Grata,
1044 1665 1153 1714 sine
1186 1671 1387 1727 qum—5
1426 1667 1579 1714 Genus
1612 1666 1721 1715 hab.
1746 1665 1982 1715 Han-lem.
2045 1665 2172 1714 Tum
2207 1663 2426 1725 cognovit
2465 1662 2623 1712 Vind.
2649 1667 2698 1714 1.

495 1730 789 1793 Tonantique
804 1728 963 1779 Vind.
985 1734 1034 1778 2.
1070 1745 1132 1780 ac
1162 1730 1214 1779 in
1241 1745 1349 1794 exp.
1380 1730 1551 1780 Pet-iz.
1586 1729 1782 1781 Medic.
1805 1735 1854 1781 2.
1880 1729 2015 1779 Edd.
2050 1728 2179 1779 Ant.
2214 1727 2415 1792 Grypb.
2450 1725 2697 1777 plant.—

493 1797 527 1843 6
560 1794 749 1855 Fulgor
770 1796 906 1845 Edd.
932 1796 1108 1845 Plant.
1135 1795 1309 1845 Graev.
1335 1789 1499 1845 Gron.
1564 1796 1702 1845 Dein
1733 1795 2094 1860 perstrinxisset
2125 1793 2262 1845 Edd.
2295 1792 2410 1844 fere
2441 1792 2510 1844 Ο.
2534 1792 2587 1842 id
2629 1807 2696 1844 ue

490 1861 728 1921 praetulit
752 1860 1060 1923 Cannegiet.
1083 1860 1148 1910 ad
1168 1859 1354 1909 Avien.
1376 1859 1480 1910 fab.
1503 1864 1588 1911 22.
1607 1867 1773 1924 praest.
1797 1861 1991 1910 liabent
2014 1859 2211 1912 Medic.
2234 1863 2284 1910 3.
2337 1858 2497 1909 Polit.
2524 1859 2602 1908 Pu
2678 1891 2695 1908 .

491 1923 611 1974 Pal.
631 1932 758 1981 tres.
780 1927 993 1975 Memm.
1019 1926 1231 1990 Cuj.—⁷
1255 1925 1599 1985 Perducentem
1618 1926 1781 1976 Fonc.
1803 1926 1973 1977 Pei-iz.
1996 1925 2236 1975 Hal-lema—
2251 1924 2372 1987 Cuj.
2390 1923 2533 1976 Cort.
2554 1922 2695 1974 Edd.

491 1988 641 2040 Rom.
658 1991 791 2039 ven.
817 1998 881 2040 tr.
897 1993 1106 2053 praeduc.
1128 1989 1323 2040 Medic.
1348 1994 1394 2042 1.
1417 1996 1465 2040 3.
1489 1990 1648 2041 Vind.
1671 1998 1891 2056 uterque
1912 2006 2030 2041 cnm
2056 1988 2188 2039 Edd.
2213 1988 2552 2051 Lugdaunt.
2569 1986 2694 2038 Ald.

489 2052 560 2104 ln
581 2054 738 2106 Polit.
754 2058 1049 2120 prodam—8
1071 2055 1418 2109 Desidet-atur
1433 2055 1579 2108 etium
1597 2057 1651 2107 iu
1667 2057 1766 2108 Ed.
1783 2057 1907 2108 min.
1927 2057 2104 2109 Graev.
2128 2062 2184 2106 et
2206 2054 2373 2106 Gron.
2405 2054 2548 2107 Dein
2567 2068 2698 2104 mo·

1487 2217 1705 2269 NOTAE

554 2313 576 2350 ¹
601 2317 851 2383 Porticus]
902 2318 1073 2368 Locus
1116 2322 1250 2374 erat,
1299 2322 1440 2367 totus
1480 2316 1547 2367 ad

490 2393 844 2445 amoenitatem
877 2403 932 2445 et
954 2393 1389 2458 magnificentiam
1412 2409 1550 2445 com·

487 2471 692 2536 positus
715 2480 770 2523 et
792 2477 1111 2533 exstructus,
1134 2471 1222 2521 ubi
1255 2470 1550 2522 deambula-

487 2550 658 2601 tiones
674 2557 730 2601 et
748 2541 1064 2603 umbracula.
1085 2550 1245 2602 Ovid.
1261 2551 1325 2602 de
1344 2552 1550 2616 porticu

485 2625 763 2692 Pompeii:
795 2630 810 2657 ‘
831 2628 906 2677 Tu
938 2627 1088 2677 modo
1123 2628 1379 2692 Pompeia
1397 2629 1551 2679 lae'tus

486 2704 714 2769 spatiare
755 2703 850 2754 sub
895 2703 1110 2760 umbra,'
1148 2706 1246 2755 ὅτε.
1314 2704 1548 2758 Martial.

484 2793 588 2831 non
607 2782 785 2833 semel.

548 2866 577 2904 Β
608 2859 932 2923 Bibliotheca]
981 2860 1061 2910 De
1083 2870 1184 2922 qua
1206 2856 1455 2906 Horatius
1479 2857 1551 2906 E-

482 2931 611 2998 pist.
648 2936 696 2987 1.
732 2935 828 2985 lib.
864 2948 927 2984 11.
963 2935 1051 2983 ‘Si
1089 2947 1274 2982 munus
1307 2931 1552 2997 Apolline

483 3008 697 3074 dignum
720 3011 815 3060 Vis
851 3011 1114 3074 complere
1147 3009 1312 3072 libris,
1342 3017 1397 3059 et
1422 3011 1553 3059 vati·

481 3083 580 3134 bus
603 3085 799 3135 addere
821 3086 1028 3135 calcar!
1097 3088 1167 3135 Et
1200 3086 1319 3136 Ode
1343 3090 1423 3136 31.
1457 3086 1552 3137 lib.

482 3173 530 3210 1.
550 3162 568 3189 ⁴
589 3162 728 3214 Quid
754 3162 1051 3213 dedicatum
1072 3163 1240 3227 poscit
1254 3163 1549 3227 Apollinem

482 3236 669 3302 Vates,
692 3238 815 3302 quid
841 3238 993 3297 orat,’
1016 3242 1116 3288 διο.
1184 3239 1255 3288 Et
1285 3238 1372 3289 lib.
1400 3253 1438 3289 1.
1479 3239 1550 3287 E-

480 3312 606 3378 pist.
628 3318 679 3365 ³.
711 3317 726 3342 ‘
744 3315 955 3379 Scripta
992 3314 1261 3364 Palatinus
1285 3329 1546 3381 quaecum-

480 3404 584 3455 que
607 3391 813 3455 recepit
835 3390 1062 3456 Apollo,'
1082 3395 1183 3444 dec.
1230 3392 1379 3442 Idem
1402 3394 1547 3443 volu-

480 3473 596 3518 erat
615 3468 785 3521 Julius
808 3485 857 3519 c.
877 3473 962 3520 44.
1012 3482 1013 3485 ’

545 3542 574 3578 ¹¹
605 3546 716 3603 Quo
747 3546 869 3610 loco]
926 3548 1010 3597 De
1051 3548 1244 3611 templo
1282 3549 1545 3612 Apollinis

476 3620 765 3674 Sabellicus
783 3624 951 3674 locum
971 3625 1112 3674 illum
1129 3626 1392 3688 intelligit,
1406 3627 1544 3691 quod

476 3698 532 3747 in
556 3699 669 3749 aliis
691 3714 846 3765 quam
871 3702 1188 3751 consecratis
1211 3703 1427 3766 augurio
1468 3704 1544 3752 lo·

477 3774 555 3824 cis
574 3775 756 3825 baberi
776 3776 1024 3827 Senatum
1043 3776 1121 3827 fas
1138 3792 1242 3827 non
1261 3785 1431 3828 esset:
1463 3793 1546 3829 ve·

476 3863 593 3901 rum
629 3865 746 3900 cum
778 3858 834 3901 et
857 3853 952 3901 alia
975 3855 1137 3902 multa
1160 3853 1426 3917 Augustus
1452 3855 1545 3904 im·

476 3927 712 3984 mutarit,
746 3936 798 3976 et
817 3929 904 3978 hic
924 3929 1063 3979 idem
1088 3938 1289 3988 auctor,
1322 3932 1450 3980 licet
1473 3947 1545 3980 ae-

477 4001 597 4052 dem
615 4004 804 4053 Martis
829 4020 858 4053 a
882 4007 1078 4070 templo
1112 4006 1454 4072 distinguens,
1490 4008 1542 4056 in

474 4080 567 4129 illa
587 4087 760 4130 tamen
793 4082 1038 4133 Senatum
1063 4084 1430 4135 consulendum
1454 4100 1542 4134 vo-

475 4155 636 4206 luisse
660 4154 890 4218 referam
914 4157 980 4206 de
1001 4160 1208 4222 porticu
1230 4174 1433 4226 qnoque
1458 4162 1540 4209 vel

476 4231 796 4282 bibliotheca
844 4233 1083 4296 intelligi
1114 4251 1267 4300 posse
1315 4237 1542 4289 videtur.

475 4308 560 4363 De
586 4308 682 4360 hoc
705 4307 962 4375 Apollinis
994 4313 1208 4376 templo,
1229 4313 1538 4383 Propertius

1628 2318 1721 2370 lib.
1746 2332 1807 2369 ιι.
1847 2316 2029 2383 Elegia
2065 2322 2112 2368 1.
2153 2316 2219 2367 ab
2257 2314 2441 2367 initiet
2474 2314 2493 2345 ⁴
2516 2312 2694 2379 Atque

1629 2396 1719 2447 ubi
1735 2397 1904 2446 navali
1921 2402 2063 2446 stant
2080 2408 2230 2444 sacra
2247 2393 2444 2458 palatia
2459 2391 2585 2442 Phoe
2593 2390 2698 2456 bo:

1634 2478 1733 2528 &c.
1802 2474 1976 2539 Hujus
1998 2474 2050 2522 in
2073 2472 2284 2536 fastigio
2308 2470 2584 2520 videbatur
2616 2484 2696 2519 so·
2738 2497 2746 2503 ·

1631 2552 1695 2602 lis
1731 2567 1928 2613 curruz,
1963 2553 2053 2616 qni
2087 2551 2248 2600 multo
2270 2563 2397 2600 auro
2418 2547 2696 2612 obductus,

1630 2628 1815 2679 mirum
1834 2626 2162 2692 splendorem
2182 2623 2372 2675 edebat
2385 2622 2574 2687 {cujus
2589 2637 2697 2672 me·

1630 2705 1783 2756 minit
1821 2705 1959 2754 idem
1982 2709 2164 2754 auctor
2185 2702 2276 2752 lib.
2298 2714 2367 2752 11.
2402 2700 2585 2763 Elegia
2608 2703 2696 2749 81.

1630 2782 1880 2845 templum
1909 2779 2241 2831 describensz
2279 2780 2296 2808 ⁶
2316 2778 2447 2826 Tum
2468 2774 2694 2825 medium

1628 2859 1772 2908 claro
1795 2857 2048 2920 surgebat
2064 2868 2317 2906 marmore
2335 2852 2607 2916 templum,
2623 2852 2695 2900 Et

1627 2936 1800 3001 patria
1821 2935 2020 2986 Phoebo
2050 2934 2221 2985 carius
2241 2931 2481 2996 Ortygia.
2548 2929 2696 2979 Auro

1629 3013 1751 3064 solis
1774 3008 1890 3063 efflat
1915 3026 2073 3075 supra
2107 3009 2321 3074 fastigia
2353 3005 2570 3072 currus‚'
2591 3009 2694 3056 διο.

1630 3089 1874 3140 Manilius
1900 3102 2103 3153 quoque
2124 3086 2214 3137 lib.
2241 3099 2296 3136 v.

1691 3162 1706 3197 ¹
1729 3164 2075 3228 Decuriosque]
2098 3164 2132 3215 J
2137 3161 2344 3213 udIcnm
2366 3158 2596 3211 decuriae
2611 3159 2695 3210 fu-

1628 3250 1785 3293 erunt
1829 3241 2114 3292 eorundem
2159 3238 2315 3295 uariae
2358 3238 2569 3294 classes,
2625 3237 2693 3286 de

1627 3319 1811 3385 quibus
1851 3319 1926 3369 sic
1961 3317 2165 3368 Plinius
2199 3315 2291 3367 lib.
2327 3326 2544 3364 xxxlu.
2576 3326 2622 3364 c.
2645 3319 2695 3364 1.

1626 3394 1909 3447 ‘Judicum
1949 3408 2154 3461 qnoque
2193 3406 2297 3442 nou
2334 3391 2432 3440 nisi
2468 3395 2693 3456 quatuor

1626 3473 1854 3523 decuriae
1893 3471 2043 3522 fuere
2080 3471 2265 3535 primo,
2299 3469 2488 3533 vixque
2528 3467 2693 3517 millia

1625 3550 1825 3613 singula
1848 3550 1901 3599 in
1925 3548 2149 3599 decuriis
2171 3546 2387 3596 inventa
2410 3551 2691 3607 sunt,non·

1625 3626 1750 3676 dum
1781 3625 2060 3691 provinciis
2086 3624 2153 3674 ad
2175 3622 2273 3673 hoc
2296 3633 2482 3671 munus
2505 3618 2692 3668 admis-

1623 3704 1729 3768 sis‚'
1763 3708 1861 3754 διο.
1929 3705 2000 3754 Et
2021 3717 2069 3754 c.
2094 3706 2144 3751 2.
2176 3699 2193 3728 ‘
2214 3699 2456 3749 Decuriae
2481 3708 2690 3761 qnoque

1623 3781 1752 3843 ipsae
1796 3780 2040 3830 discretae
2086 3774 2321 3842 pluribus
2374 3771 2690 3827 nominibus,

1623 3854 1768 3905 fuere
1789 3856 2111 3906 tribunorum
2129 3852 2266 3916 aeris,
2285 3859 2340 3902 et
2363 3851 2690 3910 selectorum,

1622 3940 1677 3983 et
1709 3932 1967 3996 judicum.
2033 3932 2238 3981 Praeter
2270 3930 2381 3979 haec
2405 3927 2685 3978 etiamnum

1622 4000 1871 4073 nongenti
1926 4003 2278 4057 vocabantur?
2373 4001 2578 4052 Videsia
2632 4004 2685 4049 et

1616 4088 1776 4136 Turn.
1800 4084 1891 4134 lib.
1918 4098 2079 4135 xxix.
2103 4097 2149 4131 c.
2175 4086 2254 4131 16.
2277 4084 2378 4130 &c.

1683 4161 1710 4196 Β
1733 4161 1943 4224 Fulgin]
1969 4161 2073 4210 Pro
2096 4158 2314 4209 fulmine
2336 4155 2528 4222 posuit,
2546 4152 2680 4219 quod

1617 4254 1714 4289 nec
1737 4238 1851 4287 aliis
1878 4237 2150 4286 insuetum.

1678 4313 1694 4347 ¹
1727 4314 2015 4377 Servumque
2045 4309 2400 4376 praelucentem]
2431 4308 2518 4358 De
2557 4319 2675 4355 con·
