3019 4922
528 424 656 491 476
1378 441 1442 487 c.
1486 438 1845 490 sun‘romt

529 605 722 650 mone
764 604 956 668 paene
1002 583 1315 661 omnium,
1349 584 1543 667 quasi
1586 602 1801 668 neque
1844 584 2179 651 rediturus
2223 596 2592 671 unquam,'
2619 595 2697 658 ,et

531 692 665 756 cito
699 697 974 754 mortem
1017 687 1220 751 etiam
1257 687 1596 752 obiturus:
1644 687 1826 771 quod
1869 689 2072 771 paulo
2109 689 2328 753 minus
2356 697 2701 776 utrumque

534 790 764 857 evenit.
851 788 1029 853 Nam
1057 807 1271 872 neque
1303 788 1588 852 Romam
1617 790 1896 874 amplius
1933 791 2165 871 rediit;
2208 792 2331 856 sed
2353 800 2379 842 ⁷
2424 799 2495 857 et
2535 813 2700 877 pau-

532 914 653 961 cos
696 899 850 978 post
891 892 1034 956 dies
1081 890 1286 975 juxta
1328 892 1754 956 Terracinam
1776 901 1801 926 ¹
1845 893 1912 956 in
1957 895 2322 978 praetorio,y
2365 896 2477 960 eui
2536 895 2705 979 Spe-

534 998 755 1064 luncae
791 1015 1026 1061 nomen
1070 994 1221 1074 est,⁸
1268 996 1730 1060 incoenante⁹⁸
1775 1018 1875 1076 ee,
1915 999 2259 1081 complura
2303 1003 2371 1062 et
2411 997 2702 1082 ingentia

536 1119 707 1164 saxa
748 1099 1021 1163 fortuitu
1043 1106 1096 1137 ¹0
1140 1118 1421 1183 superne
1451 1098 1728 1183 delapsa
1757 1107 1954 1165 sunt:
2000 1100 2355 1184 multisque
2401 1100 2707 1166 conviva-

533 1222 674 1266 rum
706 1209 771 1278 et
800 1201 1239 1266 ministrorum
1279 1203 1486 1280 elisiS,
1525 1209 1767 1286 praeter
1798 1224 1984 1289 spem
2014 1204 2250 1269 evasit.
2336 1203 2508 1287 [40.]
2549 1205 2707 1268 Per·

537 1312 764 1386 agrata
808 1303 1204 1388 Campania,
1234 1324 1384 1370 cum
1415 1303 1668 1388 Capuae
1689 1315 1715 1343 ⁸
1766 1304 2219 1391 Capitolium‚²'
2262 1305 2465 1372 Nolae
2488 1313 2514 1341 ⁶
2549 1312 2709 1370 tem-

534 1407 720 1490 plum
777 1404 1084 1492 Augusti,
1139 1428 1334 1492 quam
1389 1429 1666 1475 cansam
1725 1410 2158 1494 profectionis
2215 1409 2704 1494 praetenderat,¹

1444 1578 1806 1597 &mlweu

537 1675 694 1725 vind.
713 1679 758 1724 1.
780 1676 893 1725 obit.
912 1676 1055 1726 etiam
1079 1676 1295 1739 Cuj.——-7
1329 1676 1422 1725 Sed
1461 1676 1651 1725 delevit
1679 1677 1822 1740 Lips.
1844 1690 1942 1726 nec
1963 1676 2160 1726 habent
2185 1689 2312 1724 unus
2334 1673 2424 1723 lib.
2445 1675 2592 1724 Torr.
2616 1671 2713 1723 Ed.

537 1741 661 1791 Bas.
726 1742 906 1791 Statim
930 1746 976 1790 et
999 1741 1146 1790 deest
1177 1742 1388 1791 Memm.
1424 1741 1552 1805 Cop.
1578 1743 1775 1791 Medic.
1802 1748 1845 1791 l.
1863 1747 1911 1792 3.
1934 1741 2164 1790 Harlem.
2187 1740 2343 1789 Polit.
2392 1740 2520 1788 Mox
2548 1740 2715 1788 Terra-

536 1821 637 1856 cen.
659 1803 757 1855 Ed.
792 1807 940 1855 Rom.
976 1821 1081 1857 sec.
1124 1808 1314 1856 Tarrac.
1347 1807 1540 1855 Medic.
1564 1810 1613 1856 2.
1637 1811 1684 1856 3.
1721 1806 1875 1856 Vind.
1896 1812 1948 1858 2.
1983 1806 2119 1870 quod
2153 1806 2299 1855 malit
2322 1803 2461 1854 Ond.
2495 1803 2714 1853 Tameia.

537 1870 696 1919 vind.
714 1874 856 1919 1.—8
888 1871 972 1951 lta
995 1879 1098 1920 tres
1121 1870 1314 1949 Medic.
1343 1874 1477 1921 Dun.
1503 1871 1659 1922 Polit.
1681 1872 1837 1921 Viud.
1872 1876 1921 1921 2.
1947 1872 2076 1934 Cop.
2102 1870 2219 1947 Cuj.
2242 1867 2374 1919 Edd.
2396 1869 2514 1917 Bas.
2537 1869 2717 1931 Steph.

538 1942 775 2048 &13¹5
784 1935 1021 2063 .ῗῖξὲῗᾲ
1029 1934 2717 2066 12‘321‘1‘22.23:233,⁸323...X:.¹L⁸13335223¹.t.'g‘ffi?,.i⁶f”32‘3

540 2062 605 2111 ad
634 2065 757 2114 Tac.
788 2078 868 2114 iv.
891 2071 974 2115 69.
1003 2067 1245 2116 emendat
1288 2068 1427 2130 Lips.
1447 2068 1501 2115 in
1519 2073 1774 2117 coenantem
1793 2082 1915 2118 earn.
1983 2066 2160 2116 Habet
2183 2079 2342 2127 marg.
2366 2064 2491 2113 Ant.
2514 2062 2717 2126 Gryph.

538 2127 711 2177 ibidem
730 2137 952 2180 coenante.
1000 2130 1147 2193 Conj.
1175 2131 1312 2181 Oud.
1334 2148 1452 2181 nmn.
1473 2132 1617 2194 inest,
1633 2148 1750 2181 coen.
1773 2147 1843 2181 eo.
1907 2133 1970 2182 In
1995 2129 2154 2181 vind.
2177 2135 2227 2180 2.
2249 2132 2404 2180 Fonc.
2429 2129 2580 2178 deest
2605 2142 2719 2190 par-

541 2194 918 2254 ticipium—10
938 2196 1020 2245 Ita
1037 2204 1145 2259 opt.
1161 2197 1307 2246 Torr.
1327 2197 1470 2246 Cort.
1488 2197 1621 2245 Edd.
1640 2198 1784 2247 Rom.
1806 2195 1893 2245 Al.
1901 2197 2127 2257 fortuito.
2163 2195 2297 2244 Dein
2315 2195 2497 2258 dilapsa
2511 2194 2722 2242 Memm.

540 2258 710 2307 Periz.
735 2260 866 2322 Cop.
901 2260 1054 2309 Huls.
1089 2261 1320 2309 Harlem.
1344 2269 1398 2309 et
1428 2261 1494 2311 Ο.
1519 2260 1649 2309 Edd.
1676 2262 1819 2311 Vett.
1849 2263 1912 2311 ad
1943 2263 2062 2310 Bas.
2087 2275 2266 2325 usque,
2287 2273 2341 2309 et
2362 2260 2560 2323 recepit
2585 2258 2722 2308 Oud.

540 2327 634 2370 -l
673 2325 896 2372 Protend.
917 2324 1074 2374 vind.
1093 2330 1141 2374 2.
1190 2328 1499 2389 proetenderet
1524 2325 1717 2376 Medic.
1734 2331 1784 2377 2.
1854 2327 1978 2376 Mox
2009 2327 2133 2375 cont.
2162 2341 2213 2374 se
2237 2325 2473 2390 proecipuo
2494 2323 2658 2373 vind.
2678 2328 2723 2373 l.

543 2393 594 2435 et
617 2391 739 2436 mari
763 2388 859 2438 Ed.
880 2389 1054 2454 Steph.
1086 2405 1200 2440 cum
1239 2406 1400 2455 marg.
1425 2393 1549 2441 Ant.
1567 2391 1772 2457 Gryph.
1798 2393 2073 2457 malletque
2099 2391 2236 2441 Oud.
2259 2389 2300 2439 si
2324 2388 2490 2439 Codd.
2514 2387 2717 2439 addice·

1523 2539 1738 2592 NOTAE

542 2666 607 2701 ex
632 2652 934 2717 Agrippina,
969 2661 1024 2704 ut
1052 2669 1207 2719 supra
1228 2669 1345 2720 cap.
1367 2661 1417 2706 7.
1460 2654 1598 2706 vide

540 2728 676 2778 infra
694 2744 807 2790 cap.
832 2736 913 2779 52.

607 2815 629 2861 l'
665 2806 729 2857 A.
754 2808 819 2857 U.
848 2809 906 2857 C.
926 2812 1038 2858 779.

605 2890 638 2914 “’
675 2883 933 2934 Rediturus
975 2886 1201 2950 unquam]
1262 2886 1376 2936 Hac
1425 2884 1490 2934 de
1540 2899 1595 2934 re

540 2958 792 3010 Tacitus:
850 2967 864 2988 ‘
891 2961 1149 3011 Ferebant
1201 2963 1359 3026 periti
1413 2963 1593 3012 coeles-

524 3035 694 3092 ·tium‚
725 3037 786 3085 iis
820 3035 1039 3086 motibus
1061 3039 1282 3087 siderum
1308 3039 1595 3088 excessisse

544 3112 706 3160 Roma
727 3112 1004 3170 Tiberium,
1041 3123 1098 3163 ut
1127 3115 1323 3163 reditus
1346 3115 1419 3163 illi
1442 3129 1597 3177 nega-

543 3193 705 3235 retur.
769 3189 920 3237 Unde
944 3189 1087 3237 exitii
1109 3204 1261 3237 causa
1291 3188 1390 3238 fuit
1421 3190 1596 3239 multis

542 3275 845 3326 prosperum
870 3262 1023 3313 finem
1040 3264 1161 3314 vitae
1184 3264 1595 3328 conjectantibus

545 3339 1009 3404 vulgantibusque.’

607 3422 634 3448 ⁸
664 3417 991 3480 Terracinam]
1040 3417 1241 3468 Nomen
1282 3425 1429 3468 vetus
1472 3418 1595 3468 reti-

545 3494 677 3543 nuit.
742 3494 820 3543 De
846 3496 938 3543 hac
963 3494 1014 3542 in
1032 3494 1191 3544 Julio.

610 3580 631 3613 ἵ
674 3570 929 3634 Pretorio]
964 3571 1080 3620 Hoc
1117 3578 1218 3634 est,
1252 3572 1403 3621 villa:
1441 3587 1596 3634 supra

544 3649 598 3697 in
623 3647 859 3711 Augusto
880 3662 997 3710 cap.
1017 3650 1098 3696 72.
1133 3655 1189 3697 et
1225 3647 1457 3710 Caligula
1478 3664 1595 3712 cap.

546 3731 628 3776 37.
669 3728 765 3776 διο.
829 3726 1046 3773 Tacitus
1092 3723 1183 3773 lib.
1207 3737 1282 3773 tv.
1333 3723 1598 3775 Annal.in

549 3803 669 3852 villa
692 3801 883 3851 factum
907 3802 1054 3852 dicit.

611 3887 633 3912 2
666 3878 959 3942 Incoenante]
1009 3878 1125 3927 Hoc
1170 3884 1268 3941 est,
1311 3879 1450 3928 intus
1494 3894 1598 3929 coe-

546 3963 739 4004 nante:
792 3956 1044 4019 quomodo
1093 3956 1379 4005 Columella
1416 3956 1504 4005 lib.
1533 3971 1597 4007 ιι.

548 4031 615 4078 de
651 4032 729 4080 Re
769 4032 981 4081 Rustica
1024 4046 1143 4095 cap.
1186 4037 1265 4083 18.
1304 4033 1435 4082 dixit
1475 4034 1601 4082 ‘im-

550 4106 725 4168 pasci‚’
755 4107 822 4155 de
846 4109 1007 4170 pratis
1030 4110 1267 4171 loquens:
1299 4110 1315 4136 ‘
1337 4108 1414 4158 Ac
1435 4124 1602 4174 neque

549 4195 691 4229 suem
723 4181 935 4231 velimus
970 4183 1205 4245 impasti,
1229 4185 1464 4247 quoniam
1495 4200 1603 4234 ros-

551 4262 635 4304 tro
673 4253 947 4304 suffodiat.’
1022 4259 1093 4307 Et
1135 4259 1226 4309 lib.
1271 4274 1349 4310 vr.
1392 4275 1508 4326 cap.
1551 4268 1600 4311 5.

552 4334 624 4383 Et
666 4332 864 4383 Statius
918 4333 1008 4385 lib.
1053 4348 1176 4386 vm.
1208 4336 1455 4391 Thebaid.
1496 4339 1605 4389 ‘in-

1678 2668 1884 2705 servare
1905 2657 1939 2705 ε’
1982 2652 2102 2702 ‘An
2125 2651 2219 2702 tibi
2244 2650 2426 2702 felices
2460 2652 2605 2700 lucos
2637 2650 2725 2699 mi·

1677 2740 1873 2780 seratus
1928 2729 2123 2779 Averni
2182 2728 2380 2780 Rector
2433 2736 2489 2778 et
2531 2727 2726 2791 Elysias

1676 2809 1822 2858 dedit
1858 2810 2122 2858 inservare
2168 2808 2402 2856 volucres
2428 2804 2462 2853 :'
2508 2803 2575 2852 de
2611 2802 2727 2852 Am·

1678 2886 1904 2949 phimaro
1927 2885 2158 2949 loquens.
2226 2882 2369 2932 Alias
2401 2873 2726 2929 ‘incenatus'

1675 2963 1811 3028 apud
1832 2963 2073 3011 Plautum
2094 2975 2187 3024 pro
2206 2968 2335 3008 ‘non
2350 2954 2572 3007 coenato’
2587 2968 2727 3005 usur-

1713 3046 1847 3086 atur.
1946 3042 1952 3053 “

1674 3052 1707 3102 p
1738 3122 1763 3148 ⁸
1792 3114 1988 3178 Capua]
2019 3113 2084 3162 In
2105 3111 2246 3163 Julio
2269 3109 2331 3159 ad
2356 3123 2472 3172 cap.
2496 3113 2579 3159 87.

1739 3190 1760 3222 b
1788 3188 2098 3253 Capitolium]
2121 3188 2204 3237 Ad
2226 3187 2612 3237 similitudinem
2633 3186 2730 3234 Ro·

1675 3267 1811 3316 mani
1835 3266 2054 3316 fortasse
2091 3269 2426 3319 exstructum,
2459 3263 2609 3325 cnjus
2631 3256 2731 3310 me·

1677 3345 1821 3393 minit
1844 3349 1898 3392 et
1921 3343 2076 3392 Silius
2106 3341 2195 3390 lib.
2238 3353 2315 3389 xi.
2351 3340 2417 3388 de
2454 3336 2729 3402 Campanis

1676 3422 1923 3484 loquens:
1957 3418 1974 3446 ‘
1993 3424 2279 3468 monstrant
2295 3417 2554 3480 Capitolia
2578 3416 2730 3476 celsa,

1676 3499 2020 3560 Stellatosque
2067 3494 2258 3545 docent
2301 3507 2527 3556 campos,
2577 3493 2731 3542 Cere·

1678 3587 1888 3637 remque
1931 3568 2242 3634 benignam,'
2289 3569 2440 3633 quale
2476 3574 2531 3617 et
2567 3568 2734 3617 Bene·

1678 3650 1822 3699 venti
1845 3646 1999 3696 fuisse
2034 3653 2182 3695 notat
2210 3643 2514 3693 Beroaldus.
2584 3643 2734 3693 Unde

1679 3741 1823 3776 arces
1848 3725 1971 3774 alias
2010 3716 2256 3786 Capitolii
2283 3721 2487 3770 nomine
2512 3728 2735 3785 postmo-

1681 3805 1797 3852 dum
1822 3800 2130 3866 appellatas,
2166 3798 2452 3847 verosimile
2485 3796 2548 3847 fit
2573 3811 2638 3846 ex
2657 3796 2732 3844 bis

1673 3870 1989 3944 Afiollinaris
2012 3876 2276 3925 versibus:
2312 3874 2329 3901 ‘
2353 3875 2528 3936 Salve,
2557 3871 2733 3923 Narbo

1677 3970 1858 4025 potens
1879 3957 2200 4011 salubritate,
2219 3956 2360 4005 Urbe
2380 3963 2433 4004 et
2449 3969 2570 4006 rure
2586 3954 2732 4004 simul

1676 4038 1838 4087 bonus
1856 4031 2312 4099 videri,Delubris‚
2330 4030 2617 4095 Capitoliis,
2632 4045 2733 4080 mo-

1679 4106 1847 4173 netis,'
1869 4113 1969 4159 διο.

1741 4196 1765 4222 0
1799 4186 1963 4249 Noloe]
1996 4183 2100 4234 Ubi
2139 4182 2402 4248 Augustus
2440 4182 2660 4243 obierat,
2680 4180 2729 4229 in

1680 4264 1917 4327 Augusto
1955 4276 2071 4325 cap.
2091 4263 2175 4309 98.
2209 4259 2293 4309 ubi
2316 4266 2374 4309 et
2408 4258 2476 4308 de
2513 4256 2725 4323 Capreis

1680 4339 1875 4389 insulis.
2367 4346 2374 4351 ·
