3019 4922
1204 402 1499 455 sumus.
2321 396 2451 462 123

281 552 516 631 gratum
546 546 835 612 fortasse
864 545 1052 624 fecit,
1084 548 1200 631 qui
1232 548 1353 615 illa
1394 550 1660 618 volent*
1708 552 2112 636 calamistris
2142 557 2453 637 inurere,‘¹

282 671 469 716 sanos
496 651 767 735 quidem
796 652 1094 716 homines
1124 672 1167 717 a
1196 655 1551 719 scribendo
1580 655 1940 723 deterruit.'
2024 659 2133 725 De
2160 661 2403 726 iisdem
2422 668 2449 698 ²

280 755 751 820 commentariis
781 754 1052 820 Hirtius
1079 757 1178 822 ita
1207 757 1568 842 praedicat:
1615 761 1859 827 <Adeo
1902 765 2266 847 probantur
2306 785 2455 830 om-

278 859 436 923 nium
468 858 761 942 judicio,
791 866 870 923 ut
899 866 1252 959 praerepta,
1283 881 1415 926 non
1446 863 1756 947 praebita,
1787 865 2077 933 facultas
2110 870 2450 954 scriptori-

278 961 388 1025 bus
415 962 737 1027 videatur.
786 961 1003 1046 Cujus
1034 971 1252 1028 tamen
1283 966 1382 1030 rei
1410 967 1621 1051 maJor
1649 975 1900 1048 nostra,
1932 991 2131 1053 quam
2163 974 2449 1057 reliquo-

274 1085 422 1144 rum,
454 1076 569 1131 est
599 1066 979 1131 admiratio.
1070 1066 1291 1132 Ceteri
1323 1068 1521 1145 enim,
1552 1090 1754 1153 quam
1797 1072 1966 1137 bene
1995 1079 2195 1159 atque
2227 1097 2450 1142 emen·

274 1167 455 1249 date,³
485 1190 621 1235 nos
653 1171 908 1249 etiam,4
934 1190 1136 1255 quam
1166 1170 1364 1236 facile
1392 1179 1598 1257 atque
1628 1175 1934 1240 celeriter
1965 1196 2087 1241 eos
2117 1181 2448 1265 perscrip-

274 1272 435 1351 serit,
464 1272 774 1340 scimus.'
860 1273 1086 1358 Pollio
1112 1282 1135 1311 ¹
1177 1273 1488 1354 Asinius,
1516 1296 1748 1362 parum
1774 1278 2151 1362 diligenter,
2179 1302 2448 1365 parum-

272 1394 386 1458 que
412 1376 677 1459 integra
705 1376 985 1442 veritate
1020 1378 1463 1462 compositoS,
1493 1386 1718 1462 putat,
1762 1402 1916 1447 cum
1949 1382 2183 1450 Caesar
2225 1386 2450 1468 plera÷

274 1498 386 1561 que
414 1485 478 1544 et
508 1482 667 1564 quae
696 1501 816 1566 per
846 1481 1020 1546 alios
1049 1488 1237 1548 erant
1267 1490 1490 1566 gesta,
1520 1491 1768 1551 temere
1796 1487 2166 1566 crediderit,
2196 1494 2263 1554 et
2290 1510 2446 1574 quae

271 1602 379 1664 per
404 1604 498 1662 se,
530 1583 651 1649 vel
682 1586 1039 1664 consult0,⁵
1082 1587 1189 1651 vel
1220 1588 1418 1651 etiam
1444 1590 1767 1668 memoria
1794 1590 2051 1675 lapsuS,
2094 1578 2446 1677 perperam

272 1684 529 1764 ediderit
563 1706 579 1751 ε
608 1688 1104 1773 existimatque,
1133 1690 1610 1774 rescripturum
1639 1697 1707 1756 et
1749 1698 2188 1758 correcturum
2216 1695 2445 1764 fuisse.

274 1785 562 1874 Reliquit
587 1796 654 1856 et
701 1794 722 1824 ‘
742 1790 850 1886 De
880 1788 1319 1876 Analogia'⁶⁸
1363 1792 1568 1858 libros
1600 1793 1795 1873 duos,
1827 1799 1895 1859 et
1925 1788 2452 1863 ‘Anticatonesst’

1169 1978 1493 1999 OOOOOOOOO
1497 1978 1529 1999 0

271 2089 467 2142 casaub.
492 2092 653 2143 Grut.
674 2107 703 2142 e
725 2091 834 2144 suis
864 2093 993 2143 Mss.
1016 2092 1351 2158 probantibus
1376 2095 1516 2146 Oud.
1538 2096 1754 2159 Baumg.
1779 2100 1835 2145 et
1870 2094 2001 2154 aliis,
2020 2110 2135 2145 cum
2158 2095 2302 2145 Med.
2327 2099 2374 2145 1.
2399 2100 2450 2147 3.

270 2153 412 2210 vind.
432 2162 479 2207 2.
510 2164 734 2223 paratam
765 2159 1012 2211 exhibent
1035 2161 1153 2210 Pal.
1192 2163 1242 2211 3.
1275 2161 1490 2210 Memm.
1530 2161 1719 2223 Copes.
1744 2160 1921 2225 Cujac.
1956 2162 2089 2214 Bon·
2121 2160 2286 2227 Lugd.
2324 2162 2451 2211 Bas.

270 2220 560 2285 suspicatur
593 2225 769 2274 Burm.
793 2233 1064 2275 exaratum
1103 2224 1264 2276 fuisse
1290 2226 1538 2276 materiam
1573 2227 1900 2291 posthabere,
1921 2235 1977 2276 et
2003 2226 2279 2277 Lambinus
2311 2242 2453 2291 parar

270 2290 358 2336 tum
390 2288 441 2337 in
471 2289 590 2338 Cic.
625 2290 861 2353 legit.—l
900 2292 1071 2353 Vulgo
1108 2292 1286 2341 volunt.
1353 2292 1417 2341 Iu
1453 2293 1669 2341 Memm.
1690 2291 1879 2356 Copes.
1910 2291 2082 2342 Pulm.
2118 2292 2284 2342 trilms
2305 2292 2452 2343 Torr.

267 2349 399 2404 Med.
423 2360 469 2404 l.
492 2360 548 2404 2.
570 2355 724 2405 Vind.
748 2360 794 2407 2.
818 2357 965 2406 Cort.
990 2355 1126 2407 Edd.
1152 2358 1298 2406 Rom.
1322 2357 1504 2421 Steph.
1530 2358 1721 2421 legitur
1742 2359 1914 2418 volent,
1936 2365 1991 2406 et
2014 2358 2085 2406 ita
2109 2366 2453 2423 reposuerunt

269 2415 428 2468 Graev.
449 2421 635 2471 Burm.
659 2421 799 2472 Oud.
839 2428 899 2472 ut
930 2428 987 2473 et
1018 2422 1196 2473 Rivius
1224 2422 1433 2473 volebat
1464 2425 1516 2472 in
1543 2423 1653 2474 Cic.
1674 2422 1761 2473 nbi
1789 2430 1962 2474 tamen
1986 2423 2114 2474 Mss.
2138 2430 2193 2474 et
2214 2422 2351 2474 Edd.
2371 2438 2455 2472 vo·

268 2483 375 2539 luat.
437 2486 605 2536 Fouc.
630 2488 712 2538 hic
729 2489 918 2550 vellent,
939 2495 994 2539 et
1014 2490 1192 2538 nollent
1209 2488 1365 2539 vind.
1389 2492 1436 2538 1.
1461 2489 1512 2538 in
1546 2505 1647 2554 quo
1679 2503 1780 2538 non
1802 2497 2071 2552 comparet
2089 2491 2292 2553 quidem.
2356 2488 2453 2538 Sn-

267 2562 350 2608 pra
361 2554 571 2612 gradum
594 2553 777 2603 vitiose
798 2553 896 2603 Ed.
918 2553 1187 2616 Lngd.—2
1219 2554 1378 2604 Isdem
1399 2554 1611 2604 Memm.
1630 2555 1776 2604 Med.
1800 2558 1848 2603 3.
1892 2554 1998 2603 Alii
2014 2555 2190 2604 hisdem
2204 2553 2270 2603 de
2294 2569 2454 2604 more.

269 2613 393 2665 Item
448 2623 658 2681 roecepta
678 2633 779 2668 non
799 2634 949 2683 praer.
969 2619 1103 2669 Edd.
1129 2619 1311 2683 Camp.
1335 2620 1484 2671 Cald.
1506 2619 1723 2670 Mediol.
1747 2620 1823 2669 uti
1846 2627 1901 2670 et
1922 2619 2058 2683 apud
2083 2619 2225 2673 Hirt.
2243 2620 2296 2669 in
2321 2617 2453 2670 Edd.

267 2687 317 2730 et
336 2696 393 2732 co
431 2683 583 2733 d.—3
620 2683 729 2734 Has
750 2699 843 2734 sex
868 2698 1141 2735 voces-non
1166 2685 1363 2735 invenit
1394 2685 1553 2735 Salm.
1577 2685 1633 2735 in
1672 2685 1886 2734 Memm.
1918 2684 2009 2734 sed
2045 2698 2148 2733 non
2170 2683 2324 2734 modo
2345 2684 2453 2733 illae

264 2759 364 2808 sex,
386 2748 478 2797 scd
515 2756 574 2799 et
613 2750 971 2813 praecedentes
991 2764 1186 2814 ,omnes
1222 2765 1254 2798 a
1288 2763 1413 2800 voce
1448 2751 1582 2812 cajus
1615 2751 1833 2800 exulant
1856 2765 1885 2798 a
1906 2750 2066 2800 Fouc.
2087 2750 2276 2811 Copes.
2303 2748 2454 2799 Huls.

267 2809 426 2864 Periz.
470 2813 712 2866 Hau-lem.
743 2815 929 2866 Barth.
950 2816 1101 2865 Voss.
1142 2815 1320 2880 Cujac.
1356 2829 1417 2865 ac
1451 2814 1923 2878 Oudendorpianis,
1955 2813 2114 2869 etiam
2143 2814 2279 2864 Edd.
2303 2814 2454 2863 Rom.

264 2877 385 2926 Veu.
408 2886 473 2928 tr.
497 2880 741 2945 aliisque;
775 2881 866 2931 sed
890 2889 1097 2933 cunctae
1133 2887 1305 2930 tamen
1326 2889 1632 2943 comparent
1655 2880 1708 2929 iu
1721 2879 1878 2930 Viud.
1904 2885 1949 2930 l.
1972 2886 2029 2930 et
2048 2894 2209 2943 marg.
2234 2878 2381 2929 Med.
2407 2883 2455 2927 1.

268 2941 346 3007 ubi
372 2958 467 3008 pro
488 2946 717 3009 reliquor.
741 2955 824 3007 est
845 2953 1122 3008 ceterorum,
1141 2953 1197 2995 et
1220 2960 1314 3009 pro
1334 2951 1476 3010 atque
1497 2953 1768 2996 exaratum
1792 2961 1949 3010 qaam,
1968 2946 2104 2996 sicut
2119 2945 2187 2994 in
2198 2944 2298 2997 Ed.
2322 2944 2456 2995 Bon.

266 3022 372 3071 quae
393 3011 608 3074 insuper
628 3012 799 3061 omisit
817 3013 964 3076 enim,
986 3027 1047 3062 ac
1071 3012 1230 3062 verba
1250 3011 1344 3072 cui.
1369 3026 1531 3078 usque
1554 3010 1620 3062 ad
1654 3013 1780 3061 adm.
1845 3012 1908 3061 In
1942 3010 2105 3075 Lngd.
2134 3011 2273 3075 reliq.
2305 3010 2460 3061 adnui-

264 3074 395 3125 ratio.
431 3077 616 3125 Caesari
646 3081 819 3127 era—4
854 3079 958 3128 Nos
992 3083 1151 3128 autem
1181 3078 1347 3126 ered.
1382 3081 1431 3126 2.
1501 3075 1629 3126 Mox
1664 3077 2014 3141 praescripserit
2045 3077 2259 3133 Memm.
2295 3076 2458 3127 Fouc.

266 3137 398 3191 Cort.
420 3141 605 3203 Camp.
669 3142 821 3193 Malit
844 3143 1068 3192 Casaub.
1090 3143 1359 3202 confecerit,
1382 3149 1436 3192 et
1459 3142 1626 3193 Hirtii
1647 3142 1800 3193 codd.
1834 3142 2085 3206 perfecerit
2106 3141 2454 3203 praebent.-5

265 3201 468 3256 Memm.
490 3209 705 3258 consulta
730 3209 810 3257 vel
848 3210 1061 3258 consalta
1097 3210 1357 3272 scriptura
1380 3208 1552 3258 dubia.
1620 3206 1758 3258 Illud
1793 3215 1966 3257 antem
1990 3208 2043 3256 in
2078 3206 2313 3257 Harlem.
2336 3222 2367 3256 a
2387 3221 2457 3257 m.

265 3281 338 3330 pr.
392 3271 639 3322 Ceterum
674 3273 901 3337 pluraque
937 3288 1094 3338 supra
1130 3273 1228 3322 Ed.
1264 3273 1411 3323 Cald.
1450 3274 1683 3338 aliaeque.
1750 3273 1941 3324 Omnia
1961 3287 2084 3323 vero
2105 3278 2154 3322 et
2173 3287 2276 3336 quoe
2299 3286 2386 3337 per
2403 3287 2457 3321 se

264 3346 417 3398 usque
434 3336 501 3386 ad
524 3337 652 3387 edici.
674 3338 859 3388 desunt
883 3339 1066 3401 anac.
1091 3339 1189 3388 Ed.
1212 3338 1429 3389 Mediol.
1447 3338 1734 3402 sicutaliis,
1753 3338 1842 3387 sed
1865 3338 2022 3388 Polit.
2037 3338 2150 3402 jam
2169 3338 2282 3401 ejus
2300 3351 2459 3402 marg.

263 3396 346 3448 illa
368 3402 639 3463 sueverat,
680 3417 774 3466 pro
796 3404 999 3454 ediderit
1020 3404 1269 3454 exbibens
1290 3403 1522 3463 ediderat,
1560 3403 1636 3453 uti
1673 3410 1752 3454 est
1775 3405 1826 3453 in
1851 3404 1993 3452 Med.
2017 3407 2063 3453 1.
2084 3407 2134 3453 3.
2175 3404 2324 3452 Hnls.
2406 3402 2460 3451 ui

266 3467 408 3524 paulo
429 3476 549 3530 post
570 3474 1004 3532 correpturum—6
1039 3468 1272 3532 Legebat
1293 3469 1445 3518 Torr.
1476 3467 1688 3529 Analag.
1703 3469 1766 3516 ad
1785 3469 2059 3517 Ciceronem
2073 3468 2158 3518 lib.
2176 3470 2226 3516 d.
2251 3473 2306 3523 et
2326 3466 2379 3517 in
2405 3480 2456 3523 e·

266 3529 362 3579 rius
381 3537 574 3583 exstant
597 3532 656 3582 it.
675 3536 752 3584 ad.
775 3535 1051 3599 expunctis
1074 3535 1148 3584 ibi
1171 3534 1379 3584 vocibus
1401 3538 1448 3582 et
1473 3533 1667 3601 adCic.
1688 3533 1832 3597 quasi
1853 3546 1943 3580 sno
1967 3533 2082 3582 loco
2106 3532 2283 3582 motis.
2314 3531 2457 3582 Dein

1255 3660 1471 3732 nom:

264 3803 586 3861 argumenta.
615 3795 982 3847 commentarii
1000 3796 1193 3862 quippe
1204 3797 1318 3847 Cae-
1397 3797 1552 3866 citur,
1570 3795 1764 3846 ferrum
1781 3797 1862 3844 est
1883 3789 2185 3853 tonsorium,
2199 3804 2301 3854 qno
2320 3791 2458 3841 cale-

262 3875 387 3923 saris
411 3880 427 3903 ‘
449 3879 570 3924 sunt
592 3873 739 3937 editi,
762 3887 827 3935 ne
860 3876 1123 3924 tantan-uin
1146 3889 1315 3924 rernm
1391 3872 1541 3933 facto
1564 3871 1740 3936 capilli
1764 3870 1818 3919 in
1842 3868 2049 3919 anulum
2071 3873 2394 3931 torquentur.

262 3946 479 3999 scientia
501 3934 839 4014 scriptoribus
869 3949 1113 4012 deesset,’
1152 3940 1212 4001 ut
1243 3951 1319 4000 ait
1460 3957 1481 3984 r
1515 3947 1693 4010 Pollio]
1724 3947 1806 3996 De
1829 3959 1892 3993 eo
1916 3958 2032 4006 cap.
2056 3944 2289 4017 proxime
2324 3957 2459 4006 prae·

262 4026 471 4077 Hirtius
502 4027 555 4075 in
586 4025 767 4075 eadem
802 4027 1131 4090 praefatione.
1196 4027 1320 4077 Vul-
1398 4025 1627 4080 cedenti,
1650 4029 1706 4072 et
1723 4022 1802 4070 bic
1824 4030 1948 4069 nota
1968 4021 1984 4048 ‘
2001 4019 2312 4070 rescribere?
2329 4020 2460 4069 sumi

264 4103 369 4166 gati
386 4103 572 4164 legunt
588 4107 824 4164 paratam.
1402 4115 1496 4167 pro
1520 4112 1792 4149 recensere
1814 4104 1871 4147 et
1893 4097 2175 4160 corrigere,
2206 4104 2265 4147 ut
2289 4097 2378 4150 lib.
2392 4082 2460 4147 de

322 4188 349 4240 ξι
384 4178 690 4228 Calamistris
708 4176 922 4241 inurere]
955 4178 1073 4228 Hoc
1108 4185 1191 4230 est
1229 4180 1322 4233 im·
1401 4179 1575 4229 Illust.
1599 4177 1829 4227 Gramm.
1851 4174 2006 4225 infra.

261 4254 435 4319 perito
459 4254 703 4305 orationis
720 4253 841 4304 fuco
858 4269 1149 4306 exornare:
1186 4257 1316 4307 cala·
1466 4262 1484 4287 ⁸
1519 4253 1781 4327 Analogia]
1865 4251 2001 4301 Haec
2036 4249 2238 4303 Isidoro
2283 4249 2374 4300 lib.
2415 4263 2458 4300 ι.

263 4325 464 4396 mister,
486 4332 617 4381 unde
642 4339 754 4384 tota
774 4331 886 4385 baec
903 4334 1207 4398 metaphora
1231 4334 1324 4384 du·
1402 4331 1657 4397 originum
1688 4346 1806 4396 cap.
1839 4333 1921 4380 2⁷.
1961 4329 1977 4357 ‘
1995 4326 2184 4378 Latine
2220 4325 2460 4389 similium
