3019 4922
532 390 659 457 174
1346 404 1435 451 -ο,
1485 400 1842 450 sussroun

528 551 818 617 deinde⁹
861 548 1217 614 tibicinesq
1260 551 1328 613 et
1372 545 1625 611 scenici
1675 542 1997 609 artificesr
2027 551 2315 621 vestem,
2363 564 2562 629 quam
2608 563 2700 611 ex

527 656 959 717 instrumento
985 649 1463 733 triumphorum
1485 655 1537 685 ¹0
1576 647 1662 711 ad
1690 655 2085 730 praesentem
2118 668 2307 713 usum
2332 648 2699 724 induerant,

529 756 891 820 detractam
923 755 1052 819 sibi
1096 759 1300 835 atque
1347 750 1741 815 discissam¹
1768 756 1788 783 ⁵
1834 749 2111 833 iniecere
2159 749 2469 828 flammae,
2498 755 2562 816 et
2590 770 2699 814 ve-

527 866 904 924 teranorum
970 856 1253 920 militum
1311 854 1658 937 legionarii
1719 872 1902 918 arma
1955 874 2099 925 sua,
2157 855 2399 938 quibus
2448 854 2699 919 exculti

525 964 721 1027 funus
768 960 1225 1026 celebrabant:
1270 966 1587 1022 matronae
1637 957 1835 1020 etiam
1884 958 2217 1040 pleraeque
2242 963 2266 992 ²
2312 963 2700 1021 ornamenta

525 1083 672 1141 sua,
721 1084 871 1146 quae
921 1064 1369 1146 gerebant‚‘et
1394 1060 1744 1123 liberorum
1777 1059 2035 1123 bullast
2079 1069 2274 1143 atque
2301 1065 2696 1143 praetextas·

528 1165 610 1229 Iu
640 1183 899 1229 summo
931 1163 1204 1247 publico
1232 1162 1409 1226 luctu
1438 1167 1811 1223 exterarum
1862 1162 2147 1240 gentium
2189 1160 2545 1225 multitudo
2570 1160 2697 1225 cir-

525 1266 849 1344 culatim,¹¹
892 1285 1019 1329 suo
1065 1283 1350 1348 quaeque
1393 1281 1603 1338 more,
1646 1262 2007 1327 lamentata
2033 1271 2170 1328 est:
2216 1264 2692 1347 praecipueque

523 1367 570 1433 J
576 1369 806 1447 udaeiy
850 1368 967 1453 qui
997 1368 1201 1432 etiam
1250 1366 1563 1430 noctibus
1595 1365 1915 1429 continuis
1948 1366 2274 1430 bustumw
2317 1365 2694 1450 frequenta-

1431 1546 1461 1565 θ
1466 1546 1491 1564 O
1495 1546 1550 1564 ‘O
1554 1544 1730 1564 ‘NON
1736 1543 1792 1563 ‘O

521 1664 575 1714 in
600 1665 777 1729 anac.
796 1671 940 1714 extat
961 1663 1240 1714 aberat—9
1271 1663 1399 1713 Dein
1420 1663 1597 1734 Cujac.
1650 1662 1756 1710 Pro
1781 1661 1910 1711 tibio.
1934 1663 2089 1723 Bapt.
2115 1662 2236 1711 Pius
2261 1677 2316 1712 se
2334 1663 2522 1725 legisse
2544 1664 2617 1713 ait
2641 1663 2692 1712 in

519 1729 821 1792 quibusdam
858 1730 1009 1780 codd.
1039 1729 1273 1789 sitientes,
1305 1728 1438 1792 qnod
1483 1727 1665 1776 Heins.
1705 1728 2045 1789 placuit.-—10
2081 1728 2162 1777 Tr.
2194 1728 2307 1778 inst.
2345 1729 2547 1777 inverso
2584 1729 2694 1778 ord-

518 1796 668 1844 Voss.
692 1796 864 1858 Cujac.
885 1794 1027 1844 Cort·
1048 1794 1239 1843 Medic.
1260 1801 1380 1853 tres,
1398 1794 1556 1842 Fouc.
1580 1792 1666 1856 qui
1691 1793 1881 1841 omittit
1903 1807 1982 1852 ex,
2001 1800 2054 1840 et
2076 1794 2150 1840 ita
2174 1793 2339 1842 edidit
2359 1793 2592 1843 Oud.—l
2616 1793 2690 1843 Ac

517 1859 740 1909 dicissam
760 1859 913 1909 vind.
948 1863 995 1908 1.
1034 1859 1252 1908 dist-isam
1285 1858 1449 1907 Rhed.
1477 1861 1528 1905 2.
1592 1857 1718 1905 Tum
1750 1857 2006 1917 injecerunt
2040 1858 2197 1905 Vind.
2232 1862 2281 1906 2.
2315 1858 2457 1906 Cort.
2526 1858 2693 1907 ommis

516 1924 672 1973 vind.
697 1929 839 1974 1.-2
873 1924 1049 1972 Burm.
1069 1924 1202 1987 conj.
1222 1925 1458 1986 pleraque.
1507 1921 1636 1970 Mox
1657 1936 1740 1970 sua
1759 1937 1950 1984 quoeque
1974 1922 2169 1971 Medic.
2197 1927 2241 1970 1.
2266 1928 2319 1970 et
2342 1923 2394 1971 iu
2413 1923 2456 1971 E
2495 1923 2546 1971 d.
2566 1937 2692 1971 non-

512 1989 664 2038 nullis
684 2003 876 2053 quoque,
896 1986 1110 2038 inferius
1144 1987 1311 2038 Rbed.
1345 1992 1395 2037 2.
1425 1987 1659 2050 pra-cipue
1689 1988 1806 2036 Jud.
1841 1988 2027 2036 omisso
2051 2001 2157 2050 que,
2188 2001 2249 2036 ac
2269 1985 2697 2052 frequentaverunt

1499 2137 1710 2188 NOTAE

581 2242 606 2276 <¹
643 2234 897 2300 Tibicines]
928 2235 1013 2285 Sic
1056 2236 1107 2284 in
1150 2235 1293 2292 libris
1336 2236 1567 2286 omnibus
1644 2243 1828 2300 pectus
1859 2235 2067 2298 ingenui
2116 2234 2261 2298 pueri
2306 2232 2689 2293 annectebantz

519 2310 650 2373 legit
679 2311 1035 2373 Casaubonus;
1072 2312 1114 2360 si
1137 2320 1308 2362 tamen
1331 2312 1565 2362 Servium
1644 2326 1742 2361 nec
1766 2311 1898 2361 enim
1919 2311 2170 2360 libertinis
2192 2310 2326 2358 idem
2347 2309 2572 2370 licuisse,
2596 2308 2687 2357 sed

527 2386 581 2435 in
604 2401 657 2439 v.
691 2388 891 2437 AEneid.
918 2388 1117 2450 audias,
1149 2388 1422 2450 legendum
1439 2387 1565 2438 tubi-

512 2463 660 2512 cines.
726 2463 811 2513 Ad
846 2463 1019 2513 tubam
1051 2465 1244 2529 qnippe
1277 2465 1566 2528 provectio·

512 2540 586 2588 ris
625 2540 797 2589 aetatis
831 2536 1016 2589 funera
1055 2538 1464 2603 proferebantur,
1498 2554 1565 2590 ex

512 2614 680 2665 Persii
722 2615 878 2666 Satir.
910 2629 996 2664 ιιι.
1042 2616 1249 2665 minoris
1287 2624 1459 2666 autem
1496 2616 1561 2666 ad

511 2689 682 2751 tibias,
730 2698 789 2740 ut
843 2692 909 2741 de
956 2690 1267 2743 Archemoro
1320 2692 1559 2742 Statius:

506 2767 705 2830 ‘Tibia,
753 2768 839 2817 cui
882 2775 1086 2818 teneros
1130 2776 1333 2819 suetum
1370 2769 1560 2832 produ-

510 2858 629 2893 cere
653 2845 863 2897 maues.’
927 2845 1060 2896 Vide
1084 2846 1308 2896 Gellium
1348 2846 1437 2895 lib.
1462 2858 1557 2895 xx.

507 2934 627 2981 cap.
645 2925 694 2969 2.

572 3001 593 3027 ¹·
623 2996 807 3046 Semini
823 2997 1054 3061 artifices]
1089 2998 1190 3049 Qui
1224 3012 1365 3046 sitam
1389 2998 1556 3047 sceni-

462 3096 469 3102 ·
503 3071 578 3120 cis
614 3073 746 3121 ludis
784 3087 994 3137 operam
1026 3074 1312 3135 navabant3
1348 3089 1442 3139 per
1481 3075 1556 3123 in-

503 3145 866 3198 strumentum‘
880 3158 1046 3199 autem
1072 3151 1457 3211 triumphorum,
1479 3153 1554 3199 in-

415 3264 422 3270 .
508 3224 686 3286 tellige
710 3232 925 3286 vestem,
946 3241 1049 3288 qua
1070 3225 1290 3275 Caesaris
1311 3226 1443 3275 ludis
1464 3226 1556 3274 tri·

507 3300 829 3363 umpbalibus
853 3302 929 3350 usi
954 3300 1183 3362 fuerant,
1202 3317 1318 3365 cap.
1340 3307 1422 3351 37.

569 3383 588 3408 ⁸
620 3377 910 3442 Discissam]
938 3380 1018 3428 De
1041 3379 1141 3428 boc
1164 3393 1303 3428 more
1323 3381 1373 3428 in
1396 3380 1557 3441 luctu,

503 3466 658 3515 supra
681 3468 727 3503 c.
751 3458 832 3503 33.
857 3454 907 3503 in
927 3468 1065 3503 more
1088 3455 1263 3511 etiam,
1278 3457 1553 3506 vestimen·

504 3536 560 3578 ta
583 3530 815 3593 quaedam
838 3546 953 3580 cum
978 3534 1188 3581 mortuis
1213 3535 1293 3583 vel
1331 3535 1555 3584 condere

501 3606 585 3657 vel
607 3619 777 3657 urere.
830 3608 1011 3671 virgil.
1037 3622 1113 3658 vr.
1139 3610 1338 3662 AEueid.
1361 3611 1426 3660 de
1450 3612 1550 3660 Mi-

500 3683 609 3732 seni
656 3682 836 3734 funere
857 3700 870 3731 :
913 3686 929 3713 ‘
948 3685 1344 3749 Purpureusque
1396 3702 1551 3752 super

501 3766 692 3821 vestes,
723 3761 981 3810 velamina
1026 3769 1165 3825 nota,
1212 3762 1552 3827 conjiciunt,’

497 3836 598 3883 ὅτε.
836 3874 837 3879 ,

559 3913 576 3943 ⁸
612 3911 801 3975 Ballou]
826 3913 1060 3965 Mser-ob.
1082 3914 1170 3964 lib.
1189 3929 1229 3967 1.
1251 3930 1370 3980 cap.
1393 3921 1440 3967 6.
1461 3917 1548 3966 ubi

501 3985 734 4048 pluribus
756 3990 1003 4052 explicat,
1024 3992 1145 4056 quid
1178 4000 1234 4043 et
1255 3993 1393 4043 unde
1417 4008 1547 4057 prae-

498 4067 645 4112 texta
683 4071 739 4113 et
774 4063 943 4114 bulla:
978 4067 1110 4117 hanc
1147 4069 1354 4118 tandem
1391 4067 1549 4118 fuisse

496 4137 759 4188 concludit
782 4154 985 4188 auream
1010 4143 1177 4193 cordis
1206 4144 1440 4208 figuram,
1481 4146 1548 4195 ab

494 4214 641 4263 initio
705 4215 1123 4280 triumphantium
1179 4220 1395 4283 insigne,
1445 4235 1548 4270 non

493 4304 772 4356 puerorum
818 4298 1207 4355 ornamentum;
1241 4310 1392 4361 qnam
1425 4305 1547 4347 ante

1643 2389 1806 2437 ‘lorum
1830 2403 1918 2437 eos
1944 2402 2036 2450 pro
2060 2387 2210 2437 bunae
2229 2387 2415 2436 decore
2440 2393 2692 2448 gestasseg

1644 2465 1780 2529 quod
1803 2472 1857 2514 et
1882 2465 2131 2515 Asconius
2152 2465 2167 2493 ‘
2193 2472 2447 2513 scorteam
2471 2463 2661 2513 bullam
2679 2466 2693 2488 ’

1644 2542 1949 2605 appellavit,
1971 2541 2037 2590 de
2064 2541 2329 2590 Praetexta
2352 2554 2469 2602 cap.
2498 2544 2543 2589 l.

1708 2626 1732 2652 ¹¹
1766 2617 2070 2680 circulatim]
2120 2617 2270 2666 Torr.
2311 2629 2442 2664 nove
2492 2615 2686 2665 dictum

1640 2701 1805 2753 notat,
1854 2708 1947 2756 pro
1981 2708 2075 2755 per
2116 2694 2274 2754 vices,
2318 2692 2398 2740 vel
2441 2706 2534 2753 pet·
2573 2705 2689 2741 suos

1640 2784 1857 2834 quaeque
1872 2771 2013 2819 natio
2034 2768 2183 2818 orbes
2202 2774 2258 2818 et
2278 2768 2517 2819 circulos.

1705 2854 1725 2879 v
1756 2846 1943 2909 Judaei]
1979 2847 2179 2909 Utpote
2204 2845 2289 2909 qni
2310 2845 2501 2907 multis,
2520 2844 2685 2909 iisque

1638 2920 2162 2972 honorificentissimis
2194 2936 2223 2970 a
2268 2920 2477 2970 Caesare
2505 2919 2685 2970 decre-

1636 3000 1703 3048 tis
1721 2998 1950 3058 insigniti
1984 2996 2207 3059 fuerant,
2238 3011 2352 3061 quae
2377 2998 2549 3046 omnia
2573 2994 2686 3047 fuse

1633 3084 1899 3124 enumerat
1918 3074 2172 3136 sosephus
2185 3073 2272 3122 lib.
2290 3073 2547 3136 Antiquit.
2566 3086 2683 3123 xiv-

1635 3166 1750 3213 cap.
1787 3155 1864 3200 1⁷.
1953 3151 2256 3214 Quanquam
2304 3150 2439 3199 bello
2484 3150 2618 3199 civili
2653 3165 2683 3199 a

1637 3224 1869 3290 partibus
1901 3226 2135 3287 Pompeii
2160 3227 2442 3281 stetissent,
2461 3226 2547 3273 sed
2581 3238 2684 3275 me.-

1635 3311 1690 3353 tu
1731 3304 1904 3367 potius
1946 3317 2099 3367 quam
2141 3303 2517 3364 benevolentia,
2550 3304 2681 3353 hunc

1633 3382 1767 3430 enim
1802 3381 2034 3442 oderant,
2059 3390 2273 3446 propter
2305 3388 2513 3444 captam
2536 3382 2599 3431 ab
2622 3397 2681 3430 eo

1635 3457 2058 3517 Hierosolymam.

1699 3541 1731 3566 w
1765 3531 1996 3595 Battum]
2032 3532 2233 3588 Cicero,
2267 3545 2328 3581 ιι.
2360 3533 2424 3581 de
2464 3532 2680 3597 legibus,

1632 3610 1837 3659 bustum
1875 3609 2060 3672 accipit
2083 3622 2177 3671 pro
2199 3606 2310 3672 ipso
2330 3618 2677 3671 monumento,

1632 3687 1719 3735 alii
1744 3700 1839 3749 pro
1875 3700 1998 3749 rogo
2023 3692 2135 3748 post
2170 3690 2450 3734 crematum
2475 3700 2679 3749 corpus,

1630 3778 1731 3826 quo
1753 3776 1903 3811 sensu
1924 3761 2211 3812 Serviusad
2235 3761 2367 3809 hunc
2397 3774 2456 3811 n.
2478 3761 2676 3811 AEneid.

1590 3882 1597 3890 .
1631 3838 1854 3899 locum,·‘
1875 3838 2217 3900 semiustaque
2241 3843 2451 3886 servant
2482 3836 2677 3887 Busta}

1629 3915 1782 3964 Unde
1796 3914 2057 3964 Bustuarii
2077 3913 2200 3963 dicti
2214 3921 2330 3961 sunt
2348 3913 2676 3976 gladiatores,

1627 3992 1710 4056 qui
1752 3999 1874 4041 ante
1914 3991 2152 4054 sepulcra
2185 3990 2516 4055 dimicabant,
2561 4000 2675 4056 post

1627 4069 1886 4118 exoletum
1908 4082 2095 4117 morem
2119 4067 2351 4129 captivos
2375 4067 2565 4119 ibidem
2589 4082 2675 4118 nee

1626 4143 1815 4204 candi3
1850 4159 1965 4207 quae
2003 4143 2260 4205 sanguinis
2298 4141 2504 4206 effusio,
2531 4145 2671 4209 quasi

1626 4219 1691 4269 ad
1726 4217 2003 4283 placandos
2042 4215 2235 4267 inferos
2280 4219 2440 4283 Deos,
2472 4218 2669 4270 inferiae

1626 4309 1826 4359 quoque
1843 4294 2126 4344 dicebatur.
