3019 4922
1190 440 1588 491 cerarios,
2347 429 2474 495 307

286 577 721 660 tusconsulta,
755 582 915 665 quia
936 590 953 620 ¹
986 588 1276 666 possunt
1305 581 1521 647 videri
1563 584 1665 648 vel
1689 586 2095 654 necessitate
2125 609 2472 675 expressa,

287 689 385 751 vel
428 684 852 751 verecundia.
941 685 1219 770 Equites
1264 686 1563 751 Romani
1606 690 1944 754 natalen1²
1993 691 2141 776 ejus
2165 703 2184 731 ⁸
2238 705 2472 779 sponte

284 792 478 872 atque
541 808 871 854 consensu
894 787 1131 853 biduo
1192 809 1455 873 semper
1490 791 1954 859 celebrarunt.3
2066 793 2318 861 Omnes
2368 818 2471 863 or-

282 891 472 956 dines
497 892 566 956 in
592 893 813 957 lacum
856 890 1118 956 Curtii⁸
1146 895 1508 976 quotannis
1561 915 1650 960 ex
1677 904 1839 962 voto
1881 918 2006 981 pro
2055 900 2270 964 salute
2318 901 2470 986 ejus

280 995 517 1077 stipem
559 994 946 1079 jaciebant;
986 995 1149 1060 item
1204 995 1543 1063 Kalendis
1586 998 1927 1065 Januariis
1976 1006 2349 1067 strenam*t
2401 1007 2472 1070 in

281 1095 639 1181 capitolin,
673 1099 875 1162 etiam
931 1099 1237 1164 absenti:
1284 1119 1372 1163 ex
1420 1120 1559 1184 qua
1614 1121 1879 1168 summa
1907 1110 1929 1149 ⁵
1989 1105 2472 1189 pretiosissima

277 1198 572 1264 Deorum
602 1202 960 1266 simulacra
980 1211 1006 1238 ¹¹
1037 1208 1397 1280 mercatuS,
1429 1204 1707 1269 vicatim
1739 1204 2120 1271 dedicabat:
2152 1211 2227 1271 ut
2256 1206 2469 1293 Apol-

275 1300 467 1366 linem
495 1302 1088 1383 Sandaliarium,⁶v
1133 1312 1201 1370 et
1230 1305 1275 1370 ΖΙ
1280 1326 1478 1371 ovem
1507 1307 1988 1391 Tragoedumx
2015 1309 2309 1394 aliaque.
2385 1311 2468 1376 In

1185 1472 1363 1494 000000
1370 1473 1423 1494 00
1430 1474 1547 1495 0000

271 1599 394 1634 mare
413 1585 574 1636 Vind.
606 1591 653 1637 1.
677 1589 823 1638 Cort.
856 1587 990 1638 Edd.
1014 1587 1165 1639 Rom.
1213 1589 1277 1638 In
1314 1590 1507 1640 ceteris
1542 1591 1891 1643 Φαίνωνα-1
1933 1594 2059 1649 Quia
2080 1593 2224 1644 dedit
2250 1596 2464 1659 Baumg.

275 1665 383 1698 cnm
408 1651 621 1702 Memm.
643 1653 840 1702 Medic.
873 1658 925 1702 3.
947 1654 1108 1702 Polit.
1134 1654 1266 1718 Cop.
1288 1657 1437 1705 Voss.
1462 1662 1518 1704 et
1542 1655 1676 1705 Edd.
1697 1658 1843 1708 Junt.
1879 1658 2005 1720 Arg.
2034 1659 2151 1707 Ald.
2180 1660 2360 1725 Stepli.
2376 1662 2466 1725 ju-

273 1714 510 1764 bentibus
526 1717 689 1766 ‘etiam
718 1716 874 1767 Wolf.
908 1727 963 1766 et
996 1719 1147 1769 Miill.
1173 1734 1266 1781 pro
1306 1737 1432 1784 qius,
1458 1722 1597 1783 quod
1634 1723 1718 1771 alii
1750 1728 2082 1772 mentun—2
2113 1726 2291 1775 Natale
2322 1727 2466 1775 Cort.

274 1778 452 1843 Camp.
473 1782 605 1829 Tum
630 1798 846 1832 concessu
867 1784 1083 1833 Memm.
1107 1785 1236 1848 Cop.
1261 1785 1451 1834 Medic.
1473 1786 1630 1837 vind.
1654 1788 1771 1836 Pin.
1797 1789 1915 1852 Cuj.
1938 1790 2090 1837 Voss.
2125 1799 2177 1838 et
2204 1791 2301 1839 Ed.
2334 1793 2464 1841 Ven.

273 1849 408 1894 1.—3
449 1846 696 1896 Celebrare
718 1848 963 1898 Halae-4
999 1849 1255 1899 Str-ennam
1286 1851 1503 1900 Memm.
1540 1852 1733 1901 Medic.
1757 1857 1803 1901 2.
1824 1857 1874 1902 3.
1899 1854 2028 1915 Cop.
2050 1858 2286 1904 ser-ennam
2306 1856 2463 1905 Vind.

271 1911 318 1957 2.
341 1910 437 1960 Ed.
461 1912 611 1964 Rom.
661 1913 826 1962 Paulo
852 1920 972 1963 ante
998 1914 1142 1963 Curti
1163 1915 1360 1964 Medic.
1383 1919 1433 1965 2.
1456 1915 1702 1966 Voss.—-5
1739 1918 1917 1967 Burm.
1942 1919 2118 1967 mallet
2141 1918 2317 1968 delere
2338 1935 2465 1969 sum-

270 1980 459 2024 nim—6
492 1977 829 2027 sandalariam
868 1979 1036 2029 Periz.
1080 1978 1420 2028 Sandalion-um
1452 1981 1605 2030 Huls.
1647 1982 2009 2032 Scandalarium
2039 1984 2200 2034 Pone.
2258 1985 2303 2032 E
2343 1985 2464 2036 cod.

271 2038 582 2092 Corsendon.
607 2043 782 2094 Palm.
806 2051 923 2092 cum
948 2044 1045 2095 Ed.
1068 2044 1249 2109 Steph.
1272 2044 1602 2096 Sandaliaeiem
1632 2047 1830 2113 legunt,
1852 2048 1987 2113 quod
2012 2049 2229 2115 praefert
2250 2050 2374 2101 Ern.
2406 2056 2463 2101 et

1265 2210 1478 2262 No‘rAE

1402 2327 1523 2383 fuit,
1545 2326 1739 2377 nullum
1762 2327 1833 2378 ibi
1857 2327 2020 2378 lacum
2052 2326 2209 2377 fuisse
2236 2333 2463 2378 testatur

326 2327 346 2353 ¹
380 2321 604 2372 Natalem
641 2323 767 2389 qius]
805 2324 944 2374 Huic
977 2326 1320 2397 quoque-Cir-

1401 2404 1697 2468 Dionysius.
1783 2403 1936 2453 Unde
1968 2405 2229 2469 conjicere
2269 2411 2366 2466 est,
2390 2404 2464 2451 vi·

267 2412 446 2447 censes
481 2413 674 2450 annuos
716 2401 977 2466 decretos,
1015 2411 1197 2453 auctor
1242 2410 1324 2454 est

262 2475 359 2525 Dio
383 2476 472 2525 lib.
498 2491 584 2527 ιν.
622 2492 719 2528 nec
758 2480 960 2543 equites
995 2480 1150 2529 modo
1175 2487 1322 2530 tanta

263 2552 635 2604 benevolentias
662 2555 943 2620 specimina
964 2556 1318 2620 praebuerunt,

259 2629 349 2681 sed
393 2638 449 2680 et
492 2633 710 2696 collegia
754 2634 998 2682 nonnulla
1026 2647 1143 2683 eum
1182 2632 1321 2682 diem

258 2704 495 2756 festivum
520 2708 763 2771 habuere,
799 2724 1075 2775 arcamque
1097 2723 1320 2759 commu·

259 2794 372 2831 nem
398 2782 462 2831 ad
487 2782 792 2833 festivitatis
819 2787 1095 2850 impensas,
1118 2791 1176 2834 ut
1197 2800 1318 2849 pro-

256 2857 346 2908 bat
385 2860 671 2923 inscriptio,
694 2860 830 2912 infra
867 2862 920 2912 in
952 2863 1099 2912 calce
1131 2861 1320 2926 operis.

256 2933 503 2986 Solennes
520 2951 724 3002 semper
741 2947 892 2988 erant
904 2954 1006 2988 non
1027 2939 1317 3002 principum

254 3011 426 3075 modo,
440 3013 531 3062 sed
548 3021 604 3063 et
619 3015 939 3077 privatorum
958 3017 1158 3065 natales
1175 3013 1289 3065 dies
1307 3030 1323 3077 3

253 3089 532 3140 mittebant
547 3092 684 3140 enim
703 3091 921 3142 invicem
941 3107 1176 3153 munera,
1194 3091 1321 3141 mul-

254 3164 320 3213 tis
341 3166 469 3215 locis
496 3167 727 3218 Martial.
764 3183 826 3217 ac
866 3171 1085 3218 maxime
1114 3169 1204 3220 lib.
1235 3183 1318 3219 tx.

253 3240 351 3304 Ep.
372 3245 458 3292 64.
480 3248 562 3291 55.
581 3250 635 3311 et
657 3250 893 3308 sequent.

313 3326 332 3350 ⁸
365 3318 547 3368 Lacum
571 3320 754 3384 Curtii]
789 3322 955 3371 Locus
985 3330 1099 3372 erat
1131 3323 1182 3372 in
1205 3321 1318 3373 foro

252 3392 503 3455 Romano,
527 3395 602 3445 sic
642 3395 813 3446 dictus
848 3397 932 3446 vel
966 3412 997 3446 a
1022 3398 1204 3447 Curtio
1227 3397 1318 3445 illo

249 3471 309 3520 Τ.
326 3473 466 3522 Tatii
486 3472 663 3522 Sabini
688 3474 870 3537 milite,
889 3474 977 3537 qui
1002 3489 1057 3523 se
1076 3472 1311 3536 fugatum

250 3562 281 3595 a
304 3547 527 3597 Romulo
560 3548 683 3598 illuc
716 3549 1015 3615 immiserat,
1033 3557 1090 3601 ut
1114 3550 1310 3614 Diony-

248 3624 353 3674 sius
390 3624 482 3674 lib.
517 3639 581 3675 ιι.
604 3632 658 3676 et
679 3626 860 3677 Livius
890 3628 978 3680 lib.
1003 3642 1039 3678 r.
1064 3628 1244 3677 decad.
1264 3632 1313 3679 1.

246 3699 479 3759 narrant,
514 3703 599 3751 vel
626 3718 656 3751 a
688 3703 871 3753 Curtio
905 3703 996 3754 illo
1029 3702 1312 3756 fortissimo

237 3776 454 3839 juvene,
478 3779 585 3842 qui,
600 3787 659 3828 ut
682 3781 1009 3844 repentinum
1033 3791 1188 3831 terrae
1203 3781 1312 3830 bia-

249 3862 360 3902 tnm
396 3854 591 3903 monitu
623 3856 856 3905 Deorum
897 3857 1159 3922 oppleret,
1195 3871 1312 3907 sese

250 3932 423 3979 vivum
446 3944 509 3980 eo
537 3931 948 3996 praecipitaverit
976 3934 1093 3982 boni
1119 3934 1312 3996 publici

246 4006 432 4069 gratia,
457 4005 524 4055 de
559 4022 665 4072 qno
699 4016 875 4058 tamen
895 4017 951 4058 et
985 4010 1099 4074 ipse
1135 4010 1311 4060 Livius

247 4082 522 4133 addubitat
537 4083 629 4133 lib.
645 4098 741 4133 vu.
758 4085 1002 4136 decad.l.
1020 4100 1312 4150 quanquam

247 4160 339 4208 ‘et
377 4160 794 4217 lacus-nomen,’
838 4162 1005 4226 inquit
1049 4162 1177 4213 ibid.
1209 4162 1312 4213 ‘ab

245 4236 341 4285 hac
374 4235 672 4286 recentiore
712 4237 960 4301 insignius
1004 4236 1180 4287 fabula
1202 4236 1316 4286 est.’

245 4312 349 4365 Sed
393 4327 488 4366 sno
526 4322 787 4383 tempore,
823 4317 961 4382 quod
996 4324 1052 4368 et
1089 4315 1314 4381 Augusti

1403 2489 1563 2545 gente
1598 2483 1756 2531 etiam
1792 2488 1917 2531 tunc
1959 2483 2349 2545 superstitione,
2389 2481 2463 2529 lo·

1401 2572 1518 2607 cum
1544 2558 1784 2621 opinione
1810 2557 1948 2621 vulgi
1971 2572 2170 2606 sacrum
2195 2555 2373 2617 fuisse,
2406 2560 2463 2605 et

1400 2634 1526 2682 illuc
1549 2634 1711 2696 stipes
1746 2647 1812 2682 ex
1850 2633 2016 2682 veteri
2053 2646 2196 2681 more
2225 2632 2462 2695 collatas,

1400 2708 1828 2774 quemadmodum
1865 2708 1916 2756 in
1948 2706 2107 2769 lacus,
2141 2706 2336 2770 fontes,
2367 2722 2460 2770 pu-

1402 2786 1660 2850 teos,quin
1680 2793 1735 2835 et
1752 2785 1817 2834 ad
1838 2785 2047 2834 arbores
2066 2791 2122 2833 et
2137 2782 2337 2847 lapides
2351 2781 2459 2833 fac-

1395 2863 1630 2931 titatum,
1653 2861 1843 2927 passim
1860 2862 2033 2925 legere
2057 2867 2153 2909 est.
2200 2859 2276 2908 Eo
2300 2858 2460 2922 igitur

1398 2940 1500 2990 loci
1541 2955 1634 3004 pro
1679 2939 1913 3002 Augusto
1966 2936 2348 3002 supplicabant,
2400 2944 2460 2986 ut

1397 3032 1496 3082 qua
1521 3017 1664 3066 urbis
1685 3025 1836 3082 parte
1867 3013 2041 3065 aditus
2078 3014 2142 3064 ad
2168 3027 2342 3063 manes
2368 3027 2458 3077 pa-

1396 3094 1607 3157 tuisset,
1633 3094 1813 3143 eadem
1834 3097 1889 3142 et
1911 3092 2052 3156 ipsos
2074 3089 2309 3155 Augusto
2341 3104 2458 3154 pro·

1394 3170 1553 3235 pitius
1578 3168 1872 3219 redderent.

1458 3249 1474 3280 ⁸
1506 3244 1754 3310 Strenam]
1788 3245 1873 3294 Sic
1910 3243 2052 3294 dicta
2084 3249 2202 3293 sunt
2226 3256 2460 3298 munera,

1396 3339 1515 3388 quae
1561 3323 1659 3372 sibi
1704 3323 1920 3372 invicem
1961 3320 2238 3370 mittebant
2279 3318 2459 3368 ominis

1394 3400 1519 3449 boni
1543 3399 1728 3462 gratia,
1750 3398 1915 3461 primo
1937 3397 2057 3446 anni
2082 3396 2184 3452 die,
2205 3394 2458 3443 Kalendis

1393 3490 1582 3538 nempe
1603 3474 1894 3533 Januariis;
1929 3472 2084 3536 hujus
2126 3467 2453 3520 consuetudi-

1393 3551 1473 3599 nis
1511 3550 1862 3599 inventionem
1899 3547 1965 3596 ad
1998 3546 2204 3595 Tatium
2242 3543 2456 3593 Sabino-

1394 3640 1506 3675 rum
1543 3640 1719 3689 regem
1751 3621 1915 3673 refert
1935 3621 2290 3693 Symmachus,
2312 3625 2366 3669 et
2389 3634 2455 3667 ex

1392 3719 1455 3754 eo
1492 3703 1764 3753 Turnebus
1799 3701 2021 3751 Advers.
2060 3698 2152 3748 lib.
2195 3711 2252 3746 x.
2291 3712 2338 3747 c.
2374 3701 2454 3745 16.

1392 3780 1496 3832 Sed
1524 3796 1587 3830 eo
1610 3794 1711 3845 quo
1732 3779 1816 3829 hic
1838 3774 2150 3827 describitur
2171 3772 2341 3830 modo,
2364 3785 2453 3821 no-

1394 3873 1459 3907 va
1477 3856 1579 3907 fuit
1596 3855 1691 3906 sub
1714 3856 1978 3919 Augusto:
2003 3852 2070 3901 de
2087 3851 2163 3900 his
2189 3849 2355 3900 adhuc
2379 3848 2457 3897 in-

1392 3933 1489 3991 fra,
1512 3931 1625 3982 Tib.
1657 3948 1705 3983 c.
1727 3936 1808 3982 34.
1837 3939 1889 3980 et
1927 3930 2089 3991 Calig.
2115 3932 2197 3978 42.
2219 3932 2274 3976 et
2298 3941 2457 3991 super

1391 4011 1470 4060 bis
1491 4009 1856 4073 inscriptiones
1875 4008 1925 4056 in
1944 4008 2088 4056 calce
2110 4004 2311 4069 operis:
2333 4017 2456 4053 con-

1392 4086 1502 4136 sule
1527 4086 1682 4134 etiam
1708 4085 1939 4134 Festum.

1457 4171 1481 4197 ¹⁸
1532 4164 1744 4212 Deorum
1791 4158 2067 4222 simulacra]
2093 4154 2327 4207 ‘videsis
2385 4155 2458 4204 in·

1394 4238 1723 4302 scriptiones.
2428 4228 2432 4233 ’

1458 4322 1481 4380 1
1515 4314 1896 4381 Sandaliarium]
1951 4310 2204 4364 Referunt
2245 4305 2454 4373 quidam
