3019 4922
1173 419 1572 470 ocTAwUS.
2342 405 2471 472 347

286 557 765 641 meridianum,¹‘
793 562 893 627 ita
937 567 1010 632 ut
1054 562 1338 628 vestitus
1379 563 1840 646 calciatusque
1865 571 1918 602 ¹²0
1953 566 2117 641 erat,
2162 566 2426 630 retectis
2449 572 2469 603 ¹

284 663 599 748 pedibus¹
633 665 976 749 paulisper
1000 666 1591 752 conquiescebat,¹¹¹
1623 666 1937 750 opposita
1967 666 2056 730 ad
2082 667 2314 730 oculos
2333 687 2473 731 ma-

283 788 387 850 nu.
476 766 545 833 A
575 787 769 833 coena
805 768 1333 852 lucubratoriam
1367 788 1441 832 se
1472 770 1542 832 in
1572 769 1946 833 lecticulam
1967 776 1991 805 ²
2016 776 2045 803 ¹²
2088 770 2475 853 recipiebat.

790 886 871 932 a«
916 837 1209 964 sideest&
1250 852 1530 927 cereae&-
1588 916 1594 924 .
2385 867 2392 879 “

944 965 961 992 ς’
1199 965 1557 986 OOOO'OOO'OOO

1164 997 1175 1010 ο

282 1095 536 1158 Bip.—1o
571 1096 863 1146 calciatum-e
885 1096 1038 1146 Vind.
1061 1101 1204 1149 2.-—1
1231 1096 1317 1146 Ita
1337 1097 1551 1144 Momm.
1576 1109 1692 1145 cum
1716 1097 1846 1145 MsS.
1874 1096 2100 1146 O.Torr.
2122 1097 2301 1146 Burni.
2317 1097 2474 1148 Grut.

283 1169 335 1208 et
361 1159 500 1209 Oud.
524 1168 579 1209 et
603 1161 734 1209 Edd.
768 1163 1048 1226 plerisque,
1089 1162 1379 1225 probantib.
1423 1162 1641 1210 Casaub.
1676 1161 1811 1210 Oud.
1847 1163 1971 1210 Ern.
2000 1163 2202 1211 Ruhnk.
2230 1161 2385 1211 Wolf.
2420 1170 2476 1212 et

283 1224 502 1289 Baumg.
538 1225 704 1275 Rectis
719 1226 848 1276 Edd.
869 1228 1019 1276 Rom.
1044 1227 1205 1289 Lugd.
1223 1227 1255 1277 J
1262 1234 1371 1275 unt.
1392 1225 1515 1274 Ald.
1536 1227 1713 1288 Stepli.
1732 1225 1859 1288 Arg.
1876 1229 2097 1276 retractis
2113 1227 2279 1276 Periz.
2298 1228 2476 1275 Schel-

283 1290 554 1352 leruscnm
577 1292 730 1340 Torr.
753 1292 932 1341 maluit
953 1292 1158 1353 reiectis,
1186 1291 1368 1341 Heins.
1398 1293 1657 1352 praelectis,
1680 1291 1813 1355 quod
1840 1293 2016 1340 Burni.
2050 1293 2241 1356 placet,
2265 1292 2474 1355 reliquit

283 1361 452 1405 tamen
478 1357 615 1420 vulg.
638 1358 862 1406 lect.—2
896 1358 1106 1406 Merum.
1129 1370 1242 1406 cum
1268 1356 1497 1406 Harlem.
1529 1359 1660 1421 Cop.
1696 1357 1861 1406 Periz.
1888 1356 2011 1421 (nisi
2043 1357 2178 1422 quod
2201 1358 2477 1419 lugubrata-

1272 1520 1491 1571 NOTAE

283 1648 395 1683 cnm
426 1646 609 1682 recens
635 1632 700 1683 ab
726 1633 910 1682 arbore
934 1634 1182 1697 decerpta
1203 1640 1341 1700 sunt,
1481 1632 1496 1668 ¹
1526 1635 1740 1685 Retectis
1765 1633 1984 1700 pedibus]
2036 1635 2239 1697 Legunt
2283 1633 2369 1682 alii
2403 1649 2476 1683 re-

284 1711 504 1758 omnium
531 1724 717 1758 succus
742 1710 904 1773 magis
923 1710 985 1760 ad
1006 1713 1239 1761 vinosum
1259 1727 1343 1762 ac·
1399 1711 1566 1774 jectis,
1589 1713 1734 1775 quasi
1753 1713 2109 1775 exporrectis3
2134 1711 2267 1775 quod
2294 1726 2477 1760 secure

284 1786 422 1844 cedit
444 1800 459 1846 ;
491 1786 677 1850 hyeme
702 1801 821 1835 vero
843 1803 890 1835 v.
918 1802 968 1850 g.
993 1796 1082 1836 aut
1101 1789 1203 1836 alia
1223 1787 1344 1837 anni
1412 1797 1469 1838 et
1493 1788 1747 1852 profunde
1783 1788 2084 1836 dormientis
2109 1787 2352 1836 indicium
2378 1794 2476 1843 est,

284 1868 614 1926 tempestate,
654 1878 755 1927 qua
793 1864 1003 1913 condita
1039 1871 1095 1914 et
1138 1872 1345 1914 servata
1417 1866 1551 1929 qnod
1574 1864 1844 1914 Terentius
1886 1853 1978 1912 ‘'in
2018 1862 2265 1912 utramvis
2303 1873 2475 1910 aurem

285 1951 434 2002 poma
452 1938 648 2003 frigore
668 1938 948 1989 constricta
966 1947 1104 2004 sunt,
1123 1949 1177 1990 et
1194 1942 1341 2006 quasi

285 2015 535 2079 arefacta,
567 2024 692 2068 tunc
728 2032 790 2066 ea
828 2033 943 2082 quae
996 2019 1139 2068 succi
1171 2017 1346 2068 forent

284 2095 561 2144 vinosioris
587 2094 1088 2166 praeferebat,juxta
1103 2098 1237 2147 hune
1252 2098 1346 2148 Ju-

286 2172 482 2220 venalis
519 2187 722 2221 versum
762 2173 914 2222 Satir.
952 2186 1031 2223 xi.
1075 2189 1222 2223 versu
1263 2178 1345 2225 76.

284 2249 299 2275 ⁸
318 2250 432 2299 Nec
457 2248 631 2297 odoris
654 2250 792 2298 mala
827 2250 1069 2311 recentis,
1096 2250 1210 2299 Nec
1241 2265 1345 2300 me·

284 2324 479 2373 tuenda
524 2324 640 2380 tibi,
682 2325 930 2373 siccatum
967 2323 1157 2388 frigore
1205 2334 1346 2389 post·

284 2415 433 2466 quam
471 2399 814 2461 Autumnum,
851 2406 906 2449 et
942 2400 1086 2448 crudi
1127 2416 1346 2466 posuere

285 2478 516 2542 pericula
540 2477 698 2527 succi.
728 2475 743 2497 ’

294 2600 305 2607 ,
344 2552 369 2587 ¹³
403 2554 526 2602 Post
565 2553 716 2602 cibum
750 2552 1085 2616 meridianum]
1117 2553 1349 2603 Prandio

281 2629 445 2686 levem
471 2628 780 2692 facilemque
807 2630 976 2679 cibum
1016 2643 1218 2678 sumere
1243 2643 1349 2677 mo·

284 2707 351 2760 tis
384 2704 488 2754 fuit
525 2720 636 2754 aevo
670 2706 778 2756 illo.
815 2705 944 2755 Hor.
975 2706 1085 2755 Sat.
1119 2710 1167 2754 6.
1190 2704 1282 2754 lib.
1307 2718 1348 2754 1.

284 2782 301 2810 ‘
326 2785 554 2834 Pransus
588 2798 686 2832 non
729 2783 876 2832 avide
913 2791 1161 2846 quamum
1191 2782 1348 2830 inter·

285 2860 446 2923 pellet
466 2859 607 2908 inani
632 2860 828 2909 Ventre
851 2857 1027 2920 diem,’
1057 2860 1154 2907 &c.
1217 2857 1350 2905 ‘Im-

285 2937 458 3003 pransi
475 2943 743 3000 correptus
763 2950 886 2986 voce
905 2936 1173 3000 magistri-⁹
1194 2934 1349 2985 Unde

284 3013 488 3078 colligit
555 3012 890 3062 Casaubonus
945 3027 1034 3062 eos
1096 3012 1351 3062 duntaxat

287 3089 549 3157 prandere
570 3089 916 3150 consuevisse,
939 3089 1027 3155 qui
1053 3088 1195 3138 diem,
1212 3089 1352 3138 inter

285 3168 446 3225 otium
473 3173 527 3215 et
547 3180 697 3217 curas
725 3165 1044 3227 dividebant,
1068 3167 1143 3215 ita
1176 3173 1235 3217 ut
1257 3181 1351 3216 sex

283 3251 555 3309 septemve
604 3242 781 3306 primis
819 3241 926 3291 diei
964 3241 1099 3290 horis
1129 3240 1349 3304 negotiis

284 3325 552 3387 yacareut,
577 3317 800 3383 reliquas
823 3318 1057 3381 corporis
1094 3332 1233 3367 curae
1258 3319 1356 3366 tri-‚

285 3392 547 3457 buerent3
578 3407 676 3443 non
701 3395 824 3442 item
849 3393 884 3440 ii
911 3394 999 3457 qui
1028 3391 1186 3440 vitam
1210 3393 1349 3441 vive·

284 3471 415 3522 bant
461 3472 862 3534 occupatiorem.
949 3468 1185 3519 Medium
1244 3468 1349 3517 Au·

286 3555 434 3614 gusto
459 3554 749 3606 servatum;
786 3545 1059 3609 prandium
1095 3543 1348 3610 siquidem

287 3638 350 3674 eo
384 3623 540 3674 modo
577 3637 677 3671 non
720 3622 974 3679 sumebat,
1014 3635 1116 3685 quo
1150 3635 1346 3669 coenam

288 3702 545 3763 solebant,
576 3699 665 3748 sed
705 3700 926 3748 vestitus
965 3699 1348 3762 calceatusque,

286 3793 389 3828 non
413 3786 586 3826 sumta
621 3775 906 3829 caenatoria
941 3782 1107 3835 veste,
1128 3789 1229 3823 non
1262 3773 1351 3822 de·

288 3842 471 3919 positis
519 3854 708 3903 calceis
746 3853 809 3900 ad
855 3851 1129 3900 sumendas
1167 3851 1353 3916 soleas,

288 3936 388 3993 &c.
423 3947 541 3997 quae
580 3932 633 3979 in
674 3930 832 3979 coenis
873 3929 1222 3991 usitabantur,
1254 3944 1354 3978 nec

289 4011 445 4059 etiam
479 4006 630 4056 statis
654 4005 809 4062 horis,
836 4005 927 4054 sed
950 4006 1039 4054 ubi
1061 4006 1354 4054 stomachus

286 4085 691 4151 interpellasset,
709 4090 768 4138 ut
785 4097 945 4145 supra
966 4096 1015 4131 c.
1038 4086 1122 4132 76.
1159 4083 1356 4135 Eodem

290 4178 436 4212 sensu
478 4164 666 4210 Senec.
703 4159 870 4221 Epist.
897 4161 978 4206 84.
1041 4159 1057 4187 ‘
1087 4157 1244 4208 Panis
1267 4158 1354 4206 de·

287 4240 408 4290 inde
433 4241 623 4298 siccus,
645 4243 698 4285 et
721 4235 830 4284 sine
865 4249 1043 4283 mensa
1063 4233 1353 4298 prandium,

292 4325 409 4381 post
429 4313 570 4383 quod
597 4316 702 4360 non'
722 4310 825 4361 sint
846 4310 1078 4361 lavandae
1103 4311 1316 4363 manus?

1416 1940 1675 2004 dormire,'
1702 1941 1853 2002 dixit,
1873 1939 2007 2005 quod
2034 1954 2169 2002 aegre
2190 1940 2250 1986 de
2277 1938 2480 2001 Augus·

1417 2027 1471 2068 to
1505 2019 1857 2084 persuaserint
1896 2033 2012 2082 quae
2055 2024 2357 2081 sequuntur,
2383 2017 2477 2064 nisi

1416 2096 1513 2144 lioc
1558 2096 1724 2159 ipsum
1768 2097 1818 2144 in
1854 2110 2011 2144 causa
2047 2093 2206 2143 fuisse
2252 2094 2478 2156 dicatur,

1417 2186 1509 2221 cur
1550 2181 1708 2221 noctu
1745 2187 1844 2221 non
1883 2172 2145 2221 dormiret.
2217 2171 2353 2220 Hinc
2394 2172 2481 2219 alii

1419 2249 1581 2311 rectis,
1602 2250 1685 2298 alii
1726 2251 1947 2299 retractis
1979 2247 2255 2310 legendum
2283 2250 2476 2296 volunt.

1418 2326 1663 2376 Omnium
1687 2325 1909 2375 maxime
1937 2326 2123 2389 probat
2150 2325 2478 2375 casaubonus

1416 2402 1627 2464 retectis,
1652 2403 1803 2450 modo
1842 2402 2042 2467 syllaba
2075 2416 2128 2451 re
2158 2402 2480 2466 intelligatur

1418 2491 1527 2526 rem
1569 2479 1859 2533 intendere,
1883 2493 1983 2526 non
2021 2492 2142 2526 vero
2178 2492 2384 2539 negare,
2423 2484 2482 2526 ut

1420 2553 1627 2604 volebat
1651 2554 1976 2616 Torrentius,
1991 2553 2087 2602 hoc
2111 2562 2194 2601 est
2216 2553 2348 2601 bene
2375 2560 2482 2601 tec·

1419 2629 1487 2683 tis
1532 2629 1771 2692 pedibus,
1811 2643 1913 2677 non
1958 2642 2082 2676 vero
2123 2629 2351 2690 apertis:
2406 2629 2486 2678 sic*

1418 2706 1555 2756 enim
1589 2706 1688 2754 erit
1720 2720 1785 2754 ex
1818 2703 2189 2754 consuetudine
2228 2712 2484 2764 veterum,

1419 2783 1504 2847 qui
1529 2796 1707 2831 somno
1747 2782 1820 2831 illi
1844 2779 2128 2830 meridiano
2164 2781 2298 2829 bene
2324 2781 2479 2830 tectis

1419 2857 1640 2923 pedibus
1667 2858 2027 2921 indulgebant.
2096 2857 2245 2908 Quod
2287 2858 2482 2907 Casan-

1419 2936 1541 2986 boni
1556 2936 1821 3000 judicium
1832 2951 1896 2985 eo
1919 2934 2085 2984 miuus
2110 2934 2293 2982 mirum
2317 2933 2484 2983 videri

1420 3014 1605 3075 debet,
1626 3011 1763 3078 quod
1805 3019 1863 3062 et
1899 3011 2011 3061 aliis
2046 3025 2247 3076 quoque
2271 3010 2484 3060 vocibus

1421 3091 1671 3156 peculiari
1705 3105 1859 3139 sensu
1898 3096 2077 3140 utatur
2112 3088 2407 3148 Suetonius,
2430 3095 2487 3136 et

1423 3171 1514 3219 alii
1534 3182 1737 3234 quoque
1760 3174 2005 3217 auctores
2028 3167 2105 3215 usi
2127 3167 2249 3223 sint,
2273 3173 2332 3215 ut
2365 3165 2381 3193 ‘
2407 3179 2487 3214 re·
2546 3201 2551 3205 .

1423 3249 1647 3297 condere
1661 3243 1676 3266 '
1694 3245 1832 3309 apud
1854 3244 2180 3306 Propertium
2199 3242 2350 3292 innodo
2366 3257 2487 3290 con·

1424 3323 1551 3372 dere
1584 3330 1641 3371 et
1660 3336 1868 3371 servare
1900 3329 1999 3381 est,
2020 3322 2174 3369 modo
2214 3333 2485 3383 promere;

1428 3399 1503 3447 sic
1522 3406 1575 3446 et
1588 3398 1871 3457 inauratus,
1887 3396 2096 3456 edurus,
2115 3395 2370 3458 egeliduS,
2386 3397 2486 3444 ὅτε.

1431 3474 1685 3535 ambiguae
1704 3472 2097 3534 significationis
2111 3479 2252 3531 sunt,
2272 3478 2328 3519 ut
2345 3480 2399 3518 et
2417 3471 2486 3520 de

1430 3565 1559 3600 voce
1577 3563 1766 3612 expers
1789 3548 1973 3612 probat
1995 3548 2133 3598 idem
2158 3547 2489 3598 casaubonus

1430 3624 1495 3674 ad
1518 3624 1756 3674 Persium
1781 3624 1951 3673 Satira
1971 3637 2051 3672 vl.

1493 3708 1529 3733 ¹¹²
1567 3699 1954 3763 conquiescebat]
1979 3698 2113 3748 Illud
2132 3705 2214 3747 est
2232 3697 2366 3762 quod
2383 3712 2486 3746 me·

1428 3776 1604 3826 ridiari
1626 3776 1887 3832 dicebant,
1909 3789 2050 3824 more
2068 3782 2123 3823 et
2149 3774 2349 3822 Graecis
2370 3789 2487 3836 cog-

1433 3855 1566 3918 nito,
1604 3852 1741 3916 apud
1784 3867 1907 3918 quos
1949 3849 2319 3915 μεσημβριάζειν
2351 3851 2486 3899 idem

1435 3931 1641 3979 omnino
1667 3935 1764 3977 est.

1499 4012 1525 4037 ¹¹
1557 4001 1868 4064 Lecticulam]
1891 4002 2006 4051 Pro.
2023 4001 2157 4049 cella
2171 4000 2391 4064 quadam
2411 4016 2492 4050 se·

1435 4086 1658 4135 cretiore
1675 4082 1827 4130 sumit
1842 4081 2158 4142 Torrentius,
2180 4079 2359 4129 eodem
2376 4095 2493 4130 sen·

1434 4175 1493 4208 su
1517 4173 1618 4222 quo
1640 4157 1907 4209 ,luvenalis
1941 4155 2051 4204 Sat.
2078 4169 2180 4207 vn.
2238 4157 2254 4185 ‘
2280 4156 2380 4207 Qui
2415 4156 2490 4205 fa-

1434 4235 1508 4284 cis
1538 4232 1590 4281 in
1619 4246 1782 4296 parva
1804 4230 2042 4279 sublimia
2071 4231 2297 4280 carmina
2324 4232 2495 4281 cena)

1436 4311 1629 4362 Contra
1665 4323 1815 4376 quem
1854 4306 2186 4383 casaubonus
2210 4309 2385 4358 multis
2409 4322 2489 4358 ar·
