3019 4922
2352 410 2489 477 399

294 567 551 650 corrigi,
584 566 932 652 praecepit.
1008 565 1141 633 ΕΗ
1180 568 1515 634 admissos
1546 569 1798 635 amicos
1830 573 2277 652 percontatus,
2312 571 2485 637 ‘Ec-

293 672 456 754 quid
499 672 585 735 iis
612 678 637 720 ⁷
682 670 1018 735 videretur
1068 671 1386 736 mimum⁰
1434 673 1594 736 vitae
1638 672 1985 738 commode
2035 672 2483 756 transegisse,'

293 773 541 856 adjecit
562 781 634 837 et
664 774 1032 837 clausulam
1061 792 1078 837 ε

980 879 1055 937 Ei
1079 877 1134 938 δὲ
1162 878 1275 937 πᾶν
1306 871 1427 958 ἔχει
1452 879 1667 952 καλῶς,
1696 882 1782 958 τῷ
1809 873 2054 960 παιγνίῳ

462 972 620 1039 Δότε
641 984 667 1011 ⁰
696 971 918 1063 κρότον,
949 977 1044 1037 καὶ
1075 974 1276 1049 πάντες
1307 979 1459 1056 ὑμεῖς
1489 979 1638 1056 μετὰ
1663 989 1864 1063 χαρᾶς
1893 979 2274 1054 κτυπῆσατε.’
2294 977 2319 1016 ⁸

296 1077 628 1145 Omnibus
675 1078 914 1144 deinde
963 1079 1282 1153 dimissis,
1329 1080 1484 1144 dum
1534 1078 1968 1144 advenientes
2018 1081 2103 1144 ab
2147 1080 2379 1144 Urbe⁹
2409 1081 2490 1145 de

297 1181 502 1244 Drusi
528 1181 667 1245 filia
687 1191 713 1229 Ρ
743 1202 921 1263 aegra
951 1182 1400 1263 interrogat,¹0
1430 1188 1695 1265 repente
1746 1182 1812 1245 in
1860 1184 2109 1247 osculis
2142 1182 2380 1261 Liviae,
2422 1190 2491 1247 et

297 1286 365 1351 in
410 1285 539 1348 hac
572 1305 741 1349 voce
791 1285 1073 1349 defecite
1116 1289 1136 1321 ‘
1163 1285 1382 1356 Livia,
1435 1286 1646 1349 nostri
1678 1285 1989 1369 ‚conjugii
2033 1305 2280 1350 memor
2310 1286 2490 1362 vive,

297 1406 375 1450 ac
409 1389 557 1452 vale
583 1387 620 1452 :’
666 1390 935 1453 sortitus
961 1388 1216 1451 exitum
1247 1385 1546 1466 facilem,
1578 1393 1644 1452 et
1674 1387 1944 1469 qualem
1989 1406 2254 1471 semper
2294 1394 2491 1469 opta-

298 1493 501 1551 verat.
591 1487 768 1552 Nam
799 1487 978 1565 fere,¹
1025 1488 1291 1572 quoties
1337 1486 1653 1565 audisset,
1686 1488 1821 1553 cito
1850 1509 1930 1553 ac
1966 1487 2153 1551 nullo
2186 1488 2488 1553 cruciatu

1186 422 1575 474 oc'rAan-s.

359 1712 386 1735 ³
420 1705 549 1753 Date
567 1706 798 1768 plausum,
819 1708 864 1754 et
888 1719 965 1753 vos
986 1719 1142 1754 omnes
1154 1720 1259 1754 cum
1274 1705 1453 1767 gaudio
1474 1719 1640 1755 manus
1662 1706 1864 1755 tundite.

1210 1895 1577 1917 ΟΟΜΝΟΟΟ

300 2049 416 2096 cum
442 2046 577 2096 Edd.
603 2047 751 2096 Vett.
774 2055 970 2110 praeter
988 2047 1137 2097 Rom.
1163 2064 1270 2099 sec.
1290 2048 1569 2111 steph—6
1605 2045 1771 2096 Abest
1792 2050 1836 2095 et
1862 2061 1891 2094 a
1917 2046 2127 2095 Memm.
2150 2044 2344 2095 Medic.
2370 2050 2417 2095 1.
2443 2046 2491 2094 Β.

296 2112 455 2160 Vind.
480 2118 525 2161 1.
545 2112 738 2160 amissos
760 2113 875 2175 an.
899 2112 1033 2160 Edd.
1059 2114 1198 2163 Med.
1225 2114 1374 2163 Cald.
1400 2113 1635 2177 aliaeque.
1683 2111 1744 2160 lu
1767 2111 1877 2159 aliis
1896 2112 2033 2160 amic.
2055 2114 2182 2160 adm.
2231 2110 2363 2159 Tum
2384 2125 2494 2174 per·

296 2182 514 2225 cantatus
545 2177 741 2224 Medic.
772 2180 821 2225 2.
860 2179 1005 2226 Cort.
1039 2192 1155 2227 cum
1188 2178 1322 2227 Edd.
1346 2180 1588 2227 Vett.-—⁷
1629 2177 1692 2225 Et
1729 2178 1842 2239 quid
1862 2177 1939 2225 his
1962 2177 2079 2224 Pin.
2104 2174 2258 2223 Vind.
2286 2180 2331 2224 1.
2359 2176 2496 2223 Dun.

297 2243 459 2289 Fonc.
497 2247 552 2289 et
578 2240 710 2288 Edd.
734 2241 930 2305 aliquot
953 2259 965 2288 ι
1000 2242 1077 2290 his
1111 2244 1162 2291 in
1197 2243 1430 2305 plurimis
1453 2242 1607 2291 editis
1634 2256 1695 2290 ac
1719 2241 1947 2304 scriptis.
2014 2242 2149 2290 Item
2176 2240 2418 2288 minimum
2440 2247 2498 2288 et

294 2304 497 2354 nimium
519 2306 569 2354 in
596 2305 852 2370 plerisque
877 2307 1006 2355 Mss.
1040 2316 1091 2354 et
1119 2308 1252 2357 Edd.
1275 2309 1524 2358 vem—8
1557 2306 1715 2355 Vind.
1739 2315 1796 2356 et
1819 2307 1906 2354 alii
1930 2306 1995 2354 de
2019 2321 2158 2354 more
2182 2305 2369 2354 Graeca
2394 2318 2496 2353 non

296 2370 508 2419 habent.
564 2370 625 2418 In
651 2371 846 2418 Erasm.
871 2370 988 2420 cod.
1013 2371 1213 2423 Viterb.
1239 2372 1356 2422 Pin.
1383 2373 1579 2436 primns
1599 2386 1775 2420 versus
1813 2372 1894 2420 vel
1919 2378 2032 2420 erat
2066 2369 2501 2430 corruptissimus,

298 2435 383 2483 vel
410 2434 648 2497 -spatium
692 2436 757 2492 ei,
803 2442 859 2485 nt
903 2436 953 2485 in
987 2436 1141 2486 vind.
1188 2437 1305 2486 Pal.
1351 2440 1399 2486 8.
1443 2442 1558 2486 erat
1602 2450 1814 2486 vacuum
1852 2435 2107 2485 relictum.
2185 2435 2242 2483 ln
2286 2435 2499 2484 Memm.

297 2505 1229 2550 ΕΤΟῙΔΕΤΙΑΧΟῙΚΑΩΟΤΟῙΤΑῙΟΝῙΟ
1258 2508 1436 2558 ΔΟΤΕ,
1471 2520 1516 2550 κ.
1544 2520 1591 2550 τ.
1625 2511 1677 2550 λ.
1719 2501 1909 2556 Medic,
1941 2506 1984 2549 l.
2026 2504 2498 2548 ΕΤῙΟῙΔΕΤῙΑΧΟῙ·

300 2570 814 2620 ΚΑΟΟΤΟΠΑῙΟΝΙΟ,
850 2565 1045 2616 Medic.
1065 2571 1112 2615 2.
1146 2570 2049 2619 EchmeolKAOC'rouAlcmo,
2077 2563 2265 2613 Medic.
2289 2568 2337 2611 3.
2378 2567 2497 2609 mx-

300 2634 1123 2680 clOlmxomAnc‘ronAcNIO.
1189 2631 1323 2679 Haec
1348 2630 1505 2679 verba
1530 2631 1580 2678 in
1609 2629 1739 2678 Edd.
1766 2629 2026 2692 plerisque
2054 2629 2381 2683 omittuntur,
2404 2626 2495 2674 sed

303 2703 587 2754 agnoscunt
611 2696 724 2743 Pal.
750 2699 794 2742 l.
816 2699 864 2743 2.
885 2704 937 2743 et
963 2709 1028 2742 ex
1051 2694 1219 2744 codd.
1245 2694 1355 2743 suis
1373 2696 1511 2743 eruit
1528 2694 1749 2743 Turneb.
1772 2691 1907 2742 Adv.
1930 2706 2090 2741 xxiv.
2112 2697 2190 2741 115.
2212 2691 2498 2752 recipiente

301 2758 479 2807 ὃταν.
496 2759 545 2806 in
561 2759 658 2807 Ed.
678 2775 762 2821 pr.
786 2774 902 2807 cnm
925 2766 1145 2809 recentt.
1168 2759 1410 2808 editorib.
1430 2759 1593 2808 Gron.
1618 2758 1822 2806 videtur
1845 2758 2037 2812 nullum
2064 2759 2229 2807 locum
2248 2770 2362 2804 esse
2386 2768 2501 2802 ver·

301 2822 381 2871 bis
404 2824 501 2871 πᾶν
524 2821 646 2882 ἔχει,
662 2832 715 2872 et
742 2824 967 2886 reposuit
989 2822 1173 2881 Ἐπειδή
1195 2842 1240 2871 τι
1257 2820 1362 2883 ἔχει
1380 2826 1554 2883 καλῶς,
1574 2824 1656 2871 cni
1675 2823 1951 2872 assentitur
1973 2821 2114 2870 Oud.
2120 2821 2312 2883 jubens
2327 2837 2376 2867 τι
2395 2817 2501 2880 ἔχοι

301 2901 332 2935 e
350 2887 516 2936 codd.
534 2889 761 2951 vestigiis
776 2888 955 2950 reponi
974 2903 1066 2951 pro
1075 2889 1169 2936 πᾶν
1184 2886 1224 2937 ἔ.
1248 2889 1438 2936 Versus
1453 2885 1707 2937 secundus
1724 2903 1786 2934 ex
1806 2886 2169 2937 emendatione
2183 2887 2380 2934 Erasm.
2399 2893 2501 2947 est,

303 2965 419 3000 cum
447 2959 597 3000 antea
621 2953 879 3014 legeretur
899 2969 950 2999 τι
965 2954 1139 3001 ποιεῖτε
1160 2967 1252 3013 pro
1274 2951 1477 3010 κτυπήσ.
1548 2952 1609 3001 ln
1635 2952 1732 3000 Ed.
1754 2953 1935 3013 Camp.
1962 2959 2014 3000 et
2040 2952 2184 3000 Cort.
2210 2949 2364 2998 δίδοτε
2382 2945 2501 3010 χρό-

301 3033 388 3065 ror
408 3033 454 3066 κ.
475 3034 527 3065 π.
545 3019 663 3077 φιεῖς
681 3017 803 3078 μετὰ
822 3016 965 3079 χερὸς
988 3019 1067 3065 vel
1085 3016 1246 3080 χερσὶ,
1270 3018 1379 3066 sine
1403 3031 1532 3065 voce
1552 3019 1644 3066 ult.
1681 3017 1931 3066 Faciebat
1946 3015 2169 3065 Turneb.
2186 3013 2363 3064 πάντες
2376 3013 2501 3074 ἡμᾶς

302 3098 352 3140 μ.
373 3080 744 3141 xva-mdccxc,
769 3093 821 3130 et
860 3080 1064 3131 ἅπαντες
1085 3098 1149 3131 ex
1180 3083 1285 3130 suis
1322 3082 1521 3131 notavit
1551 3082 1709 3130 Polit.
1748 3081 1845 3130 Ed.
1875 3081 2091 3130 Mediol.
2125 3080 2176 3129 in
2217 3095 2317 3143 qna
2340 3081 2501 3126 etiam
2528 3113 2539 3118 ‚

301 3145 437 3205 ἡμεῖς
469 3161 561 3208 pro
598 3147 840 3208 ὑμὴ-9
870 3146 953 3195 Λα
981 3147 1156 3195 Urbem
1192 3148 1406 3196 Menum.
1444 3147 1641 3195 Medic.
1682 3152 1728 3195 1.
1752 3146 1908 3196 vind.
1940 3150 1987 3194 1.
2011 3147 2148 3195 Dun.
2172 3147 2330 3195 Foue.
2357 3144 2504 3193 Cort.

305 3210 461 3261 Hnls.
506 3212 633 3274 Cop.
671 3212 757 3273 quii
804 3212 958 3273 paulo
1000 3221 1120 3260 ante
1159 3227 1285 3261 omn.
1322 3212 1671 3275 ἀπᾶραι-10
1704 3211 1789 3260 Ita
1835 3225 2111 3273 reposuere
2155 3210 2308 3258 Torr.
2349 3209 2503 3258 Grut.

301 3274 483 3324 Burin.
509 3275 646 3325 Oud.
670 3276 823 3325 Wolf.
863 3276 1080 3338 Baumg.
1119 3290 1212 3336 pro
1235 3277 1370 3337 vulg.
1409 3276 1755 3338 interrogabat,
1792 3275 2087 3324 faventibus
2124 3275 2241 3324 Pal.
2282 3281 2347 3322 tr.
2372 3273 2501 3333 Cop.

305 3337 504 3389 Medic.
533 3346 577 3389 l.
602 3345 651 3390 3.
675 3349 731 3389 et
764 3341 1071 3404 Longol.—l
1109 3341 1233 3389 Fero
1265 3342 1478 3390 Memm.
1537 3340 1672 3388 Dein
1705 3340 1925 3398 defuncto
1948 3339 2107 3388 Viud.
2148 3344 2194 3388 l.
2229 3339 2314 3387 cui
2354 3336 2503 3385 deest

1292 3534 1508 3586 NOTAE

368 3689 393 3713 ¹¹
428 3682 653 3746 Mimun]
703 3680 893 3733 Allusit
938 3682 1004 3731 ad
1046 3682 1362 3741 histrionem,
1439 3682 1712 3733 Turnebus
1766 3679 1987 3730 Advers.
2030 3677 2117 3727 lib.
2162 3688 2325 3724 xxiv.
2365 3688 2410 3724 c.
2457 3677 2505 3721 1.

306 3758 391 3822 qui
417 3757 657 3806 laudatur
679 3774 792 3808 cum
813 3772 990 3807 omnes
1007 3757 1196 3807 fabnlae
1219 3766 1364 3808 actus

303 3832 578 3895 transegit,
600 3841 656 3882 nt
690 3850 782 3896 par
816 3841 915 3892 est,
940 3849 1006 3883 ex
1030 3836 1194 3883 veteri
1213 3835 1365 3885 Grae-

305 3922 486 3958 corum¹
524 3909 800 3971 proverbio
831 3908 969 3971 μίμος
989 3911 1016 3957 ὁ
1037 3908 1172 3966 βίου
1206 3911 1366 3974 juxta

307 3999 460 4048 quem
485 3983 769 4048 Augustus,
789 3993 845 4034 et
872 3987 1144 4049 pontillum
1166 3987 1366 4035 Seneca

307 4060 477 4124 Epist.
512 4065 593 4111 80.
616 4069 669 4108 et
700 4061 940 4110 Laertius
968 4063 1020 4111 in
1058 4062 1287 4124 Zenone,
1310 4069 1366 4113 et

307 4137 582 4201 Epictetus
602 4137 884 4187 Enchiridii
903 4154 952 4188 c.
969 4143 1050 4188 23.
1073 4142 1170 4188 ὅτε.

371 4220 396 4245 ⁰
437 4211 583 4270 Δότε,
603 4214 709 4276 lfa]
757 4215 887 4264 Haec
911 4216 1068 4265 verba
1092 4215 1245 4279 paulo
1268 4214 1359 4265 ali·

310 4295 391 4340 ter
427 4304 496 4339 ex
532 4290 695 4340 veteri
729 4289 907 4340 codice
940 4292 1135 4340 eruisse
1159 4289 1365 4341 sedicit

1443 3759 1535 3808 sed
1558 3758 1739 3807 eodem
1764 3771 1915 3805 sensu
1937 3770 1950 3803 ε
1975 3754 2086 3802 haec
2104 3759 2182 3802 est
2205 3752 2339 3799 enim
2364 3764 2503 3798 com-

1443 3835 1609 3884 munis
1634 3841 1736 3883 tam
1773 3831 1977 3883 Graecis
2008 3844 2159 3894 quam
2195 3827 2393 3877 Latinis
2417 3839 2505 3874 co·

1444 3911 1746 3959 moediarnm
1803 3908 2050 3958 clausula.
2130 3904 2283 3954 Unde
2335 3902 2502 3951 Hora·

1445 3988 1576 4038 tius:
1609 3991 1625 4017 ⁶
1648 3988 1828 4036 Donec
1863 3989 2065 4044 cantor,
2106 3983 2213 4031 Vos
2253 3977 2503 4045 plaudite,

1445 4061 1624 4112 dicat-⁹

1507 4145 1538 4181 P
1570 4138 1721 4188 Drusi
1728 4136 1864 4202 filia]
1899 4134 2129 4186 Drusilla
2148 4131 2504 4193 Livil1a‚Dru-

1444 4229 1501 4264 so
1532 4221 1586 4263 et
1624 4213 1852 4263 Antonia
1885 4212 2078 4262 minore
2101 4210 2295 4278 genita,
2315 4209 2382 4259 de
2402 4221 2505 4273 qua

1445 4289 1628 4340 Claud.
1652 4303 1701 4339 c.
1719 4292 1768 4338 1.
1791 4288 1846 4338 in
1864 4287 1986 4337 fine.
