3019 4922
2380 386 2512 455 487

323 550 446 610 rat.
533 539 699 626 [48]
761 540 1042 607 Publice
1100 540 1618 608 munificentiam
1673 542 1781 609 bis
1836 544 2108 610 omnino
2170 546 2504 615 exhibuit:

323 646 673 731 proposito
694 645 975 709 millies⁶
1005 643 1345 711 sestertio⁹
1374 645 1661 729 gratuito
1702 646 1773 710 in
1803 646 2062 712 triennii
2089 653 2387 733 tempus;
2438 660 2507 715 et

321 767 577 823 rursus,
605 746 1003 831 q'uibusdam
1031 746 1317 812 dominis
1345 745 1760 829 insularum,f
1798 769 1950 833 quae
1986 751 2056 814 in
2084 758 2314 816 monte
2345 751 2508 818 Coe-

320 850 414 915 lio·
439 849 888 933 deflagrarant,
917 851 1126 935 pretio
1154 851 1540 918 restituto-¹0
1585 849 2236 931 Quorum-altemm,⁸
2264 874 2508 939 magna

320 950 705 1018 difficultate
732 952 1102 1018 nummaria
1142 954 1401 1037 populo
1446 953 1776 1021 auxilium
1820 956 2187 1037 flagitante,
2218 964 2501 1023 coactus

321 1061 427 1120 est
452 1055 697 1133 facere,
731 1075 887 1121 cum
912 1076 1032 1138 per
1060 1055 1728 1122 senatusconsultum
1772 1058 2132 1134 sanxisset,
2176 1065 2253 1124 ut
2292 1060 2501 1125 soene-

320 1164 575 1224 ratores
620 1156 788 1222 duas
828 1157 1208 1240 patrimonii
1251 1163 1479 1242 partes
1524 1161 1591 1224 in
1632 1162 1780 1226 solo
1799 1157 1826 1198 ¹¹
1857 1160 2276 1243 collocarent,
2318 1161 2504 1227 debi-

320 1264 499 1324 tores
544 1259 814 1326 totidem
844 1262 997 1326 aeris
1028 1261 1228 1326 alieni
1258 1262 1486 1326 statim
1519 1262 1880 1342 solverent,
1905 1270 2060 1328 nec¹
2092 1283 2195 1328 res
2226 1265 2504 1348 expedi·

319 1369 536 1427 retur:
607 1359 929 1442 alterum,i
1001 1362 1087 1427 ad
1117 1385 1121 1390 ·
1147 1362 1580 1447 mitigandam
1636 1370 2003 1451 temporum
2062 1357 2501 1432 atrocitatem.

321 1461 525 1541 Quod
553 1468 775 1529 tamen
803 1463 1198 1530 beneficium
1245 1466 1412 1531 tanti
1457 1466 1869 1546 aestimavit‚²
1900 1475 1976 1533 ut
2018 1474 2309 1533 montem
2348 1468 2501 1535 Coe-

318 1565 506 1644 lium,
567 1568 1012 1652 appellatione
1070 1574 1347 1662 mutata,
1415 1570 1644 1635 vocari
1704 1567 2132 1653 Augustum*
2180 1570 2491 1655 jusserit.

322 1667 526 1734 Militi
567 1676 726 1754 post
769 1670 1116 1753 duplicata
1159 1690 1250 1735 ex
1277 1669 1567 1756 Augusti
1613 1668 2040 1766 testamento¹
2084 1672 2307 1756 legata
2333 1673 2500 1737 nihil

1230 392 1612 447 TIBERIUS·

1225 1852 1588 1877 OOOOOONOOOO

313 1968 439 2017 Tum
471 1967 544 2017 rei
563 1967 831 2028 familiaris
865 1969 1076 2020 Memm.
1102 1974 1328 2035 proemod.
1359 1972 1530 2024 Periz.
1568 1970 1705 2022 unde
1736 1969 1866 2021 facit
1899 1971 2077 2023 Bnrm.
2111 1969 2406 2034 proemodicae
2426 1971 2501 2021 rei

297 2031 680 2091 familiaria—9
713 2035 994 2084 Sestertium
1031 2036 1242 2086 Memm.
1281 2044 1337 2087 et
1374 2038 1463 2100 ita,
1485 2037 1568 2086 vel
1602 2037 1897 2097 sextertium,
1919 2037 2047 2086 Mas.
2083 2035 2221 2085 Oud.
2259 2038 2498 2099 exceptis

318 2098 470 2147 vind.
489 2102 538 2147 2.
559 2098 725 2148 Periz.
750 2099 803 2148 in
834 2099 1017 2164 quibus
1045 2116 1159 2151 curn
1184 2102 1355 2152 Noun.
1379 2109 1436 2153 et
1458 2101 1594 2153 Edd.
1626 2103 1773 2153 Vett.
1807 2102 2041 2151 sestertio.
2070 2098 2154 2151 ef.
2175 2100 2297 2149 Tac.
2320 2114 2397 2150 vr.
2417 2104 2498 2150 17.

310 2162 479 2225 Supra
500 2163 575 2211 his
594 2179 715 2212 omn.
738 2163 869 2213 Edd.
892 2165 1084 2214 Schild.
1111 2174 1268 2230 postt.
1292 2181 1468 2217 errore
1491 2176 1615 2232 typo
1655 2166 1881 2230 raphico.
1945 2165 2083 2215 Dein
2110 2169 2158 2214 et
2190 2165 2338 2215 deest
2359 2165 2500 2214 Har-

312 2227 432 2277 lem.
456 2228 627 2276 Periz.
654 2227 788 2279 Edd.
810 2230 944 2280 Ven.
978 2231 1124 2284 Med.
1161 2231 1309 2282 Cald.
1375 2233 1574 2284 Contra
1649 2232 1842 2296 uplicat
1877 2232 2091 2282 Memm.
2127 2234 2179 2279 et
2210 2244 2337 2279 rurs.
2366 2235 2498 2281 et.—

310 2295 374 2342 10
398 2291 632 2342 Instituta
650 2293 805 2342 Vind.
821 2298 871 2343 2.
915 2294 1063 2345 Infra
1080 2310 1173 2360 pro
1193 2295 1376 2346 aunxis.
1392 2297 1587 2348 habent
1609 2298 1740 2347 Exc.
1757 2296 1875 2360 Cuj.
1893 2298 2146 2351 cauxisset,
2161 2295 2295 2359 quod
2318 2294 2498 2344 Burm.

309 2357 2493 2492 11'1‘5.12‘:„”²'⁸22²5.t⁰i{3{f¹’3;ffi‚¹{2.¹’1⁰¹2;.,?.312‡2‚3:3¹⁹·122⁶.:‚⁸3.3.‘2:.25223¹·132232‘¹3·

309 2501 342 2536 a
362 2502 430 2538 111.
453 2502 532 2554 pr.
554 2495 610 2538 et
629 2489 752 2553 quod
769 2495 926 2539 autem
948 2491 1142 2543 Medic.
1167 2497 1214 2543 l.
1236 2507 1267 2541 a
1294 2507 1360 2542 m.
1384 2498 1561 2557 piu—2
1593 2492 1865 2543 Extimuit
1890 2492 2032 2541 Cort.
2072 2490 2157 2555 qui
2179 2503 2298 2539 mox
2318 2503 2495 2539 accom-

1301 2654 1519 2707 NOTAE

308 2748 568 2814 Principis
612 2757 757 2804 tanto
799 2750 1001 2816 dignior
1041 2755 1175 2809 crat,
1216 2751 1357 2815 quod

307 2833 416 2877 tres
437 2826 627 2877 liberos
648 2827 961 2882 habentibus
989 2826 1359 2892 competebant

306 2903 438 2967 legis
460 2904 831 2969 immunitates,
852 2904 897 2955 si
915 2919 1068 2955 ausus
1090 2909 1228 2954 esset
1251 2903 1359 2954 ino·

305 2981 444 3045 piam
470 2982 534 3030 -in
567 2982 763 3032 Senatu
788 2980 1039 3046 profiteri.

369 3066 392 3093 ⁸
413 3058 622 3123 Miltia]
640 3063 869 3110 4375000
883 3059 974 3113 lib.
1004 3059 1213 3111 Tacitus
1232 3073 1357 3126 quo·

304 3150 406 3201 qne
449 3143 631 3186 auctor
673 3142 774 3198 est,
814 3134 944 3186 hane
982 3150 1229 3186 summam
1265 3149 1360 3201 per

302 3226 504 3263 mensas
527 3212 749 3276 jussisse
783 3211 1044 3274 distribui,
1078 3219 1135 3262 nt
1156 3211 1356 3273 egenti-

304 3285 400 3338 bus
442 3295 620 3340 mutuo
663 3289 774 3338 sine
807 3287 1005 3339 foenore
1047 3288 1357 3339 concedere·

303 3371 404 3415 tur.
470 3364 624 3417 Quod
648 3371 704 3415 et
725 3364 791 3413 de
821 3364 969 3415 bouis
1000 3363 1355 3414 damnatorum

302 3441 369 3492 ab
392 3439 629 3506 Augusto
650 3440 841 3491 factum
864 3454 1023 3505 supra
1045 3439 1176 3491 dixit
1203 3455 1251 3492 c.
1273 3445 1355 3493 41.

367 3510 390 3548 ‘⁴
414 3517 638 3568 Dominis
658 3517 940 3581 tantarum}
973 3518 1053 3566 De
1087 3517 1164 3567 his
1198 3531 1356 3582 supra

301 3594 356 3643 in
396 3593 541 3646 Julio
590 3610 707 3661 cap.
745 3600 828 3645 41.
914 3593 979 3644 In
1029 3593 1217 3643 damno
1264 3592 1354 3642 illo

300 3671 578 3721 sarciendo
598 3672 785 3722 millies
808 3671 964 3722 etiarn
987 3685 1018 3720 a
1034 3669 1241 3720 Tiberio
1262 3669 1353 3719 do-

299 3756 478 3797 natum
524 3748 734 3799 tradunt
777 3749 876 3798 Dio
907 3754 963 3798 et
996 3748 1223 3812 Tacitus,
1262 3746 1355 3796 sed

298 3825 391 3875 ille
415 3825 469 3873 in
490 3824 798 3889 assignanda
836 3838 992 3874 cansa
1010 3838 1040 3873 a
1056 3823 1236 3873 Tacito
1257 3837 1358 3874 una

299 3911 359 3951 et
395 3899 644 3950 Suetonio
679 3900 944 3962 dissentit3
976 3899 1181 3950 Tiberis
1216 3900 1350 3949 enim

300 3976 651 4026 exundatione
689 3991 870 4026 eversa
906 3973 1069 4026 refert
1112 3975 1352 4039 oediticia,

298 4053 400 4102 nisi
437 4053 480 4102 si
517 4061 739 4118 utroque
776 4054 867 4103 illo
901 4053 1072 4116 modo,
1102 4050 1353 4117 deflagra-

300 4130 444 4179 tione
466 4130 668 4180 scilicet
687 4136 743 4181 et
763 4130 1129 4195 exundatione,
1150 4132 1355 4195 gemina

300 4206 478 4255 clades
501 4207 796 4271 contigerit.

368 4288 393 4327 t
428 4282 636 4341 Quorum
654 4281 879 4347 alterum]
916 4283 1194 4336 Pecuniam
1217 4285 1353 4337 scili·

1439 2757 1526 2802 cet
1564 2747 1931 2811 mutuatitiam,
1964 2762 2116 2812 qnam
2149 2745 2261 2797 sine
2296 2743 2493 2797 foenore
2519 2802 2524 2807 ,

1440 2828 1676 2894 prebere
1697 2831 1905 2879 coactus
1927 2832 2025 2885 est,
2044 2825 2181 2890 quod
2219 2824 2377 2889 ipsius
2398 2823 2491 2873 de·

1439 2913 1589 2957 creta
1619 2905 1956 2970 pecuniarum
1977 2901 2187 2953 defectu
2208 2915 2310 2951 non
2331 2915 2489 2966 expe-

1439 2983 1691 3034 direntur.

1501 3059 1528 3094 ¹¹
1560 3062 1623 3111 Iu
1643 3058 1762 3123 solo]
1796 3057 1915 3109 Hoc
1938 3064 2038 3113 est,
2059 3056 2111 3107 in
2134 3055 2343 3120 praediis
2366 3054 2489 3107 coii-

1436 3137 1658 3189 mendis.
1725 3135 1827 3189 Qui
1850 3133 2096 3200 loquendi
2117 3132 2300 3183 modus
2332 3133 2490 3197 juris-

1437 3218 1787 3269 consultorum
1808 3220 1920 3275 est;
1954 3212 2032 3263 his
2053 3212 2187 3262 enirn
2210 3226 2294 3262 res
2314 3211 2492 3261 immo·

1436 3293 1567 3344 biles
1589 3293 1827 3342 dicuntur
1846 3304 1929 3339 res
1946 3289 2061 3345 soli,
2075 3288 2217 3352 quasi
2240 3302 2356 3352 quae
2379 3287 2490 3336 solo

1437 3370 1704 3426 inhaerent,
1742 3375 1800 3418 ut
1831 3368 2032 3430 domus,
2053 3363 2367 3429 agri,'fundi‚
2390 3366 2487 3414 dcc.

1437 3461 1651 3512 qnorum
1681 3446 1905 3510 pretium
1933 3450 2154 3508 augetur
2176 3440 2374 3491 foenore
2396 3440 2490 3489 im-

1435 3522 1652 3582 minuto,
1673 3525 1733 3570 ut
1754 3534 1911 3584 supra
1932 3519 1985 3568 in
2008 3515 2248 3581 Augusto
2269 3530 2387 3579 cap.
2405 3519 2487 3566 41.

1517 3596 1793 3661 buterum]
1821 3595 1934 3645 Hoc
1949 3600 2049 3652 est,
2067 3591 2488 3657 pretiuminsula-

1438 3689 1585 3737 rum3
1617 3672 1919 3738 ceteroquin
1946 3671 2118 3721 multis
2139 3668 2298 3719 exitio
2312 3666 2487 3718 futura

1437 3758 1554 3802 erat
1574 3750 1749 3802 clades
1772 3750 1879 3799 illa.

1498 3827 1526 3862 Β
1557 3825 1853 3891 Augustum]
1886 3824 2122 3885 Tacitus,
2144 3820 2236 3871 lib.
2260 3834 2335 3871 ιν.
2376 3820 2487 3870 An·

1433 3906 1642 3961 natium,
1664 3903 1731 3953 de
1752 3903 1975 3953 Senatus
2008 3898 2266 3949 sententia
2294 3896 2372 3946 sic
2394 3909 2486 3958 ap-

1434 3983 1682 4048 pellatum
1726 3977 1940 4038 scribit3
1987 3976 2078 4026 sed
2123 3988 2238 4024 curn
2272 3971 2486 4023 Tiberio

1434 4060 1638 4108 volente
1658 4055 1852 4107 factum
1870 4054 1957 4116 sit,
1971 4053 2091 4103 ideo
2104 4052 2328 4102 Senatus
2344 4049 2488 4098 uuila

1432 4134 1626 4184 mentio
1646 4132 1786 4197 apud
1808 4128 2124 4180 Suetonium.

1493 4209 1508 4243 ¹
1535 4209 1852 4272 Testamenta]
1879 4206 1998 4258 Quo
2019 4202 2142 4268 quid
2162 4202 2373 4268 singuiis
2395 4201 2483 4252 da·

1437 4294 1547 4337 tum
1590 4293 1745 4350 esset,
1786 4297 1943 4348 snpra
1985 4280 2104 4333 vide
2149 4281 2202 4333 iu
2249 4278 2484 4345 Augusto
