3019 4922
1196 425 1622 476 commus.-
2356 425 2484 491 221

303 564 579 628 electum
626 567 1235 649 comprobaverunt.
1276 565 1277 568 ’
1320 567 1488 653 [22]
1532 572 1578 637 J
1582 591 1776 638 anum
1831 575 2228 659 Quirinum,a
2280 585 2486 649 semel

303 674 493 750 atque
523 668 762 732 iterum
788 666 814 705 s
843 690 884 734 a
911 672 1177 737 condita
1206 672 1388 738 Urbe
1417 677 1808 741 memoriam
1840 685 1995 745 ante
2022 700 2215 748 suam
2239 682 2264 721 ⁸
2297 684 2483 750 olau-

304 788 470 846 sum,
509 770 583 833 in
635 771 852 863 multo
898 774 1203 848 breviore
1250 778 1568 860 temporis
1621 780 1868 862 spatio,
1923 789 2096 847 terra
2143 785 2487 868 mariquec

301 889 463 952 pace
494 881 715 955 parta,
743 882 887 940 ter⁹
930 878 1142 942 clusit.
1229 878 1352 942 Bis
1383 898 1591 944 ovans
1612 877 1641 915 ἃ
1693 882 2028 962 ingressus
2061 890 2163 949 est
2207 885 2485 965 Urbem,

299 980 448 1055 post
477 974 970 1061 Philippense,⁶
998 987 1066 1043 et
1093 999 1321 1045 rursus
1354 987 1505 1065 post
1534 982 1833 1048 Siculum
1862 984 2189 1051 bellum.¹0
2278 987 2487 1053 Curu-

1213 1138 1581 1165 outcome

299 1251 506 1301 tontibus
528 1253 646 1306 Pin.
712 1257 860 1308 Infra
882 1260 940 1309 ab
963 1275 1015 1309 eo
1039 1260 1167 1321 Cop.
1185 1261 1381 1311 Medic.
1404 1260 1525 1311 duo.
1559 1263 1619 1311 ab
1638 1259 1736 1325 ipso
1758 1265 1902 1312 electo
1921 1263 2088 1313 Periz.
2153 1264 2319 1314 Porro
2345 1266 2488 1318 Ond.

298 1321 408 1364 cum
434 1317 597 1369 Wolf.
622 1324 852 1384 praetulit
869 1325 1183 1387 probaverunt
1201 1340 1266 1374 ex
1289 1327 1484 1381 Medic.
1505 1336 1572 1376 tr.
1595 1334 1816 1391 utroque
1840 1328 1996 1379 vind.
2018 1329 2137 1378 Pin.
2161 1330 2312 1379 Voss.
2331 1351 2332 1354 ¹
2348 1332 2485 1380 Lon-

299 1383 396 1443 gol.
416 1390 474 1432 et
491 1384 813 1449 Guelph.-8
835 1390 982 1439 Cond.
1001 1406 1050 1438 u.
1072 1394 1183 1439 ante
1204 1406 1339 1440 mem.
1363 1406 1499 1441 suum
1520 1392 1733 1442 Memm.
1756 1401 1808 1441 et
1829 1399 1938 1442 ante
1953 1408 2087 1444 mem.
2106 1396 2232 1443 Mss.
2250 1396 2314 1443 ad
2331 1410 2485 1445 unum

278 1460 472 1495 *omnes
497 1457 654 1513 atque
672 1452 805 1501 Edd.
827 1466 944 1503 ante
964 1455 1285 1504 Casaub.—-9
1304 1457 1489 1505 Totam
1515 1456 1781 1519 periodum
1805 1457 1855 1505 in
1874 1474 1933 1506 m.
1956 1457 2002 1508 b.
2029 1463 2067 1507 t.
2084 1475 2127 1508 s.
2153 1459 2485 1523 rejiciendam

292 1513 546 1587 censebat
582 1517 827 1578 Langius,
843 1526 898 1568 et
921 1521 1192 1581 legendum
1218 1522 1358 1569 tertio
1380 1523 1441 1570 cl.
1470 1520 1617 1571 Glar.
1643 1521 1797 1570 vellet
1820 1523 1973 1570 etiam
1997 1524 2203 1573 tertium.
2271 1524 2485 1575 Habent

296 1581 434 1624 ter-tw
460 1577 591 1640 Cop.
614 1581 750 1630 Edd.
771 1583 906 1632 Ven.
923 1588 972 1634 2.
998 1588 1046 1632 3.
1066 1585 1187 1632 Bas.
1205 1586 1354 1636 Jnnt.
1369 1584 1489 1635 Ald.
1513 1594 1570 1635 et
1593 1587 1685 1636 rel.
1704 1593 1898 1649 praeter
1919 1588 2049 1637 Ven.
2082 1593 2129 1636 1.
2152 1589 2282 1637 Bon.
2319 1589 2486 1653 Lugd.

298 1640 473 1717 Dolet.
494 1644 676 1708 Steph.
704 1647 921 1708 Raphel.
941 1657 996 1698 et
1022 1656 1218 1699 recent.
1244 1664 1355 1713 quae
1378 1656 1469 1701 ter.
1528 1652 1788 1700 Numerus
1804 1652 2017 1700 omissus
2042 1654 2192 1701 estin
2219 1653 2315 1702 Ed.
2332 1654 2483 1703 Rom.

294 1704 490 1776 Medic.
510 1723 636 1757 unus
650 1712 855 1774 pariter,
880 1714 932 1761 in
963 1713 1128 1764 altero
1161 1715 1354 1765 iterum.
1388 1715 1472 1765 Al.
1506 1718 1823 1765 clausit—10
1857 1717 2018 1765 Deest
2050 1716 2223 1766 bellam
2252 1718 2405 1769 vind.
2438 1724 2485 1768 1.

290 1770 441 1851 ’Con-
466 1772 642 1826 Periz.
666 1776 900 1828 Harlem.
923 1786 979 1828 et
1001 1778 1133 1830 Edd.
1157 1786 1278 1829 ante
1295 1780 1539 1830 Beroald.
1580 1782 1777 1831 Canales
1796 1795 1941 1846 aeque
1961 1780 2076 1844 Cuj.
2113 1784 2321 1832 currules
2339 1783 2482 1833 Cort.

1278 1922 1491 1973 NOTAE

351 2027 376 2052 ²
403 2020 592 2068 Janum
629 2020 909 2086 Quirinum]
944 2024 1031 2073 De
1068 2022 1187 2074 Jani
1222 2029 1348 2071 tem·

293 2095 374 2157 plo
395 2095 453 2144 in
477 2094 600 2144 belli
625 2097 834 2159 pacisve
847 2098 1045 2162 signum
1065 2093 1346 2162 aperiendo

1428 2021 1541 2071 baee
1567 2021 1713 2071 Livio
1747 2021 2018 2072 contendit
2050 2021 2104 2072 in
2129 1994 2485 2087 Augusti-‘glo-

1430 2098 1578 2160 riam,
1630 2099 1805 2147 statim
1856 2105 1975 2161 post
2029 2099 2218 2148 victum
2267 2098 2487 2149 Actiaca

292 2173 371 2220 vel
404 2171 703 2222 claudendo
736 2189 816 2222 res
850 2175 1020 2224 notior
1061 2183 1156 2224 est.
1220 2174 1346 2225 Qui-

290 2247 458 2295 rinum
500 2254 675 2296 autem
723 2248 913 2298 dictum
959 2252 1159 2312 volunt,
1184 2250 1346 2314 ‘quod

292 2336 321 2369 a
363 2322 609 2384 Romulo,
648 2323 736 2387 qui
769 2331 825 2373 et
866 2325 1111 2376 Quirinus
1163 2326 1347 2387 audiit,

292 2399 546 2463 templum
590 2398 734 2447 illum
786 2401 1050 2450 conditum
1103 2402 1170 2451 sit
1196 2418 1208 2448 ε
1277 2402 1351 2451 sic

291 2475 423 2525 enim
456 2475 685 2527 Horatio
709 2490 913 2540 quoque
934 2478 1123 2527 dicitur
1147 2476 1252 2527 Od.
1274 2481 1352 2529 ul-

256 2552 395 2620 σιίιιι.
434 2552 532 2602 lib.
555 2565 635 2602 lv.
668 2554 686 2581 ‘
705 2554 777 2602 Et
813 2569 1030 2604 vacuum
1060 2555 1242 2605 duellis
1261 2555 1352 2606 Ja-

289 2642 405 2678 num
432 2629 647 2681 Quirini
685 2631 910 2681 clausit!
978 2633 1145 2683 Quem
1177 2641 1349 2682 tamen

291 2719 482 2755 morem
504 2720 541 2754 a
564 2705 758 2765 Numa,
777 2721 875 2756 uon
899 2722 931 2756 a
953 2709 1189 2771 Romulo,
1209 2709 1351 2758 insti-

291 2790 460 2832 tutum
486 2783 764 2833 existimat
782 2784 955 2834 Livius
971 2784 1059 2834 lib.
1083 2799 1125 2834 1.

350 2857 372 2891 ὓ
406 2858 575 2908 Semel
590 2864 731 2922 atque
750 2860 944 2923 iterum]
979 2860 1156 2910 Primo
1189 2860 1254 2910 ab
1273 2860 1354 2924 ip-

290 2950 345 2984 so
364 2937 548 2986 Numa
572 2949 664 2999 per
685 2939 767 2986 43.
792 2951 970 2987 annos.
1012 2938 1209 2988 Iterum
1235 2945 1354 3001 post

287 3014 512 3075 primum
545 3012 736 3062 bellum
758 3014 1033 3077 Punicum,
1070 3029 1185 3064 anu.
1207 3015 1272 3064 U.
1291 3014 1351 3065 C.

288 3095 402 3140 ⁷19.
456 3089 514 3139 A
541 3103 641 3153 quo
665 3099 895 3154 tempore
918 3092 1149 3140 clausum
1172 3091 1266 3140 nisi
1289 3090 1354 3141 ab

288 3165 539 3230 Augusto
574 3181 675 3216 ιιοιι
699 3167 906 3231 legitur.
972 3169 1206 3221 Primum
1228 3184 1350 3220 ann.

286 3243 350 3292 U.
394 3244 456 3294 o.
478 3268 483 3273 -
503 3222 625 3294 ⁷55.
662 3244 802 3294 viem
844 3243 1105 3297 Antonio:
1163 3247 1350 3296 iterum

288 3333 400 3369 ann.
419 3322 548 3373 729.
585 3317 720 3369 bello
742 3320 1050 3375 Cantabrico
1079 3320 1347 3372 confecto:

287 3402 392 3444 tum
418 3394 655 3460 denique
677 3396 821 3446 circa
841 3401 1043 3461 tempus
1066 3396 1350 3446 nativitatis

290 3471 506 3533 Christi,
551 3484 619 3520 ex
657 3471 846 3523 Oresio
874 3473 1060 3523 lib.v1.
1095 3487 1143 3523 c.
1170 3477 1252 3523 21.
1294 3481 1348 3523 et

290 3559 338 3597 e.
358 3550 444 3596 22.
480 3553 543 3595 et
566 3546 738 3594 Dione
761 3547 848 3596 lib.
872 3560 995 3597 Lm.
1061 3547 1348 3597 Glareanus

292 3629 465 3672 tamen
483 3621 822 3672 scribendum
843 3623 928 3673 hie
944 3624 1054 3672 vult
1075 3623 1350 3686 tertiemus

291 3704 379 3756 ter,
398 3701 543 3750 Livii
575 3700 694 3749 loco
716 3700 924 3763 duetus,
948 3702 1035 3766 qui
1052 3701 1140 3751 lib.
1163 3714 1202 3750 ι.
1237 3701 1350 3750 haec

290 3777 449 3827 habet
473 3793 488 3826 ε
516 3777 534 3804 ‘
557 3776 647 3826 Bis
669 3776 857 3835 deinde
880 3785 1000 3841 post
1018 3778 1200 3827 Numae
1225 3784 1351 3826 tem-

291 3867 421 3915 pora
444 3854 658 3902 clausus
680 3849 800 3901 fuit.
867 3855 1036 3903 Semel
1069 3868 1100 3902 a
1121 3853 1181 3901 Τ.
1202 3853 1351 3902 Man-

290 3929 359 3977 lio
398 3928 528 3981 Cos.
569 3934 688 3991 post
708 3926 966 3977 Punicum
995 3929 1212 3993 primum
1236 3943 1353 3992 per-

288 4002 490 4058 fectum
513 4003 728 4065 bellum,
760 4003 950 4053 iterum
972 4004 1129 4070 (quod
1161 4012 1353 4055 nostrae

292 4079 442 4129 oetati
490 4077 588 4127 Dii
622 4078 880 4129 dederunt
924 4088 981 4130 ut
1035 4079 1348 4144 videremus)

290 4162 411 4218 post
431 4155 630 4205 bellum
652 4154 923 4207 Actiacum
945 4158 1009 4206 ab
1026 4156 1347 4219 Imperatore

293 4232 557 4295 Augusto,
591 4245 719 4295 pace
752 4238 895 4281 terra
915 4233 1141 4295 marique
1166 4229 1349 4294 parta.'

293 4309 494 4359 Verum
516 4309 722 4371 Lipsius
737 4309 906 4361 Elect.
924 4323 962 4361 1.
982 4324 1029 4359 c.
1050 4313 1132 4358 20.
1155 4308 1348 4371 scripta

1429 2186 1604 2235 pugna
1643 2172 1944 2235 Antonium,
1982 2182 2257 2238 antequam
2297 2175 2486 2224 iterum

1430 2248 1494 2297 ab
1518 2248 1752 2312 Augusto
1774 2248 2119 2299 clauderetur.

1493 2334 1515 2359 ⁰
1552 2327 1701 2375 Terra
1723 2326 1957 2390 marique]
1996 2317 2236 2375 Formula
2281 2324 2395 2374 haec
2429 2325 2484 2374 in

1429 2401 1654 2466 Augusti
1701 2403 1921 2458 nummis
1963 2403 2273 2466 statuisque,
2317 2409 2376 2450 ut
2430 2402 2485 2451 iu

1430 2487 1673 2540 rostrata,
1698 2492 1850 2542 quam
1870 2477 2107 2540 Augusto
2144 2485 2260 2540 post
2292 2477 2485 2527 vietum

1429 2556 1483 2605 S.
1507 2555 2039 2619 PompeiumSenatus
2062 2552 2314 2614 decrevit,
2332 2568 2485 2617 quam

1432 2635 1549 2683 vide
1602 2635 1655 2683 iu
1712 2632 2134 2696 inscriptionibus
2176 2630 2244 2680 ad
2289 2633 2485 2682 calcem

1429 2708 1638 2773 Operis.

1492 2786 1517 2819 ἀ
1550 2786 1646 2835 Bis
1678 2783 1844 2847 ovans]
1878 2782 2164 2833 Ovationes
2201 2789 2352 2832 erant
2393 2784 2483 2835 tri-

1429 2862 1607 2926 umphi
1626 2862 1834 2926 quidam
1875 2860 2121 2921 minores,
2143 2875 2172 2908 a
2201 2860 2485 2923 ,majoribus

1433 2939 1484 2987 iu
1532 2940 1626 2988 hoc
1673 2947 1862 3000 praeter
1898 2942 2077 2985 cetera
2111 2934 2486 3000 discrepantes,

1429 3015 1563 3078 quod
1612 3012 1985 3076 triumphantes
2046 3024 2219 3072 curru,
2270 3016 2484 3059 ovantes

1428 3106 1553 3149 =vero
1576 3105 1709 3156 equo
1733 3090 1814 3139 vel
1837 3087 2055 3153 pedibus
2070 3086 2489 3153 ingrederentur,

1431 3168 1765 3232 sequentibus
1806 3181 1896 3216 eos
1939 3179 2041 3215 non
2083 3165 2351 3227 militibus,
2391 3166 2486 3214 sed

1431 3244 1673 3294 universo
1695 3244 1911 3306 Senatu,
1938 3242 2172 3307 ovisque,
2197 3241 2361 3307 (unde
2393 3256 2487 3290 no-

1430 3319 1592 3387 men,)
1636 3335 1736 3370 non
1774 3328 1969 3381 taurus,
2006 3319 2379 3381 immolaretur,
2417 3317 2486 3369 de

1431 3413 1533 3463 quo
1549 3397 1749 3447 Gellius
1772 3396 1863 3447 lib.
1888 3410 1943 3445 v.
1967 3409 2013 3444 c.
2028 3399 2077 3444 6.
2120 3395 2221 3444 Dio
2238 3395 2324 3444 lib.
2347 3409 2402 3444 v-

1493 3480 1517 3504 θ
1554 3472 1672 3520 Post
1698 3468 2020 3532 Philippense]
2053 3470 2353 3519 Suetonium
2386 3469 2484 3518 Ca-

1429 3545 1684 3597 saubonus
1727 3546 1930 3594 erroris.
1956 3545 2039 3594 bie
2079 3554 2307 3607 accusat,
2346 3544 2483 3608 quod

1429 3623 1622 3673 bellum
1668 3620 1793 3670 illud
1842 3620 2028 3684 prioris
2071 3620 2321 3670 ovationis
2361 3633 2484 3667 cau-

1429 3714 1541 3748 sam
1592 3698 1834 3755 videatur
1876 3697 2161 3759 assignare.
2250 3697 2321 3744 Et
2359 3709 2483 3744 sane

1432 3776 1520 3825 vix
1549 3782 1648 3837 est,
1685 3780 1744 3823 ut
1781 3771 1995 3823 defendi
2017 3778 2196 3836 queat.
2262 3771 2486 3821 Causam

1430 3852 1568 3900 euim
1603 3850 1651 3899 ei
1676 3847 1900 3912 praebuit
1926 3861 2030 3910 pax
2062 3844 2201 3895 facta
2236 3861 2353 3895 cum
2375 3844 2483 3896 An·

1433 3930 1592 3990 tonio‚
1635 3926 1812 3991 quiet
1846 3925 1974 3988 ipse,
2008 3931 2064 3972 ut
2103 3924 2204 3972 Dio
2242 3931 2482 3986 testatur,

1429 4004 1676 4055 honorem
1699 4000 1919 4053 eundem
1943 4002 2225 4062 usurpavit.
2268 4001 2339 4050 Et
2362 4016 2480 4065 pro-

1427 4081 1555 4130 bant
1577 4077 1863 4131 efficaciter
1894 4076 2251 4139 inscriptiones
2280 4091 2346 4126 ex
2380 4076 2481 4127 fas·

1428 4155 1494 4205 tis
1540 4153 1845 4216 Capitolinis
1886 4152 2326 4216 desumtaesquas
2367 4152 2481 4215 ipse

1429 4230 1759 4280 casaubonus
1779 4229 2014 4279 adduxit.
2053 4228 2184 4277 Vide
2204 4229 2268 4277 ad
2286 4229 2481 4278 calcem

1427 4308 1636 4372 Operis.
1701 4307 1773 4356 Et
1794 4315 1935 4356 certe
1975 4306 2102 4355 nulli
2124 4319 2187 4353 ex
2214 4305 2361 4353 bellis
2397 4303 2481 4352 Ci-
