3019 4922
1228 394 1622 446 ocuvms.
2385 381 2518 450 247

330 558 484 608 cum
527 535 761 625 aliquo
802 541 1054 627 majore
1095 546 1260 609 natu
1289 540 1839 625 propinquorum.
1930 537 2354 625 Compitales
2383 541 2518 609 La·

331 663 440 709 res
461 640 490 684 ⁶
510 651 550 679 '¹'
582 644 803 712 ornari
835 644 943 708 bis
973 662 1150 708 anno
1180 643 1528 721 instituit?
1556 640 1778 708 vernis
1809 640 2085 708 fioribus
2125 649 2197 709 et
2236 643 2496 709 aestivis

333 744 729 814 Proximum
760 767 803 812 a
839 746 969 811 Dis
1003 745 1489 814 immortalibus
1538 744 1853 809 honorem
1898 746 2235 811 memoriae
2267 745 2518 814 ducum

333 849 669 932 praestitit,
701 850 817 933 qui
840 850 1196 933 imperium
1227 850 1464 934 populi
1494 848 1792 914 Romani
1814 856 1840 898 ⁷
1886 869 1975 914 ex
2002 848 2277 914 minimo
2303 834 2523 924 maxi·

333 971 514 1020 mum
543 951 1009 1019 reddidissent.
1096 953 1338 1037 Itaque
1371 958 1437 1018 et
1478 971 1687 1037 opera
1713 951 2063 1036 cujusque,
2095 952 2519 1018 manentibus

334 1055 597 1132 tituliS,y
641 1057 951 1134 restituit,
1002 1063 1070 1123 et
1120 1059 1380 1123 statuas
1429 1056 1724 1122 omnium
1755 1053 2127 1139 triumphali
2154 1052 2366 1138 effigie
2382 1062 2406 1089 ²
2447 1055 2521 1120 in

333 1162 616 1242 utraque
678 1158 837 1225 Fori
897 1160 1008 1225 sui
1057 1159 1317 1244 porticu
1335 1166 1363 1196 ⁸
1421 1159 1766 1225 dedicavit
1791 1179 1810 1239 3
1869 1157 2217 1243 professus
2276 1157 2520 1234 edicto,

336 1262 356 1291 ‘
373 1268 824 1327 commentum
852 1263 922 1327 id
954 1282 1048 1341 se,
1093 1271 1170 1328 ut
1196 1263 1454 1328 illorum
1471 1262 1496 1301 ⁸
1541 1263 1728 1327 velut
1755 1262 1841 1327 ad
1870 1261 2210 1344 exemplar
2250 1266 2319 1326 et
2345 1260 2520 1343 ipse,

337 1359 489 1425 dum
519 1363 798 1443 viveret,
825 1372 894 1430 et
918 1365 1407 1449 insequentium
1433 1369 1708 1431 aetatum
1727 1372 1755 1415 ⁹
1800 1362 2154 1447 Principes
2183 1362 2521 1444 exigeren-

1253 1546 1610 1569 ”OOOOOMOO

337 1681 390 1725 et
410 1676 463 1725 in
485 1675 686 1729 Medic.
706 1682 753 1728 l.
775 1685 1052 1730 nocturnum
1071 1693 1173 1729 nou
1187 1679 1500 1743 legitur.—6
1520 1680 1648 1731 Cod.
1664 1676 1836 1728 Ursini
1862 1675 2201 1740 Compitalitiis
2220 1676 2342 1725 iores
2357 1689 2401 1726 o.
2421 1675 2526 1726 bar.

336 1739 632 1805 suffragium
667 1742 952 1795 ferentibus
987 1745 1207 1795 Casaub.
1242 1746 1398 1796 Grut.
1433 1746 1610 1795 Graerr.
1677 1743 1778 1795 Sed
1815 1749 2027 1792 tuentur
2050 1742 2336 1805 Compitales
2359 1741 2528 1790 ceteri

339 1806 456 1857 libri
479 1823 599 1858 cum
626 1808 762 1859 Edd.
785 1811 934 1860 Vett.
962 1808 1150 1863 Scbeff.
1168 1810 1349 1859 Burm.
1374 1809 1515 1860 Oud.
1539 1817 1595 1859 et
1615 1810 1683 1859 al.
1746 1809 1995 1859 Ceterum
2018 1821 2185 1856 ornare
2208 1804 2344 1855 Edd.
2363 1804 2526 1869 pluri-

338 1885 452 1933 ma»,
472 1880 657 1924 contra
675 1874 831 1924 codd.
853 1875 1028 1933 fidem,
1048 1883 1105 1926 et
1129 1875 1353 1926 auctoris
1375 1881 1621 1925 mentem.
1644 1875 1697 1924 in
1716 1889 1838 1924 anno
1857 1873 2027 1922 Periz.
2051 1871 2286 1921 Heriem.
2300 1869 2462 1920 vind.
2478 1873 2527 1920 l.

339 1936 469 1986 Edd.
487 1939 623 1988 Ven.
645 1939 810 2003 Lugd.
834 1940 1050 1992 Mediol.
1070 1941 1218 1993 Juut.
1243 1937 1368 1988 Ald.
1391 1940 1627 2005 aliaeque,
1649 1953 1863 2004 quarum
1895 1936 2208 1987 auctoritate
2238 1934 2423 1993 fretus,
2446 1948 2529 1984 re-

339 2002 511 2063 posuit
525 2003 805 2056 Burm.—·7
840 2006 964 2070 Imp.
986 2007 1051 2056 R.
1073 2007 1203 2069 Cop.
1268 2006 1396 2054 Mox
1422 2006 1577 2068 vulgo
1599 2003 1850 2054 edebatur
1874 2010 1994 2053 ante
2019 2000 2160 2052 Oud.
2177 2000 2305 2065 pros.
2326 2005 2418 2062 est,
2440 1998 2533 2065 qui

339 2076 548 2117 auctore
573 2068 729 2119 Grut.
753 2070 897 2120 verb.
929 2070 1092 2120 subst.
1124 2070 1335 2132 delevit,
1366 2070 1451 2120 vel
1491 2069 1765 2135 legendum
1803 2067 2076 2132 proposuit
2105 2066 2232 2129 prof.
2262 2070 2310 2115 et
2341 2068 2418 2118 ed.
2436 2079 2532 2115 seu

336 2131 596 2183 etiam-8
638 2136 708 2185 Ut
729 2136 791 2186 od
811 2135 935 2185 illor.
958 2136 1078 2188 Pal.
1099 2142 1224 2192 tres,
1248 2142 1304 2185 et
1326 2134 1552 2186 casaub.
1572 2135 1722 2185 codd.
1744 2148 1861 2185 eum
1884 2131 2019 2186 Edd.
2045 2132 2175 2184 Bon.
2197 2130 2378 2195 Steph.
2402 2131 2530 2183 Ant.

341 2195 537 2262 Grypb.
560 2204 616 2248 ut
636 2203 699 2250 aa
719 2201 847 2250 inor.
870 2202 1027 2251 velud
1049 2216 1127 2252 ex.
1149 2202 1364 2251 Memru.
1381 2201 1511 2264 Cop.
1536 2200 1730 2251 Medic.
1756 2204 1799 2250 1.
1824 2202 1874 2249 8.
1899 2196 2055 2248 vind.
2076 2202 2127 2248 8.
2161 2196 2358 2247 Contra
2379 2196 2531 2247 omit-

340 2268 456 2375 2¹1¹&
478 2265 901 2379 'ffffp‘ssstmssi''
922 2266 1199 2382 ἳ“ἑ“ἰξ““ὲῗ
1220 2267 1633 2383 F⁰i¹⁰b¹¹1⁸ii¹¹i
1653 2264 1793 2382 {³⁶⁶6
1814 2263 1926 2381 512²?
1930 2261 2533 2381 ssfflfflffifflffiiss‘

445 2362 458 2377 ο
601 2363 615 2377 ι
700 2345 771 2379 8⁸·
871 2345 934 2379 an
965 2367 975 2381 ο
1038 2347 1064 2381 e
1105 2367 1120 2382 ι
1194 2346 1219 2380 r
1329 2363 1344 2379 ο
1411 2346 1442 2381 0
1467 2367 1480 2383 0
1567 2347 1597 2382 0
1619 2347 1647 2383 e
1679 2360 1757 2383 0-
1912 2347 1942 2381 a
2295 2360 2309 2378 o
2517 2359 2534 2379 ο

334 2396 386 2440 1.
409 2395 458 2441 8.
523 2344 796 2446 Pffaeterea
817 2396 974 2446 Vind.
1005 2400 1048 2447 1.
1070 2345 1601 2464 habetygoeubsequent.
1628 2404 1688 2449 et
1715 2398 1767 2448 in
1790 2395 1948 2447 vind.
1970 2400 2022 2447 2.
2043 2409 2075 2445 e
2096 2409 2165 2445 m.
2190 2409 2270 2459 pr.
2292 2392 2533 2457 erigeren-

1324 2559 1545 2613 NOTAE

402 2678 433 2704 ¹·
471 2671 760 2736 Compitales
786 2672 959 2739 Lares]
995 2672 1169 2724 Ursini
1199 2672 1317 2724 libri
1339 2679 1397 2725 et

340 2745 549 2814 quidam
589 2749 739 2810 editi,
771 2750 1016 2814 legebant
1043 2750 1394 2815 compitaliciis.

340 2825 453 2877 Quo
478 2838 661 2876 sensus
688 2824 872 2876 fieret:
908 2828 1167 2879 ornandos
1177 2828 1396 2894 jussisse

342 2901 502 2953 Lares
518 2902 653 2953 ludis
665 2904 1047 2969 compitaliciis,
1062 2904 1201 2971 quod
1221 2920 1252 2956 s
1269 2905 1397 2956 Sue·

343 2979 469 3028 tonii
502 2980 878 3031 consuetudine
913 2996 1013 3032 non
1051 2981 1318 3046 abhorret,
1337 2989 1398 3031 ut

342 3067 528 3119 nempe
550 3070 665 3120 quae
683 3057 1000 3121 conjunctim
1026 3059 1316 3124 proposuit,
1333 3073 1398 3111 ea

343 3130 550 3183 divisim
585 3134 835 3198 explicet.
900 3136 1096 3187 Verum
1138 3151 1254 3187 cum
1291 3150 1395 3186 non

344 3207 671 3272 reperiantur
692 3208 771 3260 bis
795 3225 930 3261 suno
950 3211 1222 3275 celebrati,
1260 3212 1399 3276 prio-

343 3298 450 3335 rem
479 3284 761 3337 lectionem
808 3288 1025 3340 retinuit
1071 3289 1399 3340 Csssubonus

344 3366 398 3410 et
418 3360 527 3424 elii,
548 3368 609 3412 ut
645 3362 999 3427 intelligantur
1019 3365 1224 3417 Larium
1247 3366 1400 3417 simu-

343 3438 485 3490 laer·
519 3438 571 3488 in
595 3438 838 3503 compitis
863 3440 1052 3504 posits,
1073 3441 1152 3492 bis
1168 3456 1396 3506 unoquo·

345 3528 444 3578 que
468 3528 623 3572 auno,
646 3514 884 3579 Augusto
911 3516 1155 3582 jubente,
1183 3516 1395 3569 floribus

346 3587 613 3641 adornata.

405 3672 433 3699 ¹
463 3667 557 3716 Bis
572 3682 695 3716 anno
712 3667 951 3734 instituit]
988 3669 1127 3722 Hinc
1149 3670 1397 3735 colligere

347 3749 446 3807 est,
468 3743 783 3806 Compitalia
806 3760 907 3796 non
929 3753 1070 3798 stato
1099 3748 1271 3814 aliquo
1292 3748 1400 3811 die,

345 3826 640 3871 ceterorum
658 3821 822 3871 instar
832 3820 1400 3889 festorum,celebrsts.‚

257 3948 265 3965 ,
347 3897 480 3963 quod
504 3905 561 3948 et
581 3905 764 3961 aperte
784 3896 1004 3950 affirmat
1034 3898 1290 3951 Ausonius
1311 3900 1401 3951 Ei-

349 3972 505 4038 dyllio
545 3986 681 4025 xxv.
713 3975 820 4025 ‘Et
845 3989 1106 4041 nunquam
1129 3977 1289 4027 certis
1324 3990 1403 4027 re-

349 4049 561 4102 deuntia
601 4049 739 4102 feste
776 4051 980 4113 diebus,
1018 4053 1148 4105 Cum
1181 4069 1276 4105 sus
1308 4068 1404 4119 per

351 4126 491 4178 vicos
526 4127 757 4191 compito
794 4128 1011 4194 quisque
1048 4130 1211 4181 colit.’
1276 4129 1401 4182 Non

354 4203 541 4264 publici
570 4204 756 4268 modo,
789 4204 887 4255 sed
926 4212 983 4257 et
1016 4206 1209 4271 privati
1242 4206 1401 4257 Lare·

354 4273 555 4332 floribus
583 4280 918 4333 ornabuntur.
970 4282 1006 4334 J
1010 4283 1213 4335 uvensl.
1247 4282 1402 4335 sotir.

1476 2688 1581 2727 ιιι.
1604 2673 1621 2704 ‘
1642 2673 1966 2739 Laribusque
1981 2669 2218 2738 paternis
2239 2669 2416 2720 Thura
2438 2668 2529 2720 ds·

1475 2751 1565 2813 bo,
1587 2758 1743 2817 atque
1777 2764 1953 2801 omnes
1977 2748 2126 2800 violae
2153 2744 2372 2812 jactabo
2393 2745 2533 2797 colo-

1476 2825 1597 2878 res?
1659 2826 1861 2877 Plinius
1874 2825 1965 2876 lib.
1990 2837 2114 2877 ιιι.
2135 2838 2183 2875 e.
2197 2827 2249 2873 8.
2270 2823 2370 2871 &c.

1541 2911 1565 2949 1
1597 2902 1907 2955 Manentibus
1927 2899 2112 2964 titulis]
2153 2899 2273 2951 Hoc
2310 2903 2414 2960 est,
2451 2894 2531 2946 in-

1476 2979 1865 3046 scriptionibus,
1907 2977 2089 3044 quibus
2153 2972 2534 3034 declarabatur,

1475 3072 1695 3124 quorum
1716 3060 1890 3108 essent
1906 3052 2157 3119 ejusmodi
2173 3055 2504 3104 monuments
2517 3062 2535 3098 ε

1475 3142 1657 3186 contre
1677 3133 1885 3186 omnino
1905 3131 2257 3194 Domitianus,
2275 3136 2333 3179 nt
2357 3125 2537 3176 videre

1477 3220 1561 3263 est
1582 3212 1635 3263 iu
1658 3211 1773 3276 ejus
1794 3210 1903 3262 vita
1926 3225 1974 3260 c.
1997 3214 2047 3259 6.
2072 3221 2223 3274 quem
2246 3205 2385 3256 forte
2406 3202 2533 3253 Sue·

1478 3289 1649 3342 tonius
1669 3288 1754 3338 hic
1777 3285 2168 3352 perstrinxerit.

1542 3373 1564 3399 ²
1599 3363 1896 3427 Triumphus·
1916 3361 2095 3429 effigie]
2127 3355 2538 3421 'triumphalium

1476 3441 1702 3491 virorum
1726 3444 1928 3489 statuas
1967 3438 2018 3486 in
2042 3433 2279 3487 curribus
2315 3431 2536 3495 dicatu,

1477 3526 1663 3569 auctor
1684 3521 1767 3566 est
1788 3515 1991 3565 Plinius
2011 3513 2101 3564 lib.
2120 3524 2322 3565 xxxiv.

1541 3602 1566 3629 ⁸
1593 3596 1804 3658 Utroque
1819 3591 1939 3642 Fori
1953 3591 2031 3642 sui
2048 3586 2256 3654 porticu]
2278 3585 2364 3636 Ab
2378 3584 2540 3636 AEnes

1478 3682 1535 3726 et
1573 3671 1794 3725 Romulo
1828 3682 2004 3720 omnes
2040 3664 2222 3717 ordine
2263 3658 2539 3726 disposuit.

1479 3751 1638 3804 Unde
1656 3748 1878 3800 Ovidius
1899 3760 1952 3797 v.
1971 3746 2263 3803 Fastorum,
2276 3740 2345 3789 de
2360 3738 2540 3789 Morte

1480 3830 1683 3884 Ultore‚
1705 3827 1855 3890 eujus
1879 3822 2018 3873 oedes
2047 3820 2100 3870 iu
2125 3820 2241 3880 ipso
2263 3814 2377 3865 foro
2404 3811 2538 3864 fuit:

1484 3910 1501 3936 ⁸
1528 3905 1667 3955 Hinc
1697 3902 1843 3952 videt
1878 3899 2073 3950 AEnean
2106 3898 2376 3944 oneratum
2413 3902 2541 3953 pon-

1487 3982 1614 4033 dere
1647 3993 1791 4042 caro,
1827 3978 1899 4027 Et
1934 3980 2014 4025 tot
2053 3971 2213 4023 Iuleae
2246 3964 2540 4021 nobilitatis

1485 4055 1645 4114 avos,⁹
1675 4058 1775 4106 &c.
1842 4052 1947 4103 Hic
1976 4055 2104 4101 note
2135 4047 2348 4100 verbum
2392 4045 2409 4076 ‘
2429 4041 2542 4095 exi-

1472 4129 1766 4200 gerentur}
1785 4131 1885 4180 hoc
1901 4134 2000 4186 est,
2016 4127 2422 4192 requirerentur,
2442 4133 2541 4171 ειτ-

1482 4214 1600 4264 dem
1626 4210 1679 4260 in
1713 4207 1814 4259 illis
1839 4205 2078 4268 virtutes,
2098 4208 2157 4254 et
2176 4199 2322 4267 quiesi
2344 4194 2541 4248 trutina

1482 4288 1919 4345 examinarentur,
1940 4296 2045 4348 quo
2079 4292 2232 4332 sensu
2267 4276 2319 4326 in
2354 4271 2458 4325 Jul-
2489 4283 2537 4319 c.
