3019 4922
465 327 592 394 126
1318 341 1382 389 c.
1428 336 1520 388 su
1535 332 1792 386 arcun

461 491 855 578 elegantem,
886 482 1309 570 splendidam
1340 502 1625 569 quoque,
1675 487 1874 567 atque
1925 480 2172 548 etiam⁹
2227 473 2651 567 magnificam

465 613 548 659 ac
573 608 968 675 generosam
998 583 1490 674 quodammodo
1520 583 2130 651 rationem-dicendi
2162 594 2385 652 tenere
2411 585 2450 653 τ’
2476 585 2660 652 etad

465 694 857 762 Cornelium
879 700 902 728 ⁶
951 692 1295 776 Nepotem
1324 688 1411 754 de
1441 686 1682 753 eodem
1711 687 1809 753 ita
1839 689 2148 773 scripsit:
2195 692 2216 723 ‘
2238 687 2421 769 Quid
2443 691 2474 754 't
2507 688 2662 755 ora·

466 806 755 866 torum¹0
796 816 993 882 quem
1037 795 1189 860 huic
1218 798 1588 877 antepones
1629 809 1880 870 eorum,
1908 791 2027 877 qui
2073 793 2234 858 nihil
2278 792 2464 858 aliud
2509 812 2664 878 ege·

465 905 712 968 runt‘l3
804 899 981 981 Quis
1022 896 1364 964 sententiis
1410 902 1531 961 aut
1572 896 1857 975 acutior,
1887 902 2005 961 aut
2047 896 2392 963 crebrior?
2485 896 2662 977 Quis

468 1006 688 1072 verbis
734 1012 854 1071 aut
905 1004 1249 1081 ornatior,²
1309 1008 1425 1067 aut
1469 1000 1834 1083 elegantior
1854 998 1908 1065 ‘t’
1996 998 2230 1066 Genus
2259 999 2663 1088 eloquentiae

467 1110 796 1175 duntaxat
820 1106 1219 1173 adolescens
1239 1112 1259 1153 ³
1320 1102 1541 1169 adhuc
1584 1102 1932 1170 Strabonis
1960 1103 2252 1170 Caesaris
2273 1111 2304 1153 4
2328 1102 2350 1141 f
2394 1111 2666 1171 secutus

467 1211 765 1279 videtur:
797 1210 990 1297 cujus
1019 1210 1222 1281 etiam
1242 1228 1330 1274 ex
1355 1206 1678 1283 oratione,
1703 1225 1855 1292 quae
1887 1206 2270 1274 inscribitur
2298 1214 2319 1244 ‘
2339 1209 2475 1275 Pro
2504 1207 2664 1275 Sar-

468 1313 615 1395 dis,'
643 1316 731 1380 ad
754 1315 1023 1382 verbum
1052 1312 1370 1378 nonnulla
1396 1310 1735 1377 transtulit
1759 1310 1828 1376 in
1854 1311 2355 1380 Divinationem
2378 1320 2404 1360 ⁸
2451 1332 2667 1388 suam·
2762 1310 2770 1319 '

466 1418 943 1485 Pronuntiasse
967 1419 1195 1482 autem
1219 1414 1464 1481 dicitur
1490 1434 1663 1481 voce
1692 1420 1914 1496 acuta,
1943 1416 2202 1484 ardenti
2228 1423 2415 1484 motu
2432 1425 2669 1501 'gestu-

467 1529 652 1605 que,⁵
683 1541 813 1586 non
847 1521 991 1585 sine
1019 1524 1384 1585 venustate.
1472 1518 1832 1585 Orationes
1859 1521 2125 1607 aliquas
2155 1522 2445 1612 reliquit,
2493 1522 2670 1586 inter

468 1642 639 1710 quas
667 1629 913 1690 temere
934 1624 1246 1715 quaedam
1276 1620 1623 1687 feruntur.⁶
1696 1625 1716 1655 ‘
1736 1621 1873 1689 Pro
1907 1622 1994 1704 Q.
2021 1620 2367 1689 Metello'¹³
2390 1643 2526 1690 non
2547 1626 2673 1689 im-

1389 1803 1751 1828 ‘mOmOO‘O

468 1943 628 1992 Fouc.
652 1940 867 1990 Memm.
888 1933 1081 1991 Medic.
1100 1953 1237 1990 omn.
1258 1939 1413 1989 Voss.
1438 1940 1585 1991 cort.
1608 1937 1749 1990 Edd.
1782 1939 1933 1989 Rom.
1955 1944 2012 1988 et
2044 1938 2275 1990 Gronov.
2342 1938 2553 1990 Deinde
2578 1953 2672 2006 pro

466 2008 626 2070 aitque
648 2006 795 2056 Miiu.
817 2005 873 2055 in
895 2004 1072 2056 sched.
1092 2006 1221 2055 Mss.
1237 2004 1421 2058 suadet
1443 2005 1687 2070 additque,
1708 2004 1843 2071 quod
1866 2004 2186 2057 verissimum
2213 2012 2366 2069 putat
2382 2006 2675 2069 Baumg.—

466 2077 500 2122 9
530 2072 617 2122 Sic
641 2085 708 2120 ex
731 2071 992 2137 plerisque
1009 2070 1162 2122 codd.
1179 2078 1235 2121 et
1258 2070 1392 2124 Edd.
1412 2073 1709 2121 restitutum
1735 2078 1815 2122 est
1838 2086 1934 2135 pro
1949 2071 2105 2134 Vulg.
2127 2085 2185 2121 uc
2203 2072 2365 2121 niam.
2433 2071 2499 2121 In
2515 2072 2675 2123 vind.

466 2142 518 2188 2.
552 2144 606 2187 et
645 2138 792 2188 Cort.
830 2144 1070 2187 neutrum
1109 2144 1406 2201 comparet;
1438 2136 1769 2187 nihilominus
1805 2136 2015 2187 Cortius
2052 2138 2236 2199 probat
2265 2151 2322 2186 uc
2340 2140 2407 2186 et.
2430 2137 2497 2186 ad
2530 2138 2672 2187 Pliu.

466 2204 504 2253 l.
528 2217 582 2250 v.
612 2216 698 2267 ep.
718 2207 770 2254 6.
808 2201 929 2263 Vid.
959 2202 1141 2252 Burm.
1168 2201 1232 2251 ad
1258 2203 1305 2253 h.
1325 2203 1358 2251 Ι.
1422 2202 1554 2252 Mox
1573 2208 1620 2252 et
1639 2218 1750 2264 gen.
1784 2202 2030 2252 exhibent
2058 2202 2191 2252 Edd.
2233 2202 2371 2254 Oud.
2394 2209 2450 2252 et
2477 2202 2674 2254 Wolsu.

466 2267 639 2318 Aliter
661 2269 839 2318 Burm.
863 2267 1048 2324 Pitisc.
1074 2267 1269 2319 Schild.
1293 2269 1413 2331 Bip.
1436 2283 1555 2319 cum
1578 2268 1713 2319 Edd.
1737 2268 1884 2317 Rom.
1910 2275 1965 2318 et
1985 2267 2117 2318 aliis.
2159 2268 2352 2317 Rursus
2384 2282 2441 2317 nc
2472 2270 2538 2319 od
2564 2270 2674 2318 Gor.

465 2342 524 2382 et
552 2335 616 2383 od
651 2334 828 2383 exulat
863 2347 894 2383 a
918 2332 1077 2386 Vind.
1115 2338 1297 2388 1.—1ss
1332 2336 1586 2384 Oratorem
1618 2331 1839 2397 praefert
1871 2335 2022 2384 Torr.
2058 2347 2089 2383 e
2123 2333 2322 2384 duobus
2344 2332 2497 2385 codd.
2521 2341 2577 2384 et
2599 2335 2675 2385 sie

467 2397 684 2449 Memm.
706 2398 853 2449 Med.
876 2402 923 2449 l.
947 2414 1010 2450 ac
1030 2403 1082 2450 3.
1107 2414 1138 2451 a
1161 2415 1230 2450 m.
1250 2413 1331 2465 pr.
1369 2400 1477 2465 quis
1492 2404 1616 2449 orat.
1642 2398 1813 2450 Periz.
1835 2406 1890 2450 et
1910 2401 2113 2463 signum
2135 2399 2507 2461 interrogantis
2528 2400 2676 2450 omit·

467 2473 589 2515 tunt
611 2459 733 2515 Ald.
754 2467 937 2529 Stepb.
1006 2466 1153 2516 Dein
1169 2473 1427 2531 anteponas
1448 2467 1501 2515 in
1526 2465 1684 2516 Vind.
1706 2470 1850 2516 l.—1
1889 2466 2094 2528 Egerint
2119 2466 2306 2530 Copes.
2351 2466 2484 2516 Mox
2509 2465 2678 2518 Rhed.

466 2536 519 2582 2.
542 2530 720 2581 ordine
744 2539 939 2581 mutato
961 2537 1048 2582 aut
1065 2537 1189 2582 sent.
1212 2548 1285 2584 uc.
1349 2531 1487 2582 Item
1512 2545 1610 2596 pro
1630 2532 1814 2585 acutior
1836 2531 2006 2582 Periz.
2037 2529 2359 2580 acorion—2
2388 2531 2678 2582 Ordinatior

464 2601 550 2645 utet
572 2597 724 2648 Voss.
780 2598 989 2647 Desunt
1012 2597 1258 2648 Halm—³
1288 2597 1613 2648 Adulescente
1642 2596 1762 2646 Pin.
1796 2596 1944 2647 Med.
1974 2601 2024 2646 2.
2049 2596 2208 2647 Fouc.
2248 2596 2487 2648 Harlem.
2528 2598 2680 2649 Voss.

469 2661 645 2726 Cujsc.
666 2661 801 2714 Edd.
821 2662 1003 2727 Camp.
1025 2663 1159 2714 Ven.
1183 2667 1230 2713 1.
1252 2662 1471 2715 Mediol.
1487 2670 1547 2713 et
1568 2677 1729 2726 marg.
1752 2660 1920 2712 Per-iz.
1954 2661 2043 2711 sed
2076 2675 2109 2711 a
2131 2676 2211 2725 pr.
2238 2677 2306 2713 m.
2329 2663 2681 2726 eloquentis.—

466 2731 498 2777 4
537 2729 702 2778 Casas·
725 2729 882 2779 Fouc.
906 2728 1037 2780 etin
1061 2728 1320 2778 nonnullis
1349 2729 1548 2779 invenit
1580 2727 1800 2780 casaub.
1847 2728 1971 2777 Caes.
2002 2742 2159 2779 seem
2179 2733 2266 2778 est.
2334 2728 2476 2778 Dein
2512 2728 2607 2789 cnj.
2626 2728 2680 2777 in

467 2797 591 2845 orat·
612 2794 770 2844 Vind.
789 2798 840 2844 2.
864 2795 1011 2846 Cort.
1044 2795 1175 2844 Tum
1198 2801 1248 2845 et
1268 2810 1374 2858 quoe
1389 2794 1552 2845 Vind.
1575 2799 1722 2846 1.-5
1760 2793 1917 2844 Gesta
1932 2794 2047 2844 sine
2068 2795 2257 2857 copula
2276 2792 2432 2843 Vind.
2454 2798 2507 2844 2.
2531 2794 2680 2845 Cort.

467 2858 2080 2989 ἴξ..8Ξῖ0...ἳὲῗέιἔξῧῗὶᾞῶἲὲἰῑῖθμῗῖῗϊᾶἑθἲᾶἴὲἷ..
2102 2858 2357 2988 .ῗὲ“ἶ,“ἒ.;,ἓ.·
2377 2857 2682 2988 ἒὲοέῗῗέέῑ

469 2988 633 3040 Gron.
657 2987 1028 3040 accedentibus
1046 2990 1259 3041 Memm.
1275 2989 1421 3041 Med.
1443 2995 1492 3042 l.
1513 2994 1562 3046 2.
1599 2996 1657 3041 ut
1677 2990 1871 3042 retinet
1892 2991 2115 3041 Casaub.
2136 2991 2390 3055 probante
2413 2990 2577 3041 Grut-
2596 3005 2678 3041 so·

1471 3157 1688 3209 No'rAE

469 3272 586 3323 dem
612 3268 819 3334 Cicero,
839 3269 1045 3321 scilicet
1079 3269 1132 3320 in
1160 3263 1328 3335 Bruto
1351 3285 1532 3323 nume·
1613 3270 1993 3323 accusationem
2036 3269 2254 3335 alicujus
2298 3267 2536 3334 permitti
2580 3267 2683 3320 sibi

469 3364 528 3401 ro
548 3352 663 3400 261.
1119 3386 1122 3387 ⁷
1527 3378 1532 3383 ·
1613 3355 1879 3416 peterent,
1912 3363 2039 3414 quas
2074 3348 2359 3412 orationes,
2384 3352 2445 3397 ut
2480 3346 2536 3397 id
2580 3345 2683 3398 s‘ibi

534 3434 557 3460 ⁸
582 3422 882 3487 Cornelium]
915 3423 1182 3476 Ciceronis
1204 3424 1423 3476 amicum
1446 3425 1533 3477 cni
1612 3426 2008 3489 concederetur,
2037 3424 2381 3488 adhibebant,
2418 3439 2512 3475 eas
2550 3425 2684 3477 divi-

469 3516 754 3570 cognomen
793 3502 992 3566 Nepos,
1022 3501 1087 3551 sd
1117 3515 1269 3568 quem
1303 3517 1421 3569 quoe
1446 3503 1534 3554 Ci-
1612 3503 2107 3570 nationissppeilsri
2132 3502 2338 3556 nomine
2373 3502 2682 3563 visitarent,-

470 3596 593 3633 eero
614 3580 896 3645 scripserat
932 3578 1146 3644 periisse
1183 3587 1406 3631 testatur
1427 3581 1533 3632 Be·
1613 3581 1771 3647 quod,
1806 3588 1864 3631 ut
1902 3580 2069 3645 aiunt,
2106 3578 2494 3643 disceptatione
2541 3578 2686 3644 ejus-

470 3658 692 3709 roaldus.
1608 3659 1748 3709 modi
1781 3659 1893 3708 sine
1916 3658 2105 3710 tabulis
2130 3657 2687 3707 testibusvetransac·

536 3737 559 3770 f
584 3737 833 3789 Strabonis
872 3737 1104 3802 Casan-is]
1161 3738 1390 3789 Gentilis
1432 3737 1533 3802 sui,
1611 3743 1686 3799 ts,
1694 3734 1964 3801 judicibus
1981 3750 2145 3799 prope
2171 3732 2511 3785 divinandum
2528 3739 2689 3795 esset,

471 3817 618 3881 cujus
652 3816 836 3865 Cicero
869 3815 1186 3866 divinatione
1220 3812 1274 3864 in
1297 3813 1534 3873 Verrem,
1610 3828 1702 3867 seu
1726 3813 1896 3878 potius
1920 3811 2262 3872 auditoribus,
2287 3810 2393 3863 utri
2415 3824 2584 3861 causa
2607 3809 2688 3860 fo·

471 3899 529 3944 et
546 3891 777 3943 oratione
800 3890 854 3941 in
877 3892 1118 3943 Pisonem
1142 3892 1393 3949 meminit,
1415 3891 1535 3941 Cai·
1610 3898 1694 3943 ret
1729 3889 2111 3955 adjudicanda:
2147 3888 2286 3955 quod
2324 3893 2479 3952 patet
2514 3889 2688 3953 prima

470 3982 660 4034 umque
674 3967 869 4021 Julium
893 3969 1153 4033 appellen
1188 3967 1277 4034 qui
1302 3983 1394 4033 pro
1415 3967 1555 4018 Sar»
1608 3968 1661 4019 in
1697 3969 2068 4034 Verrem,·qua
2106 3965 2395 4031 praesertim
2423 3964 2687 4028 quaritur

471 4047 551 4098 dis
574 4044 819 4095 adversus
838 4041 1129 4106 Albutium,
1159 4058 1262 4094 non
1294 4058 1445 4096 secus
1468 4057 1532 4095 ac
1612 4051 1731 4095 uter
1751 4058 1993 4096 accusare
2017 4042 2210 4095 debeat
2232 4041 2419 4094 Cicero
2459 4055 2530 4101 an
2569 4042 2685 4094 Cae.

471 4125 659 4177 Cicero
678 4136 771 4186 pro
788 4120 974 4172 Siculis
993 4121 1048 4171 in
1063 4122 1303 4193 Verrem,
1321 4137 1532 4190 perora·
1612 4122 1782 4176 cilius.

470 4202 566 4253 vit.
1676 4199 1701 4233 ¹¹
1736 4201 1834 4251 Pro
1872 4199 1935 4255 Q.
1961 4195 2177 4260 Metello]
2212 4195 2297 4245 De
2329 4194 2492 4259 hujus
2525 4195 2688 4246 tribu-

537 4284 564 4321 Ι
598 4274 979 4340 Dioisotiouess]
1037 4273 1094 4326 Si
1136 4274 1239 4327 duo
1291 4276 1533 4342 pluresve
1612 4285 1741 4333 nstu
1760 4290 1921 4343 supra
1941 4288 1994 4330 c,
2013 4277 2095 4325 16.
2162 4272 2359 4324 Deerat
2374 4269 2437 4327 in
2451 4271 2688 4339 vulgatis
