<?xml version="1.0" encoding="UTF-8"?>
<!DOCTYPE html PUBLIC "-//W3C//DTD XHTML 1.0 Transitional//EN"
    "http://www.w3.org/TR/xhtml1/DTD/xhtml1-transitional.dtd">
<html xmlns="http://www.w3.org/1999/xhtml" xml:lang="en" lang="en">
 <head>
  <title>
</title>
<meta http-equiv="Content-Type" content="text/html;charset=utf-8" />
  <meta name='ocr-system' content='tesseract 3.04.00' />
  <meta name='ocr-capabilities' content='ocr_page ocr_carea ocr_par ocr_line ocrx_word'/>
</head>
<body>
  <div class='ocr_page' id='page_1' title='image "./operaomniaexedi04suetgoog/operaomniaexedi04suetgoog_0332.png"; bbox 0 0 3019 4922; ppageno 0'>
   <div class='ocr_carea' id='block_1_1' title="bbox 533 416 1863 484">
    <p class='ocr_par' dir='ltr' id='par_1_1' title="bbox 533 416 1863 484">
     <span class='ocr_line' id='line_1_1' title="bbox 533 416 1863 484; baseline -0.004 0"><span class='ocrx_word' id='word_1_1' title='bbox 533 416 667 484; x_wconf 78' lang='lat'><strong>322</strong></span> <span class='ocrx_word' id='word_1_2' title='bbox 1394 430 1458 478; x_wconf 89' lang='lat' dir='ltr'><strong>c.</strong></span> <span class='ocrx_word' id='word_1_3' title='bbox 1504 429 1863 480; x_wconf 68' lang='lat' dir='ltr'><strong>sus&#39;roun</strong></span> 
     </span>
    </p>
   </div>
   <div class='ocr_carea' id='block_1_2' title="bbox 539 572 2768 2201">
    <p class='ocr_par' dir='ltr' id='par_1_2' title="bbox 541 572 2724 659">
     <span class='ocr_line' id='line_1_2' title="bbox 541 572 2724 659; baseline -0.001 -15"><span class='ocrx_word' id='word_1_4' title='bbox 541 576 993 654; x_wconf 77' lang='lat' dir='ltr'><strong>anteferretur,</strong></span> <span class='ocrx_word' id='word_1_5' title='bbox 1052 572 1421 659; x_wconf 85' lang='lat' dir='ltr'><strong>Mytilenas</strong></span> <span class='ocrx_word' id='word_1_6' title='bbox 1443 582 1465 609; x_wconf 75' lang='lat'>¹</span> <span class='ocrx_word' id='word_1_7' title='bbox 1517 595 1611 653; x_wconf 89' lang='lat' dir='ltr'><strong>se,</strong></span> <span class='ocrx_word' id='word_1_8' title='bbox 1639 576 1893 642; x_wconf 87' lang='lat' dir='ltr'><strong>relictis</strong></span> <span class='ocrx_word' id='word_1_9' title='bbox 1936 575 2267 653; x_wconf 77' lang='lat' dir='ltr'><strong>omnibuS,</strong></span> <span class='ocrx_word' id='word_1_10' title='bbox 2297 576 2724 659; x_wconf 81' lang='lat' dir='ltr'><strong>contulisset3</strong></span> 
     </span>
    </p>

    <p class='ocr_par' dir='ltr' id='par_1_3' title="bbox 539 677 2737 762">
     <span class='ocr_line' id='line_1_3' title="bbox 539 677 2737 762; baseline -0.001 -16"><span class='ocrx_word' id='word_1_11' title='bbox 539 682 701 747; x_wconf 87' lang='lat' dir='ltr'><strong>bic-³</strong></span> <span class='ocrx_word' id='word_1_12' title='bbox 758 687 1083 745; x_wconf 87' lang='lat' dir='ltr'><strong>secretum</strong></span> <span class='ocrx_word' id='word_1_13' title='bbox 1144 678 1230 742; x_wconf 89' lang='lat' dir='ltr'><strong>de</strong></span> <span class='ocrx_word' id='word_1_14' title='bbox 1272 685 1615 762; x_wconf 87' lang='lat' dir='ltr'><strong>comperta</strong></span> <span class='ocrx_word' id='word_1_15' title='bbox 1661 677 1960 744; x_wconf 80' lang='lat' dir='ltr'><strong>Murenae</strong></span> <span class='ocrx_word' id='word_1_16' title='bbox 2020 678 2480 762; x_wconf 86' lang='lat' dir='ltr'><strong>conjuratione</strong></span> <span class='ocrx_word' id='word_1_17' title='bbox 2537 682 2737 744; x_wconf 83' lang='lat' dir='ltr'><strong>uxori</strong></span> 
     </span>
    </p>

    <p class='ocr_par' dir='ltr' id='par_1_4' title="bbox 541 779 2768 2201">
     <span class='ocr_line' id='line_1_4' title="bbox 541 779 2740 867; baseline -0.001 -19"><span class='ocrx_word' id='word_1_18' title='bbox 541 784 871 849; x_wconf 82' lang='lat' dir='ltr'><strong>Terentiae</strong></span> <span class='ocrx_word' id='word_1_19' title='bbox 892 790 912 817; x_wconf 81' lang='lat'>⁵</span> <span class='ocrx_word' id='word_1_20' title='bbox 942 779 1373 866; x_wconf 83' lang='lat' dir='ltr'><strong>prodidisset.</strong></span> <span class='ocrx_word' id='word_1_21' title='bbox 1467 779 1706 864; x_wconf 86' lang='lat' dir='ltr'><strong>Exegit</strong></span> <span class='ocrx_word' id='word_1_22' title='bbox 1735 786 1800 845; x_wconf 89' lang='lat' dir='ltr'><strong>et</strong></span> <span class='ocrx_word' id='word_1_23' title='bbox 1825 782 1974 867; x_wconf 88' lang='lat' dir='ltr'><strong>ipse</strong></span> <span class='ocrx_word' id='word_1_24' title='bbox 1999 781 2278 847; x_wconf 88' lang='lat' dir='ltr'><strong>invicem</strong></span> <span class='ocrx_word' id='word_1_25' title='bbox 2299 787 2330 830; x_wconf 82' lang='lat'>4</span> <span class='ocrx_word' id='word_1_26' title='bbox 2374 782 2458 846; x_wconf 87' lang='lat' dir='ltr'><strong>ab</strong></span> <span class='ocrx_word' id='word_1_27' title='bbox 2492 783 2740 847; x_wconf 87' lang='lat' dir='ltr'><strong>amicis</strong></span> 
     </span>
     <span class='ocr_line' id='line_1_5' title="bbox 541 884 2768 968; baseline -0.002 -15"><span class='ocrx_word' id='word_1_28' title='bbox 541 884 1067 953; x_wconf 86' lang='lat' dir='ltr'><strong>benevolentiam</strong></span> <span class='ocrx_word' id='word_1_29' title='bbox 1126 888 1444 961; x_wconf 88' lang='lat' dir='ltr'><strong>mutuam,</strong></span> <span class='ocrx_word' id='word_1_30' title='bbox 1502 891 1636 948; x_wconf 86' lang='lat' dir='ltr'><strong>tam</strong></span> <span class='ocrx_word' id='word_1_31' title='bbox 1682 903 1723 948; x_wconf 86' lang='lat' dir='ltr'><strong>a</strong></span> <span class='ocrx_word' id='word_1_32' title='bbox 1780 884 2134 963; x_wconf 79' lang='lat' dir='ltr'><strong>defunctiS,</strong></span> <span class='ocrx_word' id='word_1_33' title='bbox 2175 904 2373 968; x_wconf 83' lang='lat' dir='ltr'><strong>quam</strong></span> <span class='ocrx_word' id='word_1_34' title='bbox 2435 906 2476 951; x_wconf 88' lang='lat' dir='ltr'><strong>a</strong></span> <span class='ocrx_word' id='word_1_35' title='bbox 2534 884 2768 950; x_wconf 50' lang='lat' dir='ltr'><strong>vivis(</strong></span> 
     </span>
     <span class='ocr_line' id='line_1_6' title="bbox 544 988 2743 1072; baseline -0.003 -15"><span class='ocrx_word' id='word_1_36' title='bbox 544 991 749 1067; x_wconf 88' lang='lat' dir='ltr'><strong>Nam,</strong></span> <span class='ocrx_word' id='word_1_37' title='bbox 780 988 1089 1072; x_wconf 85' lang='lat' dir='ltr'><strong>quamvis</strong></span> <span class='ocrx_word' id='word_1_38' title='bbox 1132 988 1398 1051; x_wconf 90' lang='lat' dir='ltr'><strong>minime</strong></span> <span class='ocrx_word' id='word_1_39' title='bbox 1431 995 1783 1071; x_wconf 89' lang='lat' dir='ltr'><strong>appeteret</strong></span> <span class='ocrx_word' id='word_1_40' title='bbox 1812 989 2257 1068; x_wconf 79' lang='lat' dir='ltr'><strong>haereditateS,</strong></span> <span class='ocrx_word' id='word_1_41' title='bbox 2283 995 2362 1051; x_wconf 89' lang='lat' dir='ltr'><strong>ut</strong></span> <span class='ocrx_word' id='word_1_42' title='bbox 2398 988 2516 1072; x_wconf 90' lang='lat' dir='ltr'><strong>qui</strong></span> <span class='ocrx_word' id='word_1_43' title='bbox 2561 1008 2743 1052; x_wconf 89' lang='lat' dir='ltr'><strong>nun-</strong></span> 
     </span>
     <span class='ocr_line' id='line_1_7' title="bbox 546 1090 2743 1178; baseline -0.001 -20"><span class='ocrx_word' id='word_1_44' title='bbox 546 1113 750 1178; x_wconf 89' lang='lat' dir='ltr'><strong>quam</strong></span> <span class='ocrx_word' id='word_1_45' title='bbox 780 1112 867 1156; x_wconf 86' lang='lat' dir='ltr'><strong>ex</strong></span> <span class='ocrx_word' id='word_1_46' title='bbox 910 1090 1122 1173; x_wconf 87' lang='lat' dir='ltr'><strong>ignoti</strong></span> <span class='ocrx_word' id='word_1_47' title='bbox 1170 1095 1572 1155; x_wconf 89' lang='lat' dir='ltr'><strong>testamento</strong></span> <span class='ocrx_word' id='word_1_48' title='bbox 1627 1109 1869 1174; x_wconf 86' lang='lat' dir='ltr'><strong>capere</strong></span> <span class='ocrx_word' id='word_1_49' title='bbox 1906 1091 2270 1174; x_wconf 86' lang='lat' dir='ltr'><strong>quicquam</strong></span> <span class='ocrx_word' id='word_1_50' title='bbox 2314 1090 2743 1171; x_wconf 85' lang='lat' dir='ltr'><strong>sustinuerit3</strong></span> 
     </span>
     <span class='ocr_line' id='line_1_8' title="bbox 544 1193 2746 1278; baseline -0.001 -16"><span class='ocrx_word' id='word_1_51' title='bbox 544 1197 911 1262; x_wconf 88' lang='lat' dir='ltr'><strong>amicorum</strong></span> <span class='ocrx_word' id='word_1_52' title='bbox 940 1201 1163 1258; x_wconf 89' lang='lat' dir='ltr'><strong>tamen</strong></span> <span class='ocrx_word' id='word_1_53' title='bbox 1208 1212 1526 1277; x_wconf 90' lang='lat' dir='ltr'><strong>suprema</strong></span> <span class='ocrx_word' id='word_1_54' title='bbox 1554 1193 1814 1278; x_wconf 86' lang='lat' dir='ltr'><strong>judicia</strong></span> <span class='ocrx_word' id='word_1_55' title='bbox 1842 1193 2296 1258; x_wconf 85' lang='lat' dir='ltr'><strong>morosissime</strong></span> <span class='ocrx_word' id='word_1_56' title='bbox 2336 1193 2746 1276; x_wconf 79' lang='lat' dir='ltr'><strong>pensitavit3</strong></span> 
     </span>
     <span class='ocr_line' id='line_1_9' title="bbox 542 1293 2742 1382; baseline -0.001 -18"><span class='ocrx_word' id='word_1_57' title='bbox 542 1319 763 1382; x_wconf 89' lang='lat' dir='ltr'><strong>neque</strong></span> <span class='ocrx_word' id='word_1_58' title='bbox 810 1297 1040 1361; x_wconf 88' lang='lat' dir='ltr'><strong>dolore</strong></span> <span class='ocrx_word' id='word_1_59' title='bbox 1084 1293 1523 1374; x_wconf 82' lang='lat' dir='ltr'><strong>dissimulatO,</strong></span> <span class='ocrx_word' id='word_1_60' title='bbox 1576 1296 1637 1360; x_wconf 88' lang='lat' dir='ltr'><strong>si</strong></span> <span class='ocrx_word' id='word_1_61' title='bbox 1689 1296 1985 1380; x_wconf 77' lang='lat' dir='ltr'><strong>parciuS,</strong></span> <span class='ocrx_word' id='word_1_62' title='bbox 2036 1303 2157 1360; x_wconf 87' lang='lat' dir='ltr'><strong>aut</strong></span> <span class='ocrx_word' id='word_1_63' title='bbox 2206 1295 2374 1359; x_wconf 88' lang='lat' dir='ltr'><strong>citra</strong></span> <span class='ocrx_word' id='word_1_64' title='bbox 2420 1294 2742 1361; x_wconf 87' lang='lat' dir='ltr'><strong>honorem</strong></span> 
     </span>
     <span class='ocr_line' id='line_1_10' title="bbox 542 1398 2747 1483; baseline -0.002 -16"><span class='ocrx_word' id='word_1_65' title='bbox 542 1401 1196 1482; x_wconf 82' lang='lat' dir='ltr'><strong>verborum,·neque</strong></span> <span class='ocrx_word' id='word_1_66' title='bbox 1232 1398 1499 1481; x_wconf 87' lang='lat' dir='ltr'><strong>gaudio,</strong></span> <span class='ocrx_word' id='word_1_67' title='bbox 1533 1399 1594 1462; x_wconf 90' lang='lat' dir='ltr'><strong>si</strong></span> <span class='ocrx_word' id='word_1_68' title='bbox 1642 1407 1825 1482; x_wconf 86' lang='lat' dir='ltr'><strong>grate</strong></span> <span class='ocrx_word' id='word_1_69' title='bbox 1873 1401 2122 1483; x_wconf 87' lang='lat' dir='ltr'><strong>pieque</strong></span> <span class='ocrx_word' id='word_1_70' title='bbox 2153 1399 2306 1482; x_wconf 90' lang='lat' dir='ltr'><strong>quis</strong></span> <span class='ocrx_word' id='word_1_71' title='bbox 2342 1417 2415 1461; x_wconf 92' lang='lat' dir='ltr'><strong>se</strong></span> <span class='ocrx_word' id='word_1_72' title='bbox 2436 1404 2461 1445; x_wconf 79' lang='lat'><em>⁵</em></span> <span class='ocrx_word' id='word_1_73' title='bbox 2508 1417 2747 1480; x_wconf 86' lang='lat' dir='ltr'><strong>prose·</strong></span> 
     </span>
     <span class='ocr_line' id='line_1_11' title="bbox 546 1501 2742 1585; baseline -0.001 -16"><span class='ocrx_word' id='word_1_74' title='bbox 546 1512 746 1569; x_wconf 86' lang='lat' dir='ltr'><strong>cutus</strong></span> <span class='ocrx_word' id='word_1_75' title='bbox 793 1503 1048 1568; x_wconf 82' lang='lat' dir='ltr'><strong>fuisset.</strong></span> <span class='ocrx_word' id='word_1_76' title='bbox 1139 1501 1413 1583; x_wconf 85' lang='lat' dir='ltr'><strong>Legata,</strong></span> <span class='ocrx_word' id='word_1_77' title='bbox 1454 1502 1567 1566; x_wconf 86' lang='lat' dir='ltr'><strong>vel</strong></span> <span class='ocrx_word' id='word_1_78' title='bbox 1609 1511 1831 1585; x_wconf 88' lang='lat' dir='ltr'><strong>partes</strong></span> <span class='ocrx_word' id='word_1_79' title='bbox 1879 1501 2361 1578; x_wconf 78' lang='lat' dir='ltr'><strong>haereditatum,</strong></span> <span class='ocrx_word' id='word_1_80' title='bbox 2393 1520 2436 1564; x_wconf 87' lang='lat' dir='ltr'><strong>a</strong></span> <span class='ocrx_word' id='word_1_81' title='bbox 2465 1502 2742 1583; x_wconf 87' lang='lat' dir='ltr'><strong>quibus-</strong></span> 
     </span>
     <span class='ocr_line' id='line_1_12' title="bbox 544 1602 2745 1690; baseline -0.001 -19"><span class='ocrx_word' id='word_1_82' title='bbox 544 1625 834 1690; x_wconf 91' lang='lat' dir='ltr'><strong>cumque</strong></span> <span class='ocrx_word' id='word_1_83' title='bbox 875 1604 1264 1690; x_wconf 89' lang='lat' dir='ltr'><strong>parentibus</strong></span> <span class='ocrx_word' id='word_1_84' title='bbox 1315 1604 1551 1669; x_wconf 88' lang='lat' dir='ltr'><strong>relicta</strong></span> <span class='ocrx_word' id='word_1_85' title='bbox 1574 1602 1602 1644; x_wconf 88' lang='lat'><strong>⁶</strong></span> <span class='ocrx_word' id='word_1_86' title='bbox 1648 1605 1805 1683; x_wconf 90' lang='lat' dir='ltr'><strong>sibi,</strong></span> <span class='ocrx_word' id='word_1_87' title='bbox 1836 1617 1949 1668; x_wconf 92' lang='lat' dir='ltr'><strong>aut</strong></span> <span class='ocrx_word' id='word_1_88' title='bbox 1990 1604 2214 1668; x_wconf 87' lang='lat' dir='ltr'><strong>statim</strong></span> <span class='ocrx_word' id='word_1_89' title='bbox 2247 1602 2479 1667; x_wconf 88' lang='lat' dir='ltr'><strong>liberis</strong></span> <span class='ocrx_word' id='word_1_90' title='bbox 2510 1623 2745 1669; x_wconf 87' lang='lat' dir='ltr'><strong>eorum</strong></span> 
     </span>
     <span class='ocr_line' id='line_1_13' title="bbox 546 1706 2747 1790; baseline 0 -18"><span class='ocrx_word' id='word_1_91' title='bbox 546 1708 929 1785; x_wconf 86' lang='lat' dir='ltr'><strong>concedere,</strong></span> <span class='ocrx_word' id='word_1_92' title='bbox 959 1713 1097 1785; x_wconf 88' lang='lat' dir='ltr'><strong>aut,</strong></span> <span class='ocrx_word' id='word_1_93' title='bbox 1129 1707 1187 1770; x_wconf 87' lang='lat' dir='ltr'><strong>si</strong></span> <span class='ocrx_word' id='word_1_94' title='bbox 1207 1706 1520 1790; x_wconf 85' lang='lat' dir='ltr'><strong>pupillari</strong></span> <span class='ocrx_word' id='word_1_95' title='bbox 1551 1714 1754 1772; x_wconf 84' lang='lat' dir='ltr'><strong>aetate</strong></span> <span class='ocrx_word' id='word_1_96' title='bbox 1785 1711 2031 1780; x_wconf 88' lang='lat' dir='ltr'><strong>essent,</strong></span> <span class='ocrx_word' id='word_1_97' title='bbox 2052 1706 2159 1769; x_wconf 88' lang='lat' dir='ltr'><strong>die</strong></span> <span class='ocrx_word' id='word_1_98' title='bbox 2178 1706 2391 1771; x_wconf 87' lang='lat' dir='ltr'><strong>virilis</strong></span> <span class='ocrx_word' id='word_1_99' title='bbox 2410 1714 2612 1789; x_wconf 87' lang='lat' dir='ltr'><strong>togae,</strong></span> <span class='ocrx_word' id='word_1_100' title='bbox 2632 1710 2747 1774; x_wconf 86' lang='lat' dir='ltr'><strong>vel</strong></span> 
     </span>
     <span class='ocr_line' id='line_1_14' title="bbox 543 1808 2749 1895; baseline -0.001 -19"><span class='ocrx_word' id='word_1_101' title='bbox 543 1812 946 1895; x_wconf 85' lang='lat' dir='ltr'><strong>nuptiarum,</strong></span> <span class='ocrx_word' id='word_1_102' title='bbox 970 1828 1121 1874; x_wconf 92' lang='lat' dir='ltr'><strong>cum</strong></span> <span class='ocrx_word' id='word_1_103' title='bbox 1139 1809 1546 1873; x_wconf 89' lang='lat' dir='ltr'><strong>incremento</strong></span> <span class='ocrx_word' id='word_1_104' title='bbox 1576 1808 1916 1874; x_wconf 86' lang='lat' dir='ltr'><strong>restituere</strong></span> <span class='ocrx_word' id='word_1_105' title='bbox 1949 1814 2324 1873; x_wconf 87' lang='lat' dir='ltr'><strong>consuerat.</strong></span> <span class='ocrx_word' id='word_1_106' title='bbox 2413 1808 2579 1890; x_wconf 63' lang='lat'>[62]</span> <span class='ocrx_word' id='word_1_107' title='bbox 2610 1810 2749 1894; x_wconf 57' lang='lat' dir='ltr'><strong>Pa÷</strong></span> 
     </span>
     <span class='ocr_line' id='line_1_15' title="bbox 545 1899 2749 1995; baseline -0.001 -15"><span class='ocrx_word' id='word_1_108' title='bbox 545 1923 778 1980; x_wconf 89' lang='lat' dir='ltr'><strong>tronus</strong></span> <span class='ocrx_word' id='word_1_109' title='bbox 838 1912 1275 1994; x_wconf 90' lang='lat' dir='ltr'><strong>dominusque</strong></span> <span class='ocrx_word' id='word_1_110' title='bbox 1337 1931 1472 1975; x_wconf 93' lang='lat' dir='ltr'><strong>non</strong></span> <span class='ocrx_word' id='word_1_111' title='bbox 1524 1912 1745 1975; x_wconf 92' lang='lat' dir='ltr'><strong>minus</strong></span> <span class='ocrx_word' id='word_1_112' title='bbox 1806 1931 2105 1989; x_wconf 78' lang='lat' dir='ltr'><strong>severuS,</strong></span> <span class='ocrx_word' id='word_1_113' title='bbox 2159 1899 2358 1995; x_wconf 81' lang='lat' dir='ltr'><strong>quam</strong></span> <span class='ocrx_word' id='word_1_114' title='bbox 2401 1910 2632 1976; x_wconf 86' lang='lat' dir='ltr'><strong>facilis</strong></span> <span class='ocrx_word' id='word_1_115' title='bbox 2685 1920 2749 1978; x_wconf 88' lang='lat' dir='ltr'><strong>et</strong></span> 
     </span>
     <span class='ocr_line' id='line_1_16' title="bbox 546 2014 2748 2092; baseline -0 -11"><span class='ocrx_word' id='word_1_116' title='bbox 546 2017 856 2092; x_wconf 88' lang='lat' dir='ltr'><strong>clemens,</strong></span> <span class='ocrx_word' id='word_1_117' title='bbox 885 2015 1129 2078; x_wconf 87' lang='lat' dir='ltr'><strong>multos</strong></span> <span class='ocrx_word' id='word_1_118' title='bbox 1175 2014 1564 2078; x_wconf 87' lang='lat' dir='ltr'><strong>libertorum</strong></span> <span class='ocrx_word' id='word_1_119' title='bbox 1610 2015 1677 2078; x_wconf 93' lang='lat' dir='ltr'><strong>in</strong></span> <span class='ocrx_word' id='word_1_120' title='bbox 1721 2014 1973 2079; x_wconf 92' lang='lat' dir='ltr'><strong>honore</strong></span> <span class='ocrx_word' id='word_1_121' title='bbox 2016 2022 2083 2080; x_wconf 87' lang='lat' dir='ltr'><strong>et</strong></span> <span class='ocrx_word' id='word_1_122' title='bbox 2122 2034 2254 2079; x_wconf 91' lang='lat' dir='ltr'><strong>usu</strong></span> <span class='ocrx_word' id='word_1_123' title='bbox 2290 2014 2593 2078; x_wconf 87' lang='lat' dir='ltr'><strong>maximo</strong></span> <span class='ocrx_word' id='word_1_124' title='bbox 2623 2015 2748 2080; x_wconf 87' lang='lat' dir='ltr'><strong>ha-</strong></span> 
     </span>
     <span class='ocr_line' id='line_1_17' title="bbox 544 2114 2744 2201; baseline -0.001 -17"><span class='ocrx_word' id='word_1_125' title='bbox 544 2116 741 2184; x_wconf 87' lang='lat' dir='ltr'><strong>buit:</strong></span> <span class='ocrx_word' id='word_1_126' title='bbox 809 2122 885 2179; x_wconf 91' lang='lat' dir='ltr'><strong>ut</strong></span> <span class='ocrx_word' id='word_1_127' title='bbox 955 2114 1288 2180; x_wconf 88' lang='lat' dir='ltr'><strong>Licinium</strong></span> <span class='ocrx_word' id='word_1_128' title='bbox 1348 2115 1814 2194; x_wconf 89' lang='lat' dir='ltr'><strong>Enceladum,⁷</strong></span> <span class='ocrx_word' id='word_1_129' title='bbox 1838 2116 1857 2153; x_wconf 65' lang='lat'>²</span> <span class='ocrx_word' id='word_1_130' title='bbox 1916 2117 2246 2201; x_wconf 87' lang='lat' dir='ltr'><strong>aliosque.</strong></span> <span class='ocrx_word' id='word_1_131' title='bbox 2358 2114 2687 2181; x_wconf 89' lang='lat' dir='ltr'><strong>Cosmum</strong></span> <span class='ocrx_word' id='word_1_132' title='bbox 2717 2117 2744 2155; x_wconf 79' lang='lat'><strong>⁸</strong></span> 
     </span>
    </p>
   </div>
   <div class='ocr_carea' id='block_1_3' title="bbox 532 2299 2749 2512">
    <p class='ocr_par' dir='ltr' id='par_1_5' title="bbox 532 2299 2749 2512">
     <span class='ocr_line' id='line_1_18' title="bbox 610 2299 2749 2374; baseline -0.002 -9"><span class='ocrx_word' id='word_1_133' title='bbox 610 2325 634 2358; x_wconf 71' lang='grc'><strong>9</strong></span> <span class='ocrx_word' id='word_1_134' title='bbox 660 2299 979 2365; x_wconf 75' lang='lat' dir='ltr'><strong>Nihilominus</strong></span> <span class='ocrx_word' id='word_1_135' title='bbox 999 2312 1287 2363; x_wconf 74' lang='lat' dir='ltr'><strong>examinavit</strong></span> <span class='ocrx_word' id='word_1_136' title='bbox 1302 2312 1550 2361; x_wconf 77' lang='lat' dir='ltr'><strong>admodum</strong></span> <span class='ocrx_word' id='word_1_137' title='bbox 1570 2310 1755 2360; x_wconf 74' lang='lat' dir='ltr'><strong>solicite</strong></span> <span class='ocrx_word' id='word_1_138' title='bbox 1773 2310 1966 2361; x_wconf 76' lang='lat' dir='ltr'><strong>ultimas</strong></span> <span class='ocrx_word' id='word_1_139' title='bbox 1985 2315 2245 2364; x_wconf 76' lang='lat' dir='ltr'><strong>voluntates</strong></span> <span class='ocrx_word' id='word_1_140' title='bbox 2258 2314 2512 2363; x_wconf 85' lang='lat' dir='ltr'><strong>amicorum</strong></span> <span class='ocrx_word' id='word_1_141' title='bbox 2537 2327 2749 2374; x_wconf 78' lang='lat' dir='ltr'><strong>suorum,</strong></span> 
     </span>
     <span class='ocr_line' id='line_1_19' title="bbox 543 2377 2743 2443; baseline -0.001 -14"><span class='ocrx_word' id='word_1_142' title='bbox 543 2388 600 2430; x_wconf 83' lang='lat' dir='ltr'><strong>ut</strong></span> <span class='ocrx_word' id='word_1_143' title='bbox 619 2382 864 2443; x_wconf 81' lang='lat' dir='ltr'><strong>nequidem</strong></span> <span class='ocrx_word' id='word_1_144' title='bbox 883 2379 1200 2429; x_wconf 68' lang='lat' dir='ltr'><strong>dissimularet</strong></span> <span class='ocrx_word' id='word_1_145' title='bbox 1222 2377 1528 2426; x_wconf 72' lang='lat' dir='ltr'><strong>acerbitatem</strong></span> <span class='ocrx_word' id='word_1_146' title='bbox 1546 2391 1698 2437; x_wconf 76' lang='lat' dir='ltr'><strong>suam,</strong></span> <span class='ocrx_word' id='word_1_147' title='bbox 1716 2377 1759 2424; x_wconf 82' lang='lat' dir='ltr'><strong>si</strong></span> <span class='ocrx_word' id='word_1_148' title='bbox 1780 2378 1884 2439; x_wconf 80' lang='lat' dir='ltr'><strong>quis</strong></span> <span class='ocrx_word' id='word_1_149' title='bbox 1908 2379 2110 2427; x_wconf 78' lang='lat' dir='ltr'><strong>dedisset</strong></span> <span class='ocrx_word' id='word_1_150' title='bbox 2131 2380 2286 2429; x_wconf 82' lang='lat' dir='ltr'><strong>minus</strong></span> <span class='ocrx_word' id='word_1_151' title='bbox 2323 2386 2372 2429; x_wconf 81' lang='lat' dir='ltr'><strong>et</strong></span> <span class='ocrx_word' id='word_1_152' title='bbox 2409 2379 2513 2428; x_wconf 72' lang='lat' dir='ltr'><strong>sine</strong></span> <span class='ocrx_word' id='word_1_153' title='bbox 2547 2378 2743 2427; x_wconf 68' lang='lat' dir='ltr'><strong>hwari-</strong></span> 
     </span>
     <span class='ocr_line' id='line_1_20' title="bbox 532 2440 2410 2512; baseline -0.001 -15"><span class='ocrx_word' id='word_1_154' title='bbox 532 2446 635 2512; x_wconf 81' lang='lat' dir='ltr'><strong>fico</strong></span> <span class='ocrx_word' id='word_1_155' title='bbox 658 2446 826 2512; x_wconf 80' lang='lat' dir='ltr'><strong>elogio,</strong></span> <span class='ocrx_word' id='word_1_156' title='bbox 844 2448 919 2496; x_wconf 81' lang='lat' dir='ltr'><strong>vel</strong></span> <span class='ocrx_word' id='word_1_157' title='bbox 939 2443 1178 2507; x_wconf 80' lang='lat' dir='ltr'><strong>loetiliam,</strong></span> <span class='ocrx_word' id='word_1_158' title='bbox 1197 2442 1243 2492; x_wconf 84' lang='lat' dir='ltr'><strong>si</strong></span> <span class='ocrx_word' id='word_1_159' title='bbox 1264 2440 1436 2506; x_wconf 81' lang='lat' dir='ltr'><strong>aliquis</strong></span> <span class='ocrx_word' id='word_1_160' title='bbox 1457 2441 1651 2492; x_wconf 85' lang='lat' dir='ltr'><strong>memori</strong></span> <span class='ocrx_word' id='word_1_161' title='bbox 1673 2442 1830 2492; x_wconf 84' lang='lat' dir='ltr'><strong>animo</strong></span> <span class='ocrx_word' id='word_1_162' title='bbox 1851 2447 1899 2493; x_wconf 82' lang='lat' dir='ltr'><strong>et</strong></span> <span class='ocrx_word' id='word_1_163' title='bbox 1915 2443 2187 2508; x_wconf 79' lang='lat' dir='ltr'><strong>piofuisset</strong></span> <span class='ocrx_word' id='word_1_164' title='bbox 2208 2459 2324 2509; x_wconf 80' lang='lat' dir='ltr'><strong>erga</strong></span> <span class='ocrx_word' id='word_1_165' title='bbox 2344 2460 2410 2495; x_wconf 82' lang='lat' dir='ltr'><strong>se.</strong></span> 
     </span>
    </p>
   </div>
   <div class='ocr_carea' id='block_1_4' title="bbox 1466 2589 1827 2610">
    <p class='ocr_par' dir='ltr' id='par_1_6' title="bbox 1466 2589 1827 2610">
     <span class='ocr_line' id='line_1_21' title="bbox 1466 2589 1827 2610; baseline 0 -1"><span class='ocrx_word' id='word_1_166' title='bbox 1466 2589 1557 2609; x_wconf 54' lang='lat'><strong>&amp;00</strong></span> <span class='ocrx_word' id='word_1_167' title='bbox 1561 2589 1827 2610; x_wconf 46' lang='lat' dir='ltr'><strong>“ff‘NO‘O</strong></span> 
     </span>
    </p>
   </div>
   <div class='ocr_carea' id='block_1_5' title="bbox 464 2689 2748 3727">
    <p class='ocr_par' dir='ltr' id='par_1_7' title="bbox 464 2689 2748 3727">
     <span class='ocr_line' id='line_1_22' title="bbox 547 2689 2747 2743; baseline -0.001 -1"><span class='ocrx_word' id='word_1_168' title='bbox 547 2692 696 2742; x_wconf 88' lang='lat' dir='ltr'><strong>sanb.</strong></span> <span class='ocrx_word' id='word_1_169' title='bbox 721 2692 862 2743; x_wconf 88' lang='lat' dir='ltr'><strong>Oud.</strong></span> <span class='ocrx_word' id='word_1_170' title='bbox 883 2693 1070 2741; x_wconf 82' lang='lat' dir='ltr'><strong>Baum.</strong></span> <span class='ocrx_word' id='word_1_171' title='bbox 1091 2698 1146 2740; x_wconf 89' lang='lat' dir='ltr'><strong>et</strong></span> <span class='ocrx_word' id='word_1_172' title='bbox 1174 2689 1403 2742; x_wconf 86' lang='lat' dir='ltr'><strong>Reitzius</strong></span> <span class='ocrx_word' id='word_1_173' title='bbox 1431 2690 1482 2740; x_wconf 90' lang='lat' dir='ltr'><strong>in</strong></span> <span class='ocrx_word' id='word_1_174' title='bbox 1514 2691 1738 2741; x_wconf 79' lang='lat' dir='ltr'><strong>Dictatis</strong></span> <span class='ocrx_word' id='word_1_175' title='bbox 1774 2690 1897 2740; x_wconf 86' lang='lat' dir='ltr'><strong>locis</strong></span> <span class='ocrx_word' id='word_1_176' title='bbox 1922 2690 2059 2739; x_wconf 76' lang='lat' dir='ltr'><strong>Ptin.</strong></span> <span class='ocrx_word' id='word_1_177' title='bbox 2088 2705 2187 2742; x_wconf 86' lang='lat' dir='ltr'><strong>vu.</strong></span> <span class='ocrx_word' id='word_1_178' title='bbox 2217 2693 2395 2739; x_wconf 78' lang='lat'><strong>19.-3</strong></span> <span class='ocrx_word' id='word_1_179' title='bbox 2431 2691 2498 2738; x_wconf 77' lang='lat' dir='ltr'><strong>Et</strong></span> <span class='ocrx_word' id='word_1_180' title='bbox 2524 2695 2647 2739; x_wconf 86' lang='lat' dir='ltr'><strong>ante</strong></span> <span class='ocrx_word' id='word_1_181' title='bbox 2670 2690 2747 2740; x_wconf 75' lang='lat' dir='ltr'><strong>hie</strong></span> 
     </span>
     <span class='ocr_line' id='line_1_23' title="bbox 546 2755 2746 2820; baseline -0.002 -12"><span class='ocrx_word' id='word_1_182' title='bbox 546 2759 745 2808; x_wconf 89' lang='lat' dir='ltr'><strong>addunt</strong></span> <span class='ocrx_word' id='word_1_183' title='bbox 768 2760 895 2808; x_wconf 83' lang='lat' dir='ltr'><strong>Mss.</strong></span> <span class='ocrx_word' id='word_1_184' title='bbox 914 2765 969 2807; x_wconf 90' lang='lat' dir='ltr'><strong>et</strong></span> <span class='ocrx_word' id='word_1_185' title='bbox 993 2757 1126 2807; x_wconf 88' lang='lat' dir='ltr'><strong>Edd.</strong></span> <span class='ocrx_word' id='word_1_186' title='bbox 1151 2755 1262 2806; x_wconf 84' lang='lat' dir='ltr'><strong>fere</strong></span> <span class='ocrx_word' id='word_1_187' title='bbox 1286 2756 1356 2805; x_wconf 91' lang='grc' dir='ltr'><strong>Ο.</strong></span> <span class='ocrx_word' id='word_1_188' title='bbox 1380 2765 1499 2807; x_wconf 88' lang='lat' dir='ltr'><strong>ante</strong></span> <span class='ocrx_word' id='word_1_189' title='bbox 1522 2758 1668 2808; x_wconf 83' lang='lat' dir='ltr'><strong>Torr.</strong></span> <span class='ocrx_word' id='word_1_190' title='bbox 1691 2756 1912 2806; x_wconf 83' lang='lat' dir='ltr'><strong>Casaub.</strong></span> <span class='ocrx_word' id='word_1_191' title='bbox 1937 2762 1991 2804; x_wconf 88' lang='lat' dir='ltr'><strong>et</strong></span> <span class='ocrx_word' id='word_1_192' title='bbox 2013 2771 2153 2820; x_wconf 86' lang='lat' dir='ltr'><strong>seqq.</strong></span> <span class='ocrx_word' id='word_1_193' title='bbox 2202 2755 2452 2804; x_wconf 82' lang='lat' dir='ltr'><strong>Restituit</strong></span> <span class='ocrx_word' id='word_1_194' title='bbox 2475 2755 2659 2804; x_wconf 87' lang='lat' dir='ltr'><strong>Burm.</strong></span> <span class='ocrx_word' id='word_1_195' title='bbox 2682 2770 2746 2804; x_wconf 86' lang='lat' dir='ltr'><strong>ac</strong></span> 
     </span>
     <span class='ocr_line' id='line_1_24' title="bbox 546 2820 2746 2887; baseline -0.001 -14"><span class='ocrx_word' id='word_1_196' title='bbox 546 2830 668 2887; x_wconf 81' lang='lat' dir='ltr'><strong>post</strong></span> <span class='ocrx_word' id='word_1_197' title='bbox 690 2838 804 2873; x_wconf 89' lang='lat' dir='ltr'><strong>eum</strong></span> <span class='ocrx_word' id='word_1_198' title='bbox 830 2822 972 2872; x_wconf 89' lang='lat' dir='ltr'><strong>Oud.</strong></span> <span class='ocrx_word' id='word_1_199' title='bbox 1028 2822 1155 2870; x_wconf 80' lang='lat' dir='ltr'><strong>Mox</strong></span> <span class='ocrx_word' id='word_1_200' title='bbox 1176 2837 1271 2870; x_wconf 79' lang='lat' dir='ltr'><strong>non</strong></span> <span class='ocrx_word' id='word_1_201' title='bbox 1290 2822 1477 2883; x_wconf 84' lang='lat' dir='ltr'><strong>prodid.</strong></span> <span class='ocrx_word' id='word_1_202' title='bbox 1498 2823 1656 2871; x_wconf 89' lang='lat' dir='ltr'><strong>Vind.</strong></span> <span class='ocrx_word' id='word_1_203' title='bbox 1681 2825 1826 2870; x_wconf 83' lang='grc'><strong>1.-4</strong></span> <span class='ocrx_word' id='word_1_204' title='bbox 1859 2821 2068 2869; x_wconf 75' lang='lat' dir='ltr'><strong>Invicem</strong></span> <span class='ocrx_word' id='word_1_205' title='bbox 2086 2835 2184 2869; x_wconf 90' lang='lat' dir='ltr'><strong>non</strong></span> <span class='ocrx_word' id='word_1_206' title='bbox 2207 2820 2397 2881; x_wconf 84' lang='lat' dir='ltr'><strong>legitur</strong></span> <span class='ocrx_word' id='word_1_207' title='bbox 2417 2820 2467 2868; x_wconf 88' lang='lat' dir='ltr'><strong>in</strong></span> <span class='ocrx_word' id='word_1_208' title='bbox 2487 2828 2602 2882; x_wconf 86' lang='lat' dir='ltr'><strong>opt.</strong></span> <span class='ocrx_word' id='word_1_209' title='bbox 2627 2820 2746 2870; x_wconf 89' lang='lat' dir='ltr'><strong>cod.</strong></span> 
     </span>
     <span class='ocr_line' id='line_1_25' title="bbox 544 2885 2746 2951; baseline -0 -14"><span class='ocrx_word' id='word_1_210' title='bbox 544 2889 695 2937; x_wconf 83' lang='lat' dir='ltr'><strong>Torr.</strong></span> <span class='ocrx_word' id='word_1_211' title='bbox 718 2891 734 2917; x_wconf 88' lang='lat'>‘</span> <span class='ocrx_word' id='word_1_212' title='bbox 755 2902 852 2937; x_wconf 87' lang='lat' dir='ltr'><strong>nec</strong></span> <span class='ocrx_word' id='word_1_213' title='bbox 874 2885 1041 2941; x_wconf 87' lang='lat' dir='ltr'><strong>male,&#39;</strong></span> <span class='ocrx_word' id='word_1_214' title='bbox 1065 2888 1254 2936; x_wconf 65' lang='lat' dir='ltr'><strong>ain—5</strong></span> <span class='ocrx_word' id='word_1_215' title='bbox 1295 2887 1505 2950; x_wconf 79' lang='lat' dir='ltr'><strong>Quisque</strong></span> <span class='ocrx_word' id='word_1_216' title='bbox 1527 2887 1658 2950; x_wconf 86' lang='lat' dir='ltr'><strong>Cop.</strong></span> <span class='ocrx_word' id='word_1_217' title='bbox 1694 2887 1781 2951; x_wconf 86' lang='lat' dir='ltr'><strong>qui</strong></span> <span class='ocrx_word' id='word_1_218' title='bbox 1805 2901 1923 2935; x_wconf 77' lang='lat' dir='ltr'><strong>mox</strong></span> <span class='ocrx_word' id='word_1_219' title='bbox 1956 2891 2140 2947; x_wconf 82' lang='lat' dir='ltr'><strong>partem</strong></span> <span class='ocrx_word' id='word_1_220' title='bbox 2166 2900 2280 2934; x_wconf 89' lang='lat' dir='ltr'><strong>cum</strong></span> <span class='ocrx_word' id='word_1_221' title='bbox 2307 2885 2504 2934; x_wconf 85' lang='lat' dir='ltr'><strong>Medic.</strong></span> <span class='ocrx_word' id='word_1_222' title='bbox 2529 2885 2746 2936; x_wconf 81' lang='lat' dir='ltr'><strong>duobus.</strong></span> 
     </span>
     <span class='ocr_line' id='line_1_26' title="bbox 548 2949 2743 3015; baseline -0.001 -12"><span class='ocrx_word' id='word_1_223' title='bbox 548 2953 911 3003; x_wconf 78' lang='lat' dir='ltr'><strong>Hereditalium</strong></span> <span class='ocrx_word' id='word_1_224' title='bbox 933 2950 1124 3000; x_wconf 86' lang='lat' dir='ltr'><strong>habent</strong></span> <span class='ocrx_word' id='word_1_225' title='bbox 1162 2952 1375 3000; x_wconf 86' lang='lat' dir='ltr'><strong>Memm.</strong></span> <span class='ocrx_word' id='word_1_226' title='bbox 1413 2952 1605 3001; x_wconf 86' lang='lat' dir='ltr'><strong>Medic.</strong></span> <span class='ocrx_word' id='word_1_227' title='bbox 1642 2955 1689 3000; x_wconf 77' lang='lat'><strong>3.</strong></span> <span class='ocrx_word' id='word_1_228' title='bbox 1726 2951 1843 3014; x_wconf 89' lang='lat' dir='ltr'><strong>Cuj.</strong></span> <span class='ocrx_word' id='word_1_229' title='bbox 1875 2951 2011 3015; x_wconf 89' lang='lat' dir='ltr'><strong>quod</strong></span> <span class='ocrx_word' id='word_1_230' title='bbox 2051 2951 2327 3014; x_wconf 62' lang='lat' dir='ltr'><strong>praetulere</strong></span> <span class='ocrx_word' id='word_1_231' title='bbox 2354 2950 2576 3011; x_wconf 82' lang='lat' dir='ltr'><strong>Casaub.</strong></span> <span class='ocrx_word' id='word_1_232' title='bbox 2603 2949 2743 3001; x_wconf 90' lang='lat' dir='ltr'><strong>Oud.</strong></span> 
     </span>
     <span class='ocr_line' id='line_1_27' title="bbox 545 3013 2748 3079; baseline 0 -14"><span class='ocrx_word' id='word_1_233' title='bbox 545 3016 704 3066; x_wconf 86' lang='lat' dir='ltr'><strong>Wolf.</strong></span> <span class='ocrx_word' id='word_1_234' title='bbox 761 3017 896 3067; x_wconf 88' lang='lat' dir='ltr'><strong>Dein</strong></span> <span class='ocrx_word' id='word_1_235' title='bbox 920 3022 969 3066; x_wconf 81' lang='lat' dir='ltr'><strong>et</strong></span> <span class='ocrx_word' id='word_1_236' title='bbox 988 3031 1017 3063; x_wconf 90' lang='lat' dir='ltr'><strong>a</strong></span> <span class='ocrx_word' id='word_1_237' title='bbox 1034 3015 1161 3077; x_wconf 81' lang='lat' dir='ltr'><strong>quib.</strong></span> <span class='ocrx_word' id='word_1_238' title='bbox 1180 3014 1378 3064; x_wconf 84' lang='lat' dir='ltr'><strong>Medic.</strong></span> <span class='ocrx_word' id='word_1_239' title='bbox 1402 3031 1540 3065; x_wconf 90' lang='lat' dir='ltr'><strong>omn.</strong></span> <span class='ocrx_word' id='word_1_240' title='bbox 1567 3017 1733 3065; x_wconf 76' lang='lat' dir='ltr'><strong>Pet-iz.</strong></span> <span class='ocrx_word' id='word_1_241' title='bbox 1760 3014 1895 3065; x_wconf 86' lang='lat' dir='ltr'><strong>Edd.</strong></span> <span class='ocrx_word' id='word_1_242' title='bbox 1913 3017 2055 3064; x_wconf 84' lang='lat' dir='ltr'><strong>Vett.</strong></span> <span class='ocrx_word' id='word_1_243' title='bbox 2078 3024 2270 3079; x_wconf 85' lang='lat' dir='ltr'><strong>praeter</strong></span> <span class='ocrx_word' id='word_1_244' title='bbox 2297 3015 2429 3064; x_wconf 92' lang='lat' dir='ltr'><strong>Bon.</strong></span> <span class='ocrx_word' id='word_1_245' title='bbox 2454 3013 2576 3064; x_wconf 85' lang='lat' dir='ltr'><strong>Ald.</strong></span> <span class='ocrx_word' id='word_1_246' title='bbox 2601 3029 2748 3079; x_wconf 82' lang='lat' dir='ltr'><strong>seqq.</strong></span> 
     </span>
     <span class='ocr_line' id='line_1_28' title="bbox 544 3080 2745 3145; baseline 0 -17"><span class='ocrx_word' id='word_1_247' title='bbox 544 3085 645 3128; x_wconf 85' lang='grc'><strong>-6</strong></span> <span class='ocrx_word' id='word_1_248' title='bbox 678 3081 823 3129; x_wconf 91' lang='lat' dir='ltr'><strong>Unus</strong></span> <span class='ocrx_word' id='word_1_249' title='bbox 843 3081 935 3130; x_wconf 85' lang='lat' dir='ltr'><strong>lib.</strong></span> <span class='ocrx_word' id='word_1_250' title='bbox 962 3081 1111 3129; x_wconf 84' lang='lat' dir='ltr'><strong>Torr.</strong></span> <span class='ocrx_word' id='word_1_251' title='bbox 1145 3080 1352 3129; x_wconf 82' lang='lat' dir='ltr'><strong>relictas.</strong></span> <span class='ocrx_word' id='word_1_252' title='bbox 1418 3081 1662 3145; x_wconf 87' lang='lat' dir='ltr'><strong>Denique</strong></span> <span class='ocrx_word' id='word_1_253' title='bbox 1700 3095 1793 3142; x_wconf 84' lang='lat' dir='ltr'><strong>pro</strong></span> <span class='ocrx_word' id='word_1_254' title='bbox 1826 3086 2089 3141; x_wconf 80' lang='lat' dir='ltr'><strong>consuerat,</strong></span> <span class='ocrx_word' id='word_1_255' title='bbox 2125 3086 2389 3144; x_wconf 80' lang='lat' dir='ltr'><strong>receptum</strong></span> <span class='ocrx_word' id='word_1_256' title='bbox 2428 3080 2745 3129; x_wconf 87' lang='lat' dir='ltr'><strong>auctoritate</strong></span> 
     </span>
     <span class='ocr_line' id='line_1_29' title="bbox 545 3143 2745 3209; baseline 0 -16"><span class='ocrx_word' id='word_1_257' title='bbox 545 3143 744 3194; x_wconf 88' lang='lat' dir='ltr'><strong>Medic.</strong></span> <span class='ocrx_word' id='word_1_258' title='bbox 770 3150 817 3194; x_wconf 90' lang='lat'><strong>1.</strong></span> <span class='ocrx_word' id='word_1_259' title='bbox 840 3150 891 3194; x_wconf 76' lang='lat'><strong>3.</strong></span> <span class='ocrx_word' id='word_1_260' title='bbox 912 3143 1071 3193; x_wconf 88' lang='lat' dir='ltr'><strong>Vind.</strong></span> <span class='ocrx_word' id='word_1_261' title='bbox 1096 3149 1142 3192; x_wconf 87' lang='lat' dir='ltr'><strong>l.</strong></span> <span class='ocrx_word' id='word_1_262' title='bbox 1169 3151 1302 3193; x_wconf 79' lang='lat' dir='ltr'><strong>teste</strong></span> <span class='ocrx_word' id='word_1_263' title='bbox 1326 3144 1466 3194; x_wconf 89' lang='lat' dir='ltr'><strong>Oud.</strong></span> <span class='ocrx_word' id='word_1_264' title='bbox 1502 3144 1631 3193; x_wconf 88' lang='lat' dir='ltr'><strong>dant</strong></span> <span class='ocrx_word' id='word_1_265' title='bbox 1660 3159 1871 3193; x_wconf 77' lang='lat' dir='ltr'><strong>consuev-</strong></span> <span class='ocrx_word' id='word_1_266' title='bbox 1896 3146 2075 3195; x_wconf 89' lang='lat' dir='ltr'><strong>Burm.</strong></span> <span class='ocrx_word' id='word_1_267' title='bbox 2107 3146 2233 3195; x_wconf 89' lang='lat' dir='ltr'><strong>Ern.</strong></span> <span class='ocrx_word' id='word_1_268' title='bbox 2267 3145 2388 3209; x_wconf 87' lang='lat' dir='ltr'><strong>Bip.</strong></span> <span class='ocrx_word' id='word_1_269' title='bbox 2414 3145 2479 3192; x_wconf 86' lang='lat' dir='ltr'><strong>al.</strong></span> <span class='ocrx_word' id='word_1_270' title='bbox 2537 3145 2601 3193; x_wconf 87' lang='lat' dir='ltr'><strong>In</strong></span> <span class='ocrx_word' id='word_1_271' title='bbox 2626 3145 2745 3207; x_wconf 83' lang='lat' dir='ltr'><strong>an.</strong></span> 
     </span>
     <span class='ocr_line' id='line_1_30' title="bbox 547 3209 2744 3274; baseline -0.001 -15"><span class='ocrx_word' id='word_1_272' title='bbox 547 3209 667 3259; x_wconf 90' lang='lat' dir='ltr'><strong>Pin.</strong></span> <span class='ocrx_word' id='word_1_273' title='bbox 691 3216 744 3258; x_wconf 89' lang='lat' dir='ltr'><strong>et</strong></span> <span class='ocrx_word' id='word_1_274' title='bbox 762 3210 919 3258; x_wconf 83' lang='lat' dir='ltr'><strong>Voss.</strong></span> <span class='ocrx_word' id='word_1_275' title='bbox 960 3211 1384 3257; x_wconf 55' lang='lat' dir='ltr'><strong>comitumue—⁷</strong></span> <span class='ocrx_word' id='word_1_276' title='bbox 1417 3211 1433 3237; x_wconf 89' lang='lat'>‘</span> <span class='ocrx_word' id='word_1_277' title='bbox 1456 3209 1714 3272; x_wconf 86' lang='lat' dir='ltr'><strong>Conjunxi</strong></span> <span class='ocrx_word' id='word_1_278' title='bbox 1740 3218 2014 3274; x_wconf 88' lang='lat' dir='ltr'><strong>utrumque</strong></span> <span class='ocrx_word' id='word_1_279' title='bbox 2046 3224 2232 3258; x_wconf 78' lang='lat' dir='ltr'><strong>nomen</strong></span> <span class='ocrx_word' id='word_1_280' title='bbox 2254 3218 2311 3258; x_wconf 86' lang='lat' dir='ltr'><strong>ut</strong></span> <span class='ocrx_word' id='word_1_281' title='bbox 2337 3209 2484 3258; x_wconf 83' lang='lat' dir='ltr'><strong>unius</strong></span> <span class='ocrx_word' id='word_1_282' title='bbox 2509 3209 2744 3274; x_wconf 84' lang='lat' dir='ltr'><strong>hominis,</strong></span> 
     </span>
     <span class='ocr_line' id='line_1_31' title="bbox 544 3272 2746 3337; baseline -0.001 -13"><span class='ocrx_word' id='word_1_283' title='bbox 544 3287 612 3324; x_wconf 81' lang='lat' dir='ltr'><strong>ex</strong></span> <span class='ocrx_word' id='word_1_284' title='bbox 633 3276 892 3324; x_wconf 86' lang='lat' dir='ltr'><strong>sententia</strong></span> <span class='ocrx_word' id='word_1_285' title='bbox 914 3273 1139 3323; x_wconf 85' lang='lat' dir='ltr'><strong>Casaub.</strong></span> <span class='ocrx_word' id='word_1_286' title='bbox 1163 3280 1217 3322; x_wconf 89' lang='lat' dir='ltr'><strong>et</strong></span> <span class='ocrx_word' id='word_1_287' title='bbox 1236 3272 1373 3322; x_wconf 89' lang='lat' dir='ltr'><strong>Oud.</strong></span> <span class='ocrx_word' id='word_1_288' title='bbox 1394 3273 1475 3322; x_wconf 89' lang='lat' dir='ltr'><strong>cui</strong></span> <span class='ocrx_word' id='word_1_289' title='bbox 1516 3275 1689 3337; x_wconf 85' lang='lat' dir='ltr'><strong>plures</strong></span> <span class='ocrx_word' id='word_1_290' title='bbox 1709 3275 1860 3322; x_wconf 87' lang='lat' dir='ltr'><strong>codd.</strong></span> <span class='ocrx_word' id='word_1_291' title='bbox 1886 3274 2097 3324; x_wconf 62' lang='lat' dir='ltr'><strong>favent?</strong></span> <span class='ocrx_word' id='word_1_292' title='bbox 2129 3275 2341 3336; x_wconf 83' lang='lat' dir='ltr'><strong>Baumg.</strong></span> <span class='ocrx_word' id='word_1_293' title='bbox 2397 3274 2518 3323; x_wconf 87' lang='lat' dir='ltr'><strong>Non</strong></span> <span class='ocrx_word' id='word_1_294' title='bbox 2562 3273 2746 3323; x_wconf 74' lang='lat' dir='ltr'><strong>distin-</strong></span> 
     </span>
     <span class='ocr_line' id='line_1_32' title="bbox 545 3338 2744 3404; baseline 0 -17"><span class='ocrx_word' id='word_1_295' title='bbox 545 3346 713 3403; x_wconf 86' lang='lat' dir='ltr'><strong>guunt</strong></span> <span class='ocrx_word' id='word_1_296' title='bbox 736 3338 872 3389; x_wconf 85' lang='lat' dir='ltr'><strong>Edd.</strong></span> <span class='ocrx_word' id='word_1_297' title='bbox 894 3338 1028 3388; x_wconf 88' lang='lat' dir='ltr'><strong>Ven.</strong></span> <span class='ocrx_word' id='word_1_298' title='bbox 1055 3339 1219 3402; x_wconf 81' lang='lat' dir='ltr'><strong>Lugd.</strong></span> <span class='ocrx_word' id='word_1_299' title='bbox 1240 3338 1389 3389; x_wconf 71' lang='lat' dir='ltr'><strong>suut.</strong></span> <span class='ocrx_word' id='word_1_300' title='bbox 1416 3338 1534 3387; x_wconf 85' lang='lat' dir='ltr'><strong>Ald.</strong></span> <span class='ocrx_word' id='word_1_301' title='bbox 1559 3339 1760 3404; x_wconf 81' lang='lat' dir='ltr'><strong>Gryph.</strong></span> <span class='ocrx_word' id='word_1_302' title='bbox 1792 3340 1967 3388; x_wconf 78' lang='lat' dir='ltr'><strong>Plant.</strong></span> <span class='ocrx_word' id='word_1_303' title='bbox 2001 3340 2178 3389; x_wconf 79' lang='lat' dir='ltr'><strong>Graev.</strong></span> <span class='ocrx_word' id='word_1_304' title='bbox 2216 3353 2294 3403; x_wconf 88' lang='lat' dir='ltr'><strong>pr.</strong></span> <span class='ocrx_word' id='word_1_305' title='bbox 2327 3338 2512 3387; x_wconf 80' lang='lat' dir='ltr'><strong>Pitisc.</strong></span> <span class='ocrx_word' id='word_1_306' title='bbox 2535 3353 2656 3388; x_wconf 86' lang='lat' dir='ltr'><strong>cnm</strong></span> <span class='ocrx_word' id='word_1_307' title='bbox 2679 3340 2744 3388; x_wconf 82' lang='lat' dir='ltr'><strong>al.</strong></span> 
     </span>
     <span class='ocr_line' id='line_1_33' title="bbox 464 3403 2741 3470; baseline -0.001 -16"><span class='ocrx_word' id='word_1_308' title='bbox 464 3459 469 3469; x_wconf 35' lang='lat'>⁸</span> <span class='ocrx_word' id='word_1_309' title='bbox 544 3407 695 3456; x_wconf 84' lang='lat' dir='ltr'><strong>mult.</strong></span> <span class='ocrx_word' id='word_1_310' title='bbox 735 3403 996 3470; x_wconf 50' lang='lat' dir='ltr'><strong>usquelad</strong></span> <span class='ocrx_word' id='word_1_311' title='bbox 1019 3404 1168 3452; x_wconf 87' lang='lat' dir='ltr'><strong>Torr.</strong></span> <span class='ocrx_word' id='word_1_312' title='bbox 1189 3403 1442 3452; x_wconf 74' lang='lat' dir='ltr'><strong>Lacinium</strong></span> <span class='ocrx_word' id='word_1_313' title='bbox 1469 3404 1600 3453; x_wconf 81' lang='lat' dir='ltr'><strong>Mss.</strong></span> <span class='ocrx_word' id='word_1_314' title='bbox 1622 3404 1829 3467; x_wconf 87' lang='lat' dir='ltr'><strong>quidam</strong></span> <span class='ocrx_word' id='word_1_315' title='bbox 1863 3414 1919 3453; x_wconf 87' lang='lat' dir='ltr'><strong>et</strong></span> <span class='ocrx_word' id='word_1_316' title='bbox 1942 3404 2039 3454; x_wconf 91' lang='lat' dir='ltr'><strong>Ed.</strong></span> <span class='ocrx_word' id='word_1_317' title='bbox 2065 3406 2246 3465; x_wconf 84' lang='lat' dir='ltr'><strong>Camp.</strong></span> <span class='ocrx_word' id='word_1_318' title='bbox 2270 3418 2384 3466; x_wconf 86' lang='lat' dir='ltr'><strong>quae</strong></span> <span class='ocrx_word' id='word_1_319' title='bbox 2410 3403 2741 3454; x_wconf 72' lang='lat' dir='ltr'><strong>Encheladem·</strong></span> 
     </span>
     <span class='ocr_line' id='line_1_34' title="bbox 545 3467 2742 3533; baseline -0 -14"><span class='ocrx_word' id='word_1_320' title='bbox 545 3469 701 3533; x_wconf 87' lang='lat' dir='ltr'><strong>Conj.</strong></span> <span class='ocrx_word' id='word_1_321' title='bbox 726 3468 949 3521; x_wconf 79' lang='lat' dir='ltr'><strong>casaub.</strong></span> <span class='ocrx_word' id='word_1_322' title='bbox 974 3469 1048 3518; x_wconf 85' lang='lat' dir='ltr'><strong>ita</strong></span> <span class='ocrx_word' id='word_1_323' title='bbox 1071 3467 1366 3530; x_wconf 85' lang='lat' dir='ltr'><strong>refingend.</strong></span> <span class='ocrx_word' id='word_1_324' title='bbox 1388 3468 1545 3517; x_wconf 77' lang='lat' dir='ltr'><strong>Licin.</strong></span> <span class='ocrx_word' id='word_1_325' title='bbox 1566 3473 1614 3518; x_wconf 82' lang='lat' dir='ltr'><strong>et</strong></span> <span class='ocrx_word' id='word_1_326' title='bbox 1641 3470 1883 3527; x_wconf 82' lang='lat' dir='ltr'><strong>Celadum,</strong></span> <span class='ocrx_word' id='word_1_327' title='bbox 1907 3469 2157 3531; x_wconf 86' lang='lat' dir='ltr'><strong>probante</strong></span> <span class='ocrx_word' id='word_1_328' title='bbox 2172 3467 2549 3516; x_wconf 87' lang='lat' dir='ltr'><strong>Burm.Wolfio</strong></span> <span class='ocrx_word' id='word_1_329' title='bbox 2568 3477 2742 3518; x_wconf 85' lang='lat' dir='ltr'><strong>tamen</strong></span> 
     </span>
     <span class='ocr_line' id='line_1_35' title="bbox 544 3530 2743 3596; baseline -0.001 -12"><span class='ocrx_word' id='word_1_330' title='bbox 544 3536 742 3584; x_wconf 82' lang='lat' dir='ltr'><strong>arridet</strong></span> <span class='ocrx_word' id='word_1_331' title='bbox 781 3534 1074 3586; x_wconf 78' lang='lat' dir='ltr'><strong>emendatio</strong></span> <span class='ocrx_word' id='word_1_332' title='bbox 1098 3533 1238 3583; x_wconf 87' lang='lat' dir='ltr'><strong>Oud.</strong></span> <span class='ocrx_word' id='word_1_333' title='bbox 1277 3533 1519 3591; x_wconf 81' lang='lat' dir='ltr'><strong>Licinum,</strong></span> <span class='ocrx_word' id='word_1_334' title='bbox 1555 3534 1761 3593; x_wconf 81' lang='lat' dir='ltr'><strong>Eunum,</strong></span> <span class='ocrx_word' id='word_1_335' title='bbox 1798 3534 2039 3589; x_wconf 83' lang='lat' dir='ltr'><strong>Celadum,</strong></span> <span class='ocrx_word' id='word_1_336' title='bbox 2077 3532 2492 3596; x_wconf 84' lang='lat' dir='ltr'><strong>inscriptionibus</strong></span> <span class='ocrx_word' id='word_1_337' title='bbox 2526 3530 2743 3582; x_wconf 78' lang='lat' dir='ltr'><strong>fulta.—</strong></span> 
     </span>
     <span class='ocr_line' id='line_1_36' title="bbox 546 3597 2740 3661; baseline -0.001 -13"><span class='ocrx_word' id='word_1_338' title='bbox 546 3604 579 3648; x_wconf 87' lang='lat'>8</span> <span class='ocrx_word' id='word_1_339' title='bbox 616 3601 858 3650; x_wconf 66' lang='lat' dir='ltr'><strong>Caninium</strong></span> <span class='ocrx_word' id='word_1_340' title='bbox 883 3600 1116 3649; x_wconf 84' lang='lat' dir='ltr'><strong>Harlem.</strong></span> <span class='ocrx_word' id='word_1_341' title='bbox 1140 3597 1309 3647; x_wconf 84' lang='lat' dir='ltr'><strong>Periz.</strong></span> <span class='ocrx_word' id='word_1_342' title='bbox 1333 3598 1464 3647; x_wconf 89' lang='lat' dir='ltr'><strong>Edd.</strong></span> <span class='ocrx_word' id='word_1_343' title='bbox 1484 3599 1624 3658; x_wconf 66' lang='lat' dir='ltr'><strong>ven.</strong></span> <span class='ocrx_word' id='word_1_344' title='bbox 1657 3599 1788 3647; x_wconf 89' lang='lat' dir='ltr'><strong>Bon.</strong></span> <span class='ocrx_word' id='word_1_345' title='bbox 1813 3597 1993 3661; x_wconf 90' lang='lat' dir='ltr'><strong>Steph.</strong></span> <span class='ocrx_word' id='word_1_346' title='bbox 2022 3598 2143 3647; x_wconf 75' lang='lat' dir='ltr'><strong>Ata.</strong></span> <span class='ocrx_word' id='word_1_347' title='bbox 2171 3598 2290 3646; x_wconf 78' lang='lat' dir='ltr'><strong>Bas.</strong></span> <span class='ocrx_word' id='word_1_348' title='bbox 2315 3597 2520 3660; x_wconf 81' lang='lat' dir='ltr'><strong>Gryph.</strong></span> <span class='ocrx_word' id='word_1_349' title='bbox 2545 3599 2615 3648; x_wconf 85' lang='lat' dir='ltr'><strong>al.</strong></span> <span class='ocrx_word' id='word_1_350' title='bbox 2654 3600 2740 3646; x_wconf 87' lang='lat' dir='ltr'><strong>Co·</strong></span> 
     </span>
     <span class='ocr_line' id='line_1_37' title="bbox 542 3658 2739 3727; baseline -0.002 -12"><span class='ocrx_word' id='word_1_351' title='bbox 542 3658 638 3715; x_wconf 74' lang='lat' dir='ltr'><strong>sini</strong></span> <span class='ocrx_word' id='word_1_352' title='bbox 662 3666 820 3717; x_wconf 88' lang='lat' dir='ltr'><strong>Fonc.</strong></span> <span class='ocrx_word' id='word_1_353' title='bbox 845 3664 1084 3715; x_wconf 81' lang='lat' dir='ltr'><strong>Cosmium</strong></span> <span class='ocrx_word' id='word_1_354' title='bbox 1108 3662 1279 3727; x_wconf 83' lang='lat' dir='ltr'><strong>Lugd.</strong></span> <span class='ocrx_word' id='word_1_355' title='bbox 1303 3661 1433 3726; x_wconf 78' lang='lat' dir='ltr'><strong>Arg.</strong></span> <span class='ocrx_word' id='word_1_356' title='bbox 1459 3662 1735 3713; x_wconf 76' lang='lat' dir='ltr'><strong>Cominium</strong></span> <span class='ocrx_word' id='word_1_357' title='bbox 1758 3662 1924 3713; x_wconf 82' lang='lat' dir='ltr'><strong>Paris.</strong></span> <span class='ocrx_word' id='word_1_358' title='bbox 1958 3663 2178 3713; x_wconf 83' lang='lat' dir='ltr'><strong>Cosmum</strong></span> <span class='ocrx_word' id='word_1_359' title='bbox 2198 3661 2408 3712; x_wconf 85' lang='lat' dir='ltr'><strong>firmant</strong></span> <span class='ocrx_word' id='word_1_360' title='bbox 2438 3662 2568 3712; x_wconf 84' lang='lat' dir='ltr'><strong>Mss.</strong></span> <span class='ocrx_word' id='word_1_361' title='bbox 2584 3689 2587 3693; x_wconf 80' lang='lat'><strong>.</strong></span> <span class='ocrx_word' id='word_1_362' title='bbox 2602 3661 2739 3712; x_wconf 88' lang='lat' dir='ltr'><strong>Oud.</strong></span> 
     </span>
    </p>
   </div>
   <div class='ocr_carea' id='block_1_6' title="bbox 1540 3825 1752 3876">
    <p class='ocr_par' dir='ltr' id='par_1_8' title="bbox 1540 3825 1752 3876">
     <span class='ocr_line' id='line_1_38' title="bbox 1540 3825 1752 3876; baseline 0 0"><span class='ocrx_word' id='word_1_363' title='bbox 1540 3825 1752 3876; x_wconf 81' lang='lat' dir='ltr'>NOTAE</span> 
     </span>
    </p>
   </div>
   <div class='ocr_carea' id='block_1_7' title="bbox 543 3938 2740 4387">
    <p class='ocr_par' dir='ltr' id='par_1_9' title="bbox 547 3938 2740 4006">
     <span class='ocr_line' id='line_1_39' title="bbox 547 3938 2740 4006; baseline -0.001 -15"><span class='ocrx_word' id='word_1_364' title='bbox 547 3942 635 4004; x_wconf 85' lang='lat' dir='ltr'><strong>qui</strong></span> <span class='ocrx_word' id='word_1_365' title='bbox 668 3941 803 3993; x_wconf 87' lang='lat' dir='ltr'><strong>inter</strong></span> <span class='ocrx_word' id='word_1_366' title='bbox 832 3940 1086 4006; x_wconf 75' lang='lat' dir='ltr'><strong>Agrippae</strong></span> <span class='ocrx_word' id='word_1_367' title='bbox 1115 3940 1436 3991; x_wconf 87' lang='lat' dir='ltr'><strong>incommoda</strong></span> <span class='ocrx_word' id='word_1_368' title='bbox 1468 3955 1603 4004; x_wconf 84' lang='lat' dir='ltr'><strong>prae-</strong></span> <span class='ocrx_word' id='word_1_369' title='bbox 1688 3942 1802 3992; x_wconf 88' lang='lat' dir='ltr'><strong>sula</strong></span> <span class='ocrx_word' id='word_1_370' title='bbox 1844 3941 2033 3992; x_wconf 89' lang='lat' dir='ltr'><strong>Lesbo.</strong></span> <span class='ocrx_word' id='word_1_371' title='bbox 2101 3940 2203 3991; x_wconf 87' lang='lat' dir='ltr'><strong>Dio</strong></span> <span class='ocrx_word' id='word_1_372' title='bbox 2250 3938 2342 3990; x_wconf 90' lang='lat' dir='ltr'><strong>lib.</strong></span> <span class='ocrx_word' id='word_1_373' title='bbox 2387 3952 2509 3989; x_wconf 79' lang='lat' dir='ltr'><strong>mu·</strong></span> <span class='ocrx_word' id='word_1_374' title='bbox 2561 3945 2740 3989; x_wconf 86' lang='lat' dir='ltr'><strong>auctor</strong></span> 
     </span>
    </p>

    <p class='ocr_par' dir='ltr' id='par_1_10' title="bbox 545 4015 2737 4084">
     <span class='ocr_line' id='line_1_40' title="bbox 545 4015 2737 4084; baseline -0.002 -18"><span class='ocrx_word' id='word_1_375' title='bbox 545 4031 706 4080; x_wconf 79' lang='lat' dir='ltr'><strong>grave</strong></span> <span class='ocrx_word' id='word_1_376' title='bbox 746 4019 913 4068; x_wconf 87' lang='lat' dir='ltr'><strong>soceri</strong></span> <span class='ocrx_word' id='word_1_377' title='bbox 943 4018 1022 4084; x_wconf 93' lang='lat' dir='ltr'><strong>(id</strong></span> <span class='ocrx_word' id='word_1_378' title='bbox 1055 4025 1137 4068; x_wconf 85' lang='lat' dir='ltr'><strong>est</strong></span> <span class='ocrx_word' id='word_1_379' title='bbox 1160 4016 1409 4082; x_wconf 78' lang='lat' dir='ltr'><strong>Augusti)</strong></span> <span class='ocrx_word' id='word_1_380' title='bbox 1444 4017 1603 4067; x_wconf 82' lang='lat' dir='ltr'><strong>servi·</strong></span> <span class='ocrx_word' id='word_1_381' title='bbox 1683 4024 1786 4082; x_wconf 85' lang='lat' dir='ltr'><strong>est,</strong></span> <span class='ocrx_word' id='word_1_382' title='bbox 1808 4018 1859 4066; x_wconf 89' lang='lat' dir='ltr'><strong>in</strong></span> <span class='ocrx_word' id='word_1_383' title='bbox 1897 4017 2100 4081; x_wconf 86' lang='lat' dir='ltr'><strong>Syriam</strong></span> <span class='ocrx_word' id='word_1_384' title='bbox 2131 4015 2340 4065; x_wconf 86' lang='lat' dir='ltr'><strong>missum</strong></span> <span class='ocrx_word' id='word_1_385' title='bbox 2377 4015 2451 4064; x_wconf 91' lang='lat' dir='ltr'><strong>ibi</strong></span> <span class='ocrx_word' id='word_1_386' title='bbox 2480 4015 2737 4065; x_wconf 85' lang='lat' dir='ltr'><strong>constitis-</strong></span> 
     </span>
    </p>

    <p class='ocr_par' dir='ltr' id='par_1_11' title="bbox 545 4088 2736 4160">
     <span class='ocr_line' id='line_1_41' title="bbox 545 4088 2736 4160; baseline -0.002 -18"><span class='ocrx_word' id='word_1_387' title='bbox 545 4094 675 4142; x_wconf 88' lang='lat' dir='ltr'><strong>tium</strong></span> <span class='ocrx_word' id='word_1_388' title='bbox 700 4103 1014 4144; x_wconf 81' lang='lat' dir='ltr'><strong>annumerat.</strong></span> <span class='ocrx_word' id='word_1_389' title='bbox 1049 4095 1289 4146; x_wconf 83' lang='lat' dir='ltr'><strong>Muretus</strong></span> <span class='ocrx_word' id='word_1_390' title='bbox 1306 4095 1440 4146; x_wconf 88' lang='lat' dir='ltr'><strong>idem</strong></span> <span class='ocrx_word' id='word_1_391' title='bbox 1461 4096 1601 4160; x_wconf 89' lang='lat' dir='ltr'><strong>quod</strong></span> <span class='ocrx_word' id='word_1_392' title='bbox 1682 4105 1756 4155; x_wconf 78' lang='lat' dir='ltr'><strong>se,</strong></span> <span class='ocrx_word' id='word_1_393' title='bbox 1779 4093 2195 4156; x_wconf 87' lang='lat' dir='ltr'><strong>provinciamque</strong></span> <span class='ocrx_word' id='word_1_394' title='bbox 2229 4104 2323 4154; x_wconf 84' lang='lat' dir='ltr'><strong>per</strong></span> <span class='ocrx_word' id='word_1_395' title='bbox 2353 4090 2556 4154; x_wconf 84' lang='lat' dir='ltr'><strong>legatos</strong></span> <span class='ocrx_word' id='word_1_396' title='bbox 2580 4088 2736 4140; x_wconf 86' lang='lat' dir='ltr'><strong>admi-</strong></span> 
     </span>
    </p>

    <p class='ocr_par' dir='ltr' id='par_1_12' title="bbox 543 4168 1946 4233">
     <span class='ocr_line' id='line_1_42' title="bbox 543 4168 1946 4233; baseline -0.002 -13"><span class='ocrx_word' id='word_1_397' title='bbox 543 4169 751 4233; x_wconf 84' lang='lat' dir='ltr'><strong>Lipsius</strong></span> <span class='ocrx_word' id='word_1_398' title='bbox 775 4171 976 4220; x_wconf 86' lang='lat' dir='ltr'><strong>censuit</strong></span> <span class='ocrx_word' id='word_1_399' title='bbox 997 4185 1037 4223; x_wconf 82' lang='lat'><strong>1.</strong></span> <span class='ocrx_word' id='word_1_400' title='bbox 1063 4170 1251 4221; x_wconf 83' lang='lat' dir='ltr'><strong>Annal.</strong></span> <span class='ocrx_word' id='word_1_401' title='bbox 1275 4170 1462 4221; x_wconf 80' lang='lat' dir='ltr'><strong>Taciti.</strong></span> <span class='ocrx_word' id='word_1_402' title='bbox 1678 4168 1946 4217; x_wconf 84' lang='lat' dir='ltr'><strong>nistrasse.</strong></span> 
     </span>
    </p>

    <p class='ocr_par' dir='ltr' id='par_1_13' title="bbox 552 4239 2732 4387">
     <span class='ocr_line' id='line_1_43' title="bbox 552 4239 2732 4312; baseline -0.003 -18"><span class='ocrx_word' id='word_1_403' title='bbox 552 4267 561 4277; x_wconf 51' lang='lat'>³</span> <span class='ocrx_word' id='word_1_404' title='bbox 609 4253 634 4288; x_wconf 74' lang='lat'><strong>¹1</strong></span> <span class='ocrx_word' id='word_1_405' title='bbox 666 4246 943 4309; x_wconf 81' lang='lat' dir='ltr'><strong>Marcellus]</strong></span> <span class='ocrx_word' id='word_1_406' title='bbox 977 4249 1061 4296; x_wconf 90' lang='lat' dir='ltr'><strong>De</strong></span> <span class='ocrx_word' id='word_1_407' title='bbox 1083 4262 1184 4312; x_wconf 88' lang='lat' dir='ltr'><strong>qno</strong></span> <span class='ocrx_word' id='word_1_408' title='bbox 1208 4261 1364 4310; x_wconf 85' lang='lat' dir='ltr'><strong>supra</strong></span> <span class='ocrx_word' id='word_1_409' title='bbox 1386 4261 1431 4296; x_wconf 91' lang='lat' dir='ltr'><strong>c.</strong></span> <span class='ocrx_word' id='word_1_410' title='bbox 1455 4250 1539 4296; x_wconf 78' lang='lat'><strong>63.</strong></span> <span class='ocrx_word' id='word_1_411' title='bbox 1744 4252 1763 4277; x_wconf 84' lang='lat'>⁸</span> <span class='ocrx_word' id='word_1_412' title='bbox 1820 4244 2081 4308; x_wconf 83' lang='lat' dir='ltr'><strong>Terenlioe]</strong></span> <span class='ocrx_word' id='word_1_413' title='bbox 2149 4241 2301 4292; x_wconf 87' lang='lat' dir='ltr'><strong>Hanc</strong></span> <span class='ocrx_word' id='word_1_414' title='bbox 2346 4239 2449 4291; x_wconf 90' lang='lat' dir='ltr'><strong>Dio</strong></span> <span class='ocrx_word' id='word_1_415' title='bbox 2494 4241 2587 4292; x_wconf 90' lang='lat' dir='ltr'><strong>lib.</strong></span> <span class='ocrx_word' id='word_1_416' title='bbox 2630 4253 2732 4290; x_wconf 78' lang='lat' dir='ltr'><strong>mv.</strong></span> 
     </span>
     <span class='ocr_line' id='line_1_44' title="bbox 608 4316 2730 4387; baseline -0.001 -18"><span class='ocrx_word' id='word_1_417' title='bbox 608 4325 630 4353; x_wconf 85' lang='lat'><strong>¹·</strong></span> <span class='ocrx_word' id='word_1_418' title='bbox 660 4320 945 4386; x_wconf 75' lang='lat' dir='ltr'><strong>Mytilenas]</strong></span> <span class='ocrx_word' id='word_1_419' title='bbox 998 4320 1173 4372; x_wconf 86' lang='lat' dir='ltr'><strong>Hodie</strong></span> <span class='ocrx_word' id='word_1_420' title='bbox 1197 4322 1417 4387; x_wconf 64' lang='lat' dir='ltr'><strong>Merena,</strong></span> <span class='ocrx_word' id='word_1_421' title='bbox 1443 4322 1496 4373; x_wconf 89' lang='lat' dir='ltr'><strong>in</strong></span> <span class='ocrx_word' id='word_1_422' title='bbox 1520 4321 1596 4373; x_wconf 84' lang='lat' dir='ltr'><strong>in·</strong></span> <span class='ocrx_word' id='word_1_423' title='bbox 1677 4321 1916 4375; x_wconf 81' lang='lat' dir='ltr'><strong>Murenae</strong></span> <span class='ocrx_word' id='word_1_424' title='bbox 1955 4334 2184 4373; x_wconf 86' lang='lat' dir='ltr'><strong>sororem</strong></span> <span class='ocrx_word' id='word_1_425' title='bbox 2221 4317 2381 4369; x_wconf 83' lang='lat' dir='ltr'><strong>fuisse</strong></span> <span class='ocrx_word' id='word_1_426' title='bbox 2424 4317 2520 4381; x_wconf 88' lang='lat' dir='ltr'><strong>ait,</strong></span> <span class='ocrx_word' id='word_1_427' title='bbox 2554 4323 2609 4369; x_wconf 88' lang='lat' dir='ltr'><strong>et</strong></span> <span class='ocrx_word' id='word_1_428' title='bbox 2644 4316 2730 4367; x_wconf 88' lang='lat' dir='ltr'><strong>im·</strong></span> 
     </span>
    </p>
   </div>
  </div>
 </body>
</html>
