3019 4922
470 425 599 492 524

469 608 603 656 non
632 594 855 654 tamen
885 575 1371 672 usquequaque
1414 605 1585 651 usus
1628 587 1771 668 est3
1817 585 2315 668 abstinuitque²
2359 584 2653 676 maxime

469 693 537 757 in
574 691 843 771 Senatu,
888 690 1054 757 adeo
1100 690 1385 775 quidem,
1431 697 1502 756 ut
1547 699 1570 725 ⁸
1599 688 2128 775 monopolium'⁶
2172 688 2649 770 nominaturus,

467 796 656 879 prius
687 796 951 860 veniam
989 795 1375 879 postularit,
1422 795 1603 879 quod
1648 795 1781 859 sibi
1829 795 2029 859 verbo
2077 789 2418 878 peregrino
2461 800 2653 857 uten-

467 899 620 963 dum
648 904 850 963 esset.
936 898 1158 984 Atque
1186 901 1382 965 etiam
1428 899 1493 963 in
1538 899 1833 984 quodam
1877 898 2145 963 decreto
2173 896 2468 975 Patrum,
2496 916 2651 961 cum

467 1000 783 1084 ἔμβλημα3
811 999 833 1038 f
871 1005 1275 1081 recitaretur,
1321 1002 1862 1068 commutandam
1914 1001 2226 1066 censuit⁴
2277 1018 2534 1075 vocem,
2586 1003 2652 1064 et

465 1125 592 1190 pro
621 1107 966 1190 peregrina
993 1113 1351 1174 nostratem
1381 1106 1867 1190 requirendam,
1899 1111 2042 1183 aut,
2076 1105 2136 1168 si
2169 1123 2294 1170 non
2339 1104 2651 1187 reperire-

464 1215 592 1286 tur,
618 1208 724 1276 vel
757 1209 1079 1293 pluribuS,
1125 1216 1192 1275 et
1228 1231 1349 1295 per
1380 1210 1704 1276 ambitum
1734 1210 2103 1287 verborum,
2131 1226 2269 1272 rem
2307 1207 2650 1272 enuntian-

464 1310 661 1378 dam..
728 1312 1021 1378 Militem
1049 1332 1331 1398 quoque,
1362 1311 1604 1379 Graece
1624 1320 1650 1358 ⁸
1681 1313 2126 1379 testimonium
2157 1312 2650 1394 interrogatum,

1321 441 1386 489 0.
1432 439 1521 489 Su
1537 439 1794 489 ETONII

1372 1513 1463 1536 ΙΝ
1710 1512 1742 1532 O

466 1629 602 1680 Edd.
624 1629 743 1681 Ald.
762 1631 940 1695 Stepb.
962 1631 1114 1682 Junt.
1140 1629 1265 1696 Arg.
1289 1646 1450 1694 marg.
1472 1632 1675 1696 Gryph.
1699 1634 1799 1681 &m
1834 1629 2041 1680 favente
2077 1629 2255 1679 Graev.
2290 1628 2500 1691 alioquin
2536 1627 2655 1677 Me-

462 1695 566 1744 dic.
588 1700 636 1744 3.
672 1696 899 1759 Cop.-2
931 1697 1177 1747 Abstinuit
1219 1698 1328 1746 sine
1366 1713 1452 1762 que
1489 1698 1580 1747 lib.
1610 1698 1757 1746 Torr.
1791 1704 1846 1746 et
1883 1710 1999 1744 mox
2034 1698 2291 1759 postularet
2325 1708 2442 1743 cum
2482 1694 2655 1742 Pulm.

462 1760 619 1810 duob.
643 1762 838 1811 Medic.
854 1766 899 1810 1.
922 1766 970 1810 8.
992 1763 1148 1813 vind.
1171 1767 1219 1812 2.
1244 1763 1405 1813 Polit.
1436 1764 1582 1813 Cort.
1608 1763 1776 1812 Periz.
1803 1761 2035 1812 Han-lem.
2058 1769 2114 1810 et
2135 1760 2270 1811 Edd.
2294 1760 2440 1809 Vett.
2463 1765 2654 1820 praeter

462 1826 587 1876 Bas.
610 1826 777 1890 Lugd.
801 1828 1001 1891 Grypb.
1025 1830 1123 1878 &c.
1187 1828 1359 1878 Etiam
1380 1844 1485 1878 ven.
1499 1829 1637 1893 prius
1657 1828 1851 1877 Medic.
1874 1830 1919 1877 1.
1937 1830 2083 1876 3.-3
2106 1826 2257 1875 Torr.
2282 1831 2430 1889 putat
2456 1824 2654 1873 Latinis

459 1891 628 1940 literis
648 1892 871 1942 emblema
890 1892 1151 1942 scribend.
1173 1895 1264 1943 sed
1299 1895 1348 1944 in
1373 1895 1500 1943 Mss.
1536 1894 1603 1945 Ο.
1641 1895 1723 1943 vel
1757 1893 1946 1943 Graece
1970 1898 2226 1948 exaratur,
2263 1892 2342 1940 vel
2378 1890 2551 1954 spatio
2575 1904 2657 1937 re-

460 1956 587 2006 licto
610 1958 885 2008 omittitur.
952 1959 1015 2008 In
1036 1957 1194 2008 Vind.
1210 1964 1258 2009 l.
1281 1960 1490 2020 carbula,
1507 1969 1562 2008 et
1579 1960 1697 2008 Urs.
1726 1958 1826 2018 leg.
1860 1958 1996 2023 conj.
2014 1958 2269 2022 problema.
2333 1954 2656 2018 Transponit

457 2021 673 2073 Memm.
703 2038 806 2071 cum
826 2025 878 2073 in
894 2040 941 2087 q.
959 2026 1007 2073 d.
1028 2041 1078 2088 p.
1098 2023 1208 2085 ἔμβ.
1242 2025 1366 2075 item
1391 2025 1587 2075 Medic.
1613 2031 1656 2074 1.
1681 2029 1731 2076 8.
1766 2025 1920 2074 Voss.
1944 2029 1999 2073 ut
2019 2024 2071 2073 in
2092 2040 2136 2086 q.
2154 2025 2205 2073 d.
2223 2038 2276 2087 p.
2298 2036 2404 2071 cum
2427 2021 2655 2070 Ponit.—

456 2091 491 2135 4
529 2088 776 2137 Censores-it
802 2088 934 2138 Edd.
959 2089 1079 2141 Bas.
1099 2098 1153 2139 et
1176 2105 1320 2154 seqq.
1357 2091 1448 2139 sed
1474 2090 1600 2139 illud
1624 2090 1692 2140 ob
1716 2089 1880 2140 Codd.
1902 2103 2204 2139 consensum
2225 2087 2493 2151 rescripsit
2516 2085 2653 2137 Oud.

458 2165 576 2202 cnm
599 2153 729 2205 aliis.
796 2155 1066 2219 Repetunt
1098 2170 1300 2222 quoque
1329 2171 1493 2207 mune.
1517 2157 1696 2206 censuit
1721 2157 1867 2207 Cort.
1891 2154 2030 2205 Edd.
2054 2155 2206 2205 Rom.
2230 2155 2281 2203 in
2305 2151 2408 2203 flue
2433 2151 2652 2218 periodi.

1437 2272 1488 2323 N
1493 2271 1662 2322 01·AE

455 2381 720 2434 tibicinem
742 2384 924 2436 adesse
943 2386 1194 2438 noluerit:
1222 2383 1346 2436 tibia
1363 2384 1513 2450 quip-

456 2475 524 2524 pe
569 2469 673 2512 tam
713 2463 765 2512 in
800 2460 1068 2515 funeribus
1104 2477 1252 2529 quam
1289 2463 1342 2512 in
1379 2461 1514 2514 ludis

457 2540 755 2590 utebantur.
1031 2589 1035 2593 .

519 2624 541 2648 θ
561 2616 904 2683 Metropoli-um]
923 2616 1065 2667 Hinc
1084 2618 1316 2680 colligas,
1332 2632 1514 2671 vocem

453 2695 595 2746 illam
619 2696 671 2745 in
697 2712 790 2747 usu
811 2699 1100 2762 promiscuo
1122 2705 1247 2751 tunc
1264 2697 1514 2763 temporis

454 2788 555 2823 non
581 2772 756 2833 fuisse,
779 2783 837 2825 ut
858 2774 958 2827 fuit
982 2783 1180 2845 postea,
1202 2791 1319 2841 cap.
1337 2780 1423 2826 80.

519 2849 835 2916 ‘'Eumnm]
870 2853 971 2902 Dio
1005 2854 1093 2904 lib.
1119 2868 1254 2904 nvn.
1284 2853 1357 2904 ait
1385 2854 1515 2904 veti-

453 2935 562 2978 tum
607 2944 638 2978 a
679 2930 908 2990 Tiberio,
947 2944 1012 2980 ne
1049 2932 1162 2995 quis
1199 2946 1354 2982 aureo
1393 2946 1514 2982 vaso

451 3004 550 3054 nisi
583 3004 647 3053 ad
671 3021 754 3056 res
785 3020 956 3056 sacras
994 3014 1231 3058 uteretur
1249 3024 1265 3069 ;
1289 3022 1513 3073 cumque

450 3079 748 3131 dubitarent
773 3082 998 3147 quidam,
1015 3098 1080 3133 an
1105 3083 1264 3134 etiam
1289 3098 1412 3134 vasa
1434 3097 1513 3132 ar·

451 3164 657 3220 genten.
671 3173 786 3222 quae
803 3156 1053 3209 emblema
1070 3148 1279 3224 aliquod
1299 3174 1512 3209 aureum

449 3231 732 3296 habebant,
768 3242 941 3285 essent
981 3236 1257 3299 prohibita,
1291 3236 1512 3286 vetitum

449 3323 657 3374 quoque
702 3324 768 3359 ne
809 3309 864 3359 in
909 3309 1081 3361 edicto
1120 3325 1279 3376 super
1315 3313 1414 3362 hac
1453 3326 1509 3362 re

447 3385 611 3448 facto,
648 3403 747 3438 vox
779 3389 795 3417 ‘
822 3386 1107 3440 emblema’
1148 3397 1511 3454 usurparetur,

451 3474 633 3530 utpote
678 3481 793 3530 quae
840 3466 1031 3516 Graeca
1073 3464 1232 3523 foret.
1279 3467 1509 3531 quamvis

448 3541 611 3591 dictio
636 3542 824 3591 Latina
848 3556 947 3591 non
980 3549 1304 3608 suppeteret,
1325 3558 1423 3607 qua
1455 3542 1508 3591 id

449 3616 846 3683 significaretur.
924 3619 1087 3683 Cujus
1128 3620 1285 3669 edicti
1325 3619 1505 3671 memi-

448 3695 587 3745 nisse
625 3694 837 3745 videtur
873 3695 1031 3744 etiam
1061 3695 1272 3746 Tacitus
1307 3696 1394 3746 lib.
1419 3710 1507 3747 111.

448 3769 635 3820 Annal.
659 3771 723 3820 ad
747 3785 933 3821 annum
959 3775 1073 3821 776.
1096 3772 1185 3821 ubi
1207 3772 1401 3823 Tiberii
1428 3787 1506 3822 re·

447 3847 553 3899 sert
575 3848 847 3912 epistolam
871 3863 1029 3912 super
1060 3848 1346 3901 coercendo
1381 3851 1506 3902 luxu

445 3926 693 3992 scriptam
734 3925 800 3975 ad
835 3926 1099 3976 Senatum.
1180 3927 1508 3991 Emblemata

448 4011 620 4053 autem
672 4008 793 4052 sunt
841 4003 989 4066 signa
1032 4001 1165 4052 vasis
1211 4011 1302 4056 aut
1347 4005 1503 4055 etiam

447 4080 677 4129 vestibus
732 4079 796 4128 ad
855 4086 1093 4130 ornatum
1163 4081 1503 4147 adhaerentia‚

448 4170 582 4221 quae‚
602 4164 887 4205 crustarum
911 4157 1092 4214 instar,
1125 4157 1325 4209 detrahi
1343 4175 1501 4226 qnan-

448 4232 617 4297 doque
670 4240 930 4296 poterant.
1022 4235 1289 4300 Significat
1343 4238 1499 4288 etiam

447 4322 576 4371 opus
599 4322 629 4358 e
665 4309 922 4359 tesserulis
955 4310 1259 4375 quibusdam
1293 4316 1372 4366 vel
1406 4316 1499 4380 lig-

1589 2385 1701 2438 neis
1747 2386 1827 2435 vel
1865 2399 1931 2436 ex
1969 2385 2073 2435 alia
2106 2383 2323 2436 materia
2357 2382 2652 2432 minutatim

1590 2464 1816 2522 concisa,
1837 2480 1898 2515 ac
1922 2465 2077 2514 variis
2099 2460 2361 2515 coloribus
2383 2460 2654 2525 distincta,

1591 2541 1761 2606 qualia
1786 2541 2082 2605 pavimenta
2118 2539 2209 2593 ina
2243 2539 2425 2590 musivi
2458 2538 2651 2603 operis,

1590 2617 1656 2668 de
1681 2619 1864 2684 quibus
1897 2619 1949 2667 in
1971 2616 2113 2669 Julio
2147 2630 2267 2680 cap.
2289 2619 2370 2666 46.
2402 2624 2456 2663 et
2498 2615 2651 2678 plura

1591 2697 1750 2745 etiam
1777 2695 2009 2758 Scaliger
2031 2696 2095 2744 ad
2134 2694 2316 2744 librum
2343 2707 2396 2742 v.
2426 2692 2651 2743 Manilii.

1589 2772 1759 2823 Porro
1782 2773 1965 2823 mirum
1988 2779 2071 2822 est
2095 2786 2272 2823 vocem
2294 2769 2425 2821 hanc
2447 2785 2481 2820 a
2497 2770 2653 2820 Tibe·

1589 2848 1666 2899 rio
1688 2848 2033 2914 repudiatam,
2056 2863 2160 2913 qua
2189 2862 2291 2898 non
2316 2847 2501 2897 Cicero
2537 2853 2653 2896 tan·

1591 2934 1698 2978 tum
1742 2941 1885 2991 saepe
1928 2940 2048 2976 usus
2092 2932 2249 2981 esset,
2294 2922 2385 2974 sed
2430 2931 2484 2972 et
2527 2929 2650 2973 ante

1589 3004 1755 3068 ipsum
1780 3003 2031 3064 Lucilius,
2051 3009 2110 3052 ut
2135 3008 2283 3066 patet
2307 3014 2371 3050 ex
2394 3000 2511 3065 ejus
2536 3015 2648 3050 ver·

1588 3080 1746 3142 sibus,
1779 3094 1911 3145 quos
1949 3080 2124 3145 legere
2160 3086 2242 3130 est
2275 3077 2414 3147 apud
2440 3077 2652 3129 Cicero·

1587 3173 1705 3208 nem
1731 3172 1769 3206 1.
1791 3157 1857 3207 de
1884 3158 2036 3208 Orat.

1650 3244 1677 3280 s
1713 3236 1907 3302 Groece]
1947 3235 2347 3287 verosimillima
2372 3241 2453 3285 est
2477 3233 2652 3285 Caroli

1588 3313 1770 3379 Laugii
1809 3314 2138 3378 conjectura,
2177 3326 2327 3378 quam
2363 3319 2419 3362 et
2462 3312 2652 3376 probat

1585 3391 1908 3456 Torrentius,
1933 3390 2065 3440 banc
2088 3389 2273 3455 nempe
2306 3405 2484 3442 vocem
2507 3388 2650 3454 prio-

1585 3466 1727 3516 ribus
1764 3466 2022 3517 duntaxat
2059 3467 2224 3518 literis
2260 3474 2524 3516 exaratam
2550 3466 2645 3515 Gr.

1584 3543 1765 3607 fuisse,
1799 3561 1867 3594 ex
1900 3561 2004 3610 qua
2040 3546 2225 3611 aliquis
2261 3543 2450 3599 fecerit
2477 3546 2647 3595 (ἕνεκα

1584 3637 1702 3673 cum
1763 3624 1987 3677 Graccum
2042 3623 2343 3685 debuisset;
2409 3624 2451 3674 si
2508 3624 2644 3672 enim

1584 3699 1777 3753 Graece
1820 3701 2130 3765 interrogari
2177 3702 2394 3753 militem
2438 3702 2645 3761 liceret,

1582 3776 1758 3841 quidni
1783 3784 1839 3828 et
1865 3778 2216 3845 respondere?
2282 3777 2382 3828 Cui
2418 3776 2644 3840 accedit,

1581 3854 1718 3918 quod
1743 3853 1919 3904 Graeci
1955 3855 2036 3904 vel
2072 3855 2124 3905 iu
2162 3854 2275 3919 ipsa
2310 3854 2515 3904 Gracia
2539 3855 2636 3903 La-

1583 3931 1692 3979 tine
1716 3944 1833 3979 cum
1862 3930 2105 3981 Romanis
2128 3945 2284 3995 agere
2309 3931 2642 3996 juberentur,

1584 4013 1642 4056 ut
1681 4008 1928 4070 colligere
1961 4014 2042 4058 est
2080 4024 2146 4058 ex
2168 4009 2555 4073 jurisconsultis
2577 4009 2646 4058 ad

1582 4082 1670 4135 lib.
1708 4097 1903 4137 xum.
1941 4082 1996 4135 ff.
2049 4085 2113 4135 de
2175 4100 2231 4139 re
2288 4085 2547 4149 judicata,
2587 4092 2641 4137 et

1580 4162 1789 4213 Valerio
1814 4164 2048 4214 Maximo
2072 4164 2157 4215 lib.
2180 4177 2240 4215 ιι.
2265 4179 2382 4228 cap.
2402 4170 2447 4214 1.

1645 4237 1670 4272 ¹²
1694 4240 2030 4305 Naumachia]
2050 4242 2212 4297 Plura
2232 4242 2405 4292 Romae
2426 4239 2641 4293 fuerunt

1582 4317 1629 4381 ej
1637 4317 1837 4368 asmodi
1850 4319 1984 4383 loca,
2001 4319 2186 4384 pugnis
2198 4319 2465 4370 navalibus
2480 4317 2638 4370 eden·
