3019 4922
1225 424 1603 474 visamus,
2391 408 2515 476 2121

319 569 574 646 citam,⁹
602 588 829 634 comes
860 588 1346 655 usquequaque
1379 579 1730 654 parentum
1761 571 1937 653 fugae
1967 578 2005 632 :⁵
2034 591 2211 654 quos
2240 573 2513 656 quidem

321 673 505 755 apud
562 670 629 736 N
632 673 929 756 eapolin‚
986 673 1113 737 sub
1159 675 1584 758 irruptionem
1604 683 1657 713 ¹⁰
1715 675 1929 739 hostis
1979 676 2315 758 navigium
2347 677 2518 740 clam

320 782 658 859 petentes»,
683 777 909 857 vagitu
938 795 1062 839 suo
1085 796 1281 859 paene
1306 778 1411 840 bis
1443 776 1741 866 prodidit
1764 799 1781 859 3
1808 779 2039 855 semel,
2065 797 2211 842 cum
2243 775 2284 842 a
2311 779 2521 843 nutri-

322 878 427 943 cis
460 882 683 956 ubere,
709 879 994 967 iterum,¹
1051 899 1206 944 cum
1237 900 1278 944 a
1308 881 1455 944 sinu
1501 880 1733 944 matris
1765 881 1999 964 raptim
2032 879 2412 962 auferretur,
2434 881 2521 944 ab

321 981 434 1059 iis,
465 983 581 1064 qui
613 1001 737 1065 pro
769 983 1175 1048 necessitate
1225 983 1544 1066 temporis
1587 982 2013 1046 mulierculas
2060 983 2284 1046 levare
2316 1002 2519 1046 onere

321 1085 696 1149 tentabant.
786 1085 917 1149 Per
948 1085 1252 1150 Siciliam
1284 1105 1550 1170 quoque
1585 1095 1653 1149 et
1681 1104 1795 1168 per
1817 1092 1842 1121 ²
1876 1084 2203 1150 Achaiam
2236 1085 2521 1148 circum-

319 1187 587 1265 ductuS‚
619 1196 736 1252 ac³
782 1186 1315 1254 Lacedaemoniis
1346 1190 1636 1272 publice,
1669 1188 1846 1271 quod
1902 1189 1968 1250 in
2025 1187 2277 1251 tutelat
2316 1185 2518 1251 Clau-

322 1290 579 1354 diorum
612 1299 822 1369 erant,
855 1291 1358 1365 demandatus‚4
1383 1290 1754 1372 digrediens
1797 1288 1953 1352 inde
1985 1289 2221 1353 itinere
2253 1294 2521 1351 noctur·

323 1411 439 1470 no,
474 1393 831 1460 discrimen
866 1396 1025 1460 vitae
1058 1395 1246 1473 adiit,
1277 1395 1549 1458 flamma
1574 1400 1882 1477 repente¹²
1925 1412 1962 1455 e
1993 1392 2203 1476 sylvis
2234 1391 2523 1474 undique

324 1505 614 1577 exorta,⁵
643 1499 951 1583 adeoque
981 1518 1247 1563 omnem
1280 1499 1666 1587 comitatum
1690 1495 2170 1580 circumplexa,
2200 1499 2275 1558 ut
2303 1493 2520 1559 Liviae

1244 1663 1606 1685 OOO‘OO‘OO‘OO

322 1777 397 1827 tio
423 1777 586 1829 Codd.
609 1779 767 1830 Polit.
799 1781 870 1831 Is.
893 1785 1031 1844 atque
1051 1781 1268 1831 Antonii.
1333 1781 1568 1831 Tandem
1602 1780 1811 1830 scribunt
1844 1777 2040 1828 Medic.
2064 1782 2207 1828 1.-9
2242 1778 2325 1826 Ita
2347 1790 2523 1825 emen·

323 1843 516 1893 darunt
539 1845 768 1896 Lambin.
792 1846 856 1895 ad
880 1847 1034 1896 Corn.
1058 1848 1197 1909 Nep.
1221 1845 1352 1897 Cim.
1375 1849 1528 1896 Salm.
1549 1847 1691 1895 Pitli.
1715 1846 1902 1908 aliique
1933 1859 2024 1907 pro
2056 1844 2189 1906 vulg.
2228 1844 2348 1892 lect.
2384 1844 2523 1890 luxu·

322 1909 496 1958 nonam
518 1913 565 1957 et
585 1912 915 1974 exercitatam,
949 1926 1102 1975 quam
1126 1911 1196 1961 Ο.
1220 1910 1332 1960 fere
1356 1912 1523 1961 C'odd.
1545 1918 1770 1965 tuentur,
1794 1918 2020 1972 excepto
2043 1909 2253 1957 Memm.
2278 1907 2363 1970 qui
2387 1909 2522 1955 laxo-

319 1973 439 2022 τίοι.
467 1974 586 2023 Urs.
610 1976 835 2025 correxit
868 1976 1086 2027 laberius.
1120 1977 1479 2040 exercitamque,
1516 1977 1667 2025 Torr.
1688 1983 1897 2024 auctore
1924 1977 2062 2037 Lips.
2086 1974 2221 2035 conj.
2248 1975 2524 2032 luctuosam,

323 2036 617 2088 faventibus
642 2041 861 2091 Casaub.
882 2042 1048 2092 ScriV.
1089 2050 1144 2091 et
1179 2042 1319 2091 Oud.
1357 2042 1634 2092 ,Exercitum
1670 2043 1824 2091 etiam
1866 2040 2052 2103 legitur
2086 2039 2136 2088 in
2171 2037 2304 2087 Edd.
2339 2036 2522 2100 Stepb.

323 2102 449 2152 And.
480 2106 790 2155 exercitatam
827 2115 996 2156 tamen
1021 2105 1143 2156 ferri
1183 2121 1333 2169 posse
1357 2107 1594 2172 Ortwyn.
1632 2113 1811 2157 censet
1850 2105 1913 2154 ad
1957 2105 2144 2154 Horat.
2188 2103 2280 2165 Ep.
2304 2105 2356 2151 9.
2388 2109 2523 2151 teste

325 2168 634 2219 Graan—10
657 2173 918 2235 Emptione
937 2173 1107 2222 Periz.
1135 2173 1364 2222 Har-lem.
1388 2174 1519 2225 Edd.
1539 2174 1669 2222 Ven.
1693 2172 1837 2221 Med.
1861 2170 2008 2220 Cald.
2036 2172 2162 2220 Bon.
2193 2166 2356 2228 Lugd.
2372 2167 2523 2218 Junt.

323 2233 459 2282 Dein
483 2233 685 2284 hostium
719 2237 864 2287 Cori.
897 2237 1031 2287 Edd.
1073 2239 1220 2288 Rom.
1259 2244 1315 2288 et
1343 2243 1504 2301 petens
1543 2239 1786 2288 Halm—1
1827 2235 1980 2285 Hanc
2019 2233 2280 2284 emendat.
2315 2231 2432 2280 Urs.
2470 2238 2525 2281 et

326 2299 557 2365 Canneg.
596 2301 750 2351 Misc.
788 2302 918 2352 Obs.
958 2305 1060 2351 vol.
1086 2318 1164 2353 vr.
1200 2319 1252 2366 p.
1274 2307 1388 2353 603.
1426 2320 1541 2366 quae
1565 2310 1829 2367 comparet
1852 2302 1902 2350 in
1927 2315 2088 2363 marg.
2105 2301 2252 2348 Torr.
2278 2311 2370 2360 pro
2386 2297 2526 2360 vulg.

321 2364 440 2414 item
464 2366 665 2429 recepit
686 2366 824 2417 Oud.
850 2368 1186 2431 probantibus
1207 2370 1331 2417 Ern.
1352 2367 1507 2418 Wolf.
1535 2377 1590 2418 et
1613 2371 1685 2418 ita
1706 2368 1906 2433 praebet
1930 2367 2158 2416 Harleiu.
2217 2362 2380 2411 Paulo
2403 2372 2525 2438 ante

323 2429 465 2479 simul
502 2431 662 2484 Fonc.
701 2447 762 2483 ac
799 2448 916 2484 mox
955 2433 1014 2482 ab
1036 2434 1112 2483 his
1144 2435 1356 2485 Memin.
1380 2435 1576 2484 Medic.
1603 2436 1751 2484 Voss.
1774 2433 2006 2483 Harlem.
2032 2438 2085 2480 et
2109 2429 2240 2479 Edd.
2263 2428 2410 2476 Vett.
2431 2427 2527 2478 hus

324 2495 501 2546 Periz.
524 2495 590 2547 de
624 2504 881 2549 mole—2
916 2499 1344 2563 Praepositionem
1375 2516 1462 2563 per
1495 2502 1731 2564 ignorant
1764 2499 1933 2548 Periz.
1976 2497 2205 2545 Harlem.
2241 2494 2363 2554 Cuj.
2379 2499 2431 2540 et
2456 2492 2526 2540 Ο.

328 2559 462 2610 Edd.
482 2562 632 2613 Vett.
655 2563 746 2612 sed
769 2579 834 2612 ex
858 2565 1068 2613 Merum.
1092 2565 1265 2613 Graev.
1288 2574 1444 2628 posit.
1480 2566 1615 2613 Edd.
1650 2564 1865 2614 inseruit
1898 2571 1951 2612 et
1993 2563 2152 2610 Gron.
2189 2556 2523 2622 probantibus

327 2624 468 2674 Ond.
497 2628 618 2679 Em.
642 2628 762 2692 Bip.
787 2627 944 2679 Wolf.
967 2644 1081 2679 curn
1105 2630 1301 2680 Medic.
1324 2639 1389 2680 tr.
1415 2631 1571 2679 Polit.
1591 2631 1745 2679 Vind.
1763 2634 1810 2677 2.
1833 2629 1985 2676 Voss,
2008 2626 2262 2675 Fouc.--3
2281 2622 2325 2671 A
2348 2621 2524 2669 Laced.

327 2691 525 2741 Medic.
546 2697 596 2742 2.
639 2694 779 2743 Dun.
842 2695 976 2743 Dein
1016 2695 1095 2758 qui
1130 2710 1220 2758 pro
1249 2698 1369 2758 quod
1402 2696 1560 2744 babet
1582 2696 1748 2743 Periz.
1773 2709 1887 2742 cum
1910 2692 2040 2740 Edd.
2067 2690 2134 2740 Ο.
2156 2696 2276 2737 ante
2300 2687 2523 2735 Casaub.

325 2763 380 2804 et
407 2756 573 2807 Sci-iv.
638 2759 740 2808 Sed
763 2763 884 2823 quod
901 2761 1212 2818 ascripserat
1232 2760 1371 2823 Lips.
1391 2775 1552 2819 marg.
1578 2762 1672 2809 Ed.
1696 2774 1824 2819 suae,
1850 2754 2252 2819 suffragantibus
2276 2752 2405 2814 Cup.
2430 2764 2527 2812 op-

329 2821 457 2869 timo
496 2823 639 2873 Torr.
677 2824 872 2874 Medic.
906 2830 952 2875 3.
1002 2825 1160 2874 Vind.
1198 2835 1433 2888 utroque.
1503 2827 1674 2874 Etiam
1714 2826 1910 2874 tutelam
1954 2824 2131 2872 Graev.
2181 2825 2341 2882 posit.
2387 2815 2523 2889 Edd.

329 2895 538 2935 secutus
572 2888 751 2938 itidem
791 2889 1009 2938 Casaub.
1044 2897 1099 2939 et
1136 2891 1305 2954 placet
1341 2891 1555 2955 Lougoi.
1597 2891 1657 2938 ad
1703 2890 1839 2938 Plin.
1875 2889 1969 2952 Ep.
1996 2901 2049 2936 x.
2073 2889 2152 2934 86.
2188 2883 2276 2930 sed
2312 2882 2362 2929 in
2408 2880 2525 2928 reli-

327 2953 441 3014 quis
465 2953 594 3001 Mss.
631 2963 684 3002 et
710 2954 841 3002 Edd.
864 2957 1122 3005 tutela-4
1156 2957 1450 3005 Demaudati
1479 2958 1677 3007 Medic.
1700 2961 1748 3005 2.
1782 2957 1917 3003 Dnn.
1975 2948 2268 3001 demandatis
2289 2946 2526 2995 Harlem.

325 3017 685 3068 demandatiiiis
707 3021 861 3070 Voss.
885 3035 945 3070 ac
970 3036 1063 3086 pro
1085 3021 1196 3070 iude
1219 3022 1349 3087 Cop.
1371 3023 1499 3080 dein,
1525 3023 1668 3072 Cort.
1696 3020 1827 3071 Edd.
1851 3020 2000 3069 Rom.
2022 3017 2188 3066 ivn—5
2227 3015 2350 3062 Orta
2371 3011 2524 3061 vind.

1319 3171 1538 3222 NOTAE

396 3273 415 3296 ⁸
446 3265 711 3315 Parentum
722 3267 887 3334 sugoe]
919 3268 1088 3333 Supra
1112 3284 1158 3319 c.
1182 3274 1230 3321 4.
1472 3272 1552 3319 dis
1578 3269 1754 3320 facere
1776 3270 1828 3320 id
1851 3266 2154 3329 cogentibus
2180 3260 2399 3315 Austris,
2425 3259 2527 3308 Do-

392 3344 410 3374 *
446 3344 637 3409 Tutela]
665 3344 779 3394 Hoc
803 3353 903 3405 est,
926 3347 1168 3395 clientela
1189 3362 1203 3406 3
1228 3347 1389 3396 clien-

331 3424 442 3469 tum
479 3421 613 3468 enim
640 3427 837 3470 tutores
869 3438 929 3471 ac
966 3413 1259 3472 defensores
1302 3438 1388 3487 pa-

332 3497 488 3550 troni.
554 3499 687 3547 Vide
710 3500 761 3548 in
803 3499 1037 3562 Angusto
1061 3515 1107 3549 c.
1145 3503 1224 3551 16.
1291 3500 1386 3549 La-

335 3573 598 3627 cedaemon
623 3575 730 3624 sive
753 3576 946 3639 Sparta
974 3586 1098 3626 nota
1132 3577 1389 3641 quondam

335 3650 692 3716 Peloponnesi
748 3654 963 3703 civitas:
1032 3654 1188 3705 bodie
1244 3655 1391 3704 Misi·

336 3728 473 3778 thro.

399 3812 422 3838 ⁸
461 3806 671 3855 Flamma
706 3813 916 3870 repente,
944 3809 1046 3874 εμπ]
1079 3808 1278 3864 Auctor
1313 3818 1394 3859 est

333 3882 785 3956 ‘I'liucydides'lim
831 3899 895 3934 11.
931 3885 982 3933 id
1039 3886 1091 3935 in
1128 3888 1391 3937 montibus

336 3960 638 4023 plerumque
674 3960 990 4024 contingere,
1039 3963 1231 4012 collisis
1263 3965 1395 4014 invi-

338 4050 453 4085 cem
495 4045 763 4086 ventorum
801 4038 850 4086 vi
901 4038 1196 4092 arboribus:
1255 4042 1394 4108 quod

338 4111 611 4176 eleganter
626 4114 941 4164 describitur
976 4130 1006 4164 a
1039 4116 1283 4165 Lucretio
1308 4118 1396 4172 lib.

337 4207 378 4242 1.
445 4199 460 4220 ¹
479 4191 555 4250 At
585 4207 725 4258 saepe
742 4194 792 4242 iu
816 4195 1011 4258 magnis
1033 4195 1092 4246 fit
1117 4198 1395 4263 montibus,

338 4268 525 4332 inquit,
551 4270 734 4322 utaltis
754 4268 1035 4321 Arboribus
1062 4274 1230 4323 vicina
1245 4289 1395 4324 cacu-

341 4345 481 4394 mina
503 4360 700 4395 summa
735 4353 969 4398 terantur
995 4347 1146 4400 Inter
1177 4367 1253 4417 se,
1272 4354 1394 4403 vali·

1472 3362 1569 3396 nec
1593 3347 1848 3395 fulserunt
1872 3343 2114 3401 flammai,
2150 3339 2278 3389 flore
2314 3334 2527 3387 coorto.'

1470 3424 1539 3472 Et
1578 3424 1759 3471 Manil.
1783 3421 1879 3472 lib.
1914 3433 1954 3468 1.
1978 3433 2054 3468 vs.
2090 3420 2204 3466 776.
2261 3414 2421 3462 ‘Sunt
2440 3426 2530 3460 au-

1469 3508 1573 3549 tem
1597 3500 1797 3550 cunctis
1822 3496 2053 3561 permisti
2096 3491 2325 3557 partibus
2357 3489 2534 3551 ignes3

1470 3575 1575 3628 Qui
1651 3574 1891 3640 gravidas
1962 3569 2202 3619 habitant
2274 3564 2531 3624 fabrican-

1471 3661 1551 3703 tes
1574 3653 1786 3703 fulmina
1809 3651 1989 3709 nubes,
2029 3647 2096 3696 Et
2119 3648 2397 3709 penetrant
2424 3650 2529 3690 ter-

1474 3731 1594 3788 ras‚’
1631 3734 1727 3780 διο.
1779 3728 1893 3778 ‘Ac
1931 3726 2075 3776 silice
2106 3727 2158 3773 in
2187 3722 2317 3772 dura
2351 3719 2533 3768 viridi·

1474 3810 1646 3873 quein
1671 3807 1863 3857 cortice
1884 3803 2059 3854 sedem
2084 3799 2378 3855 Inveniunt,
2414 3810 2531 3845 cum

1474 3887 1620 3951 sylva
1639 3885 1737 3934 sibi
1774 3882 1953 3934 collisa
1974 3874 2268 3928 crematur!
2334 3873 2453 3922 Hoc
2477 3878 2534 3922 et

1476 3964 1530 4016 iu
1569 3962 1789 4012 faustum
1834 3958 2053 4010 flammae
2094 3951 2361 4016 augurium
2399 3950 2534 3998 verti

1479 4041 1730 4104 potuerit,
1754 4044 1814 4087 ut
1836 4050 1993 4099 supra
2013 4033 2065 4082 in
2091 4031 2329 4093 Augusto
2368 4042 2412 4077 c.
2452 4031 2536 4078 66.

1475 4126 1530 4165 et
1549 4120 1630 4167 94.
1663 4123 1718 4165 et
1742 4112 1877 4163 infra
1898 4126 1943 4160 c.
1965 4114 2046 4159 14.
2091 4105 2260 4157 Poeta
2281 4103 2531 4168 originem

1474 4193 1728 4258 ejusmodi
1767 4187 2138 4249 incendiorum,
2170 4197 2285 4248 quae
2323 4179 2532 4245 egregie

1478 4270 1684 4320 omnino
1723 4267 1977 4320 describit
2024 4278 2111 4315 ιιι.
2157 4262 2534 4325 Georgicorum

1479 4367 1552 4406 vs,
1568 4343 1682 4403 305.
1716 4344 2012 4415 pastoribus
2036 4340 2295 4393 attribuit.
