3019 4922
2371 424 2500 489 469

336 570 612 648 dicitiae,
641 574 879 656 quibus
909 577 1255 639 accusator
1284 577 1594 659 publicus
1614 585 1641 623 ⁸
1681 577 1962 657 deesset,
2005 585 2076 646 ut
2116 583 2500 668 propinqui,

335 693 516 739 more
545 676 919 760 majorum,⁹
939 674 966 712 ¹²
1004 677 1087 741 de
1117 681 1451 744 communi
1481 683 1809 747 sententia
1837 682 2240 762 coercerent,
2273 694 2505 752 auctor

333 775 480 840 fuit.
569 777 793 861 Equiti
821 778 1121 844 Romano
1159 780 1600 865 jurisjurandi
1620 792 1671 820 ¹⁰
1698 783 1975 865 gratiam
2001 784 2205 864 fecit,i
2232 794 2308 854 ut
2336 809 2502 854 uxo-

333 896 467 941 rem
498 879 566 942 in
594 887 828 965 stupro
858 884 1077 964 generi
1102 886 1121 915 ¹
1155 891 1562 968 compertam
1590 886 1968 966 dimitteret,
1997 895 2197 971 ‘quam
2225 910 2298 954 se
2329 893 2503 956 *nun-

333 1000 532 1062 quam
575 984 1089 1066 repudiaturum,
1131 993 1277 1051 ante
1316 985 1683 1070 juraverat.
1772 989 2092 1056 Foeminae
2123 992 2502 1076 famosae‚²¹‘

1227 430 1301 477 '1‘1
1312 431 1601 482 BBRIUS·

1254 1165 1581 1189 nnnnnnnn

328 1284 426 1329 —9
462 1277 579 1329 Alio
601 1280 780 1331 ordine

329 1347 393 1393 lo
423 1345 607 1405 Juv‘ur.
644 1347 853 1397 Memm.
885 1348 1112 1397 Harlem.
1149 1350 1292 1400 Cort.
1333 1357 1387 1399 et
1426 1351 1621 1414 aliquot
1643 1350 1781 1400 Oud.
1801 1367 1914 1399 cum
1939 1352 1983 1400 E
2021 1352 2070 1401 d.
2097 1353 2241 1401 Rom.
2289 1354 2421 1403 Dein
2448 1363 2504 1407 nt

326 1415 451 1458 ante
484 1426 570 1458 ux.
601 1425 703 1459 non
742 1411 934 1462 habent
968 1413 1179 1463 Memm.
1210 1417 1372 1466 Fouc.
1411 1416 1607 1465 Medic.
1639 1416 1798 1466 Polit.
1819 1416 1975 1466 vind.
2001 1421 2045 1466 l.
2073 1417 2188 1481 Cuj.
2214 1418 2347 1469 Edd.
2373 1420 2501 1470 Ven.

326 1473 474 1523 Med.
496 1475 627 1525 Bon.
650 1476 813 1537 Lussd.
835 1477 869 1528 J
876 1485 982 1528 unt.
1005 1479 1124 1527 Bas.
1147 1480 1266 1531 Ald.
1289 1480 1468 1542 Steph.
1495 1497 1555 1530 ac
1579 1481 1879 1530 deleverunt
1902 1481 2039 1530 Oud.
2062 1481 2308 1531 Wolfi-—l
2350 1485 2504 1535 Gravi

324 1545 543 1602 uterque
561 1540 715 1589 vind.
739 1541 891 1593 Huls.
926 1543 1084 1592 Putat
1109 1544 1254 1596 Miill.
1275 1552 1495 1607 compen.
1522 1553 1689 1594 ortum
1714 1561 1778 1594 ex
1803 1547 2105 1608 compendio
2122 1548 2380 1597 scribendi
2408 1565 2502 1610 pro

325 1605 712 1668 comprehensam.
766 1607 900 1657 Item
924 1610 1087 1672 repud.
1107 1625 1251 1674 nunq.
1272 1610 1427 1660 vind.
1449 1615 1598 1661 2.-2
1624 1611 1990 1672 Deestsamosoe
2010 1612 2143 1664 Dnn.
2165 1619 2219 1662 et
2241 1614 2368 1664 Cod.
2386 1615 2503 1665 Urs.

801 1282 911 1344 qu.
935 1298 1059 1332 more
1082 1284 1209 1332 Mss.
1233 1284 1436 1348 plurimi
1460 1291 1516 1334 et
1539 1284 1680 1336 editi.
1731 1285 1887 1335 Vind.
1913 1289 1959 1336 1.
2031 1289 2138 1337 nasi
2166 1290 2503 1342 communis.—

1299 1759 1522 1809 NOTAE

324 1863 538 1912 quarum
562 1859 886 1904 enarratores
909 1854 1255 1917 tradiderunt,
1272 1871 1377 1906 ma·
1453 1856 1690 1921 Augusto
1710 1873 1828 1921 cap.
1854 1865 1903 1908 ⁶.
1928 1866 1982 1908 et
2015 1858 2154 1915 alibi,
2189 1873 2337 1922 poena
2361 1858 2503 1908 adul·

324 1935 526 1976 trunam
559 1929 751 1980 dictam
790 1946 903 1983 esse
931 1934 1155 1999 proprie,
1188 1949 1299 1998 quae
1324 1934 1378 1983 in
1452 1936 1596 1985 teriis
1642 1936 1844 1999 publica
1884 1943 2126 2000 certaque
2183 1937 2319 1984 nulla
2375 1934 2504 1997 fuit;

321 2005 698 2055 matrimonium
738 2022 855 2058 cum
894 2009 1004 2059 viro
1040 2010 1378 2066 convenisset,
1451 2027 1566 2075 qnoe
1598 2014 1730 2062 enim
1769 2021 2136 2077 praecesserant
2168 2013 2306 2077 leges
2344 2013 2504 2061 Scan-

322 2083 492 2145 quoad
518 2082 568 2132 in
592 2098 654 2133 eo
670 2085 992 2136 matrimonio
1014 2095 1262 2149 maneret,
1283 2086 1377 2137 eti·
1451 2089 1597 2154 tinia,
1633 2092 1712 2139 vel
1745 2091 1993 2154 Scatinia,
2023 2097 2077 2140 et
2110 2090 2246 2152 aliae,
2284 2104 2362 2139 eae
2400 2104 2503 2138 non

320 2159 451 2208 amsi
479 2160 630 2210 liberi
652 2163 875 2212 nondum
903 2164 1014 2213 nati
1038 2161 1235 2225 forent3
1271 2164 1376 2214 dic·

320 2240 532 2300 tamque
570 2253 682 2288 esse
722 2254 754 2288 a
792 2240 971 2290 matris
1011 2242 1232 2298 nomine,
1273 2256 1373 2290 non

318 2312 512 2374 adepto
537 2314 664 2378 jam,
702 2314 793 2365 sed
830 2330 946 2364 cum
981 2317 1150 2366 omine
1189 2327 1242 2365 et
1281 2330 1372 2380 spe

318 2402 439 2438 mox
461 2389 798 2453 adipiscendi,
818 2390 954 2441 unde
982 2392 1145 2456 ipsum
1170 2408 1372 2458 quqque

319 2468 699 2518 matrimonium
742 2468 972 2519 dicitur.’
1036 2469 1238 2520 Gellius
1285 2471 1371 2521 lib.

325 2555 497 2593 xvtn.
519 2560 633 2609 cap.
651 2550 701 2595 6.

382 2627 409 2663 ⁸
450 2620 712 2672 Accusator
743 2621 977 2686 publicus]
1044 2621 1368 2673 Adulterium

317 2698 452 2746 enim
474 2713 540 2748 ex
564 2699 625 2748 iis
644 2699 941 2748 criminibus
960 2707 1088 2760 erat,
1109 2716 1220 2765 quae
1243 2701 1371 2763 pub-

314 2773 420 2822 lico
433 2773 636 2836 judicio
658 2773 1061 2835 coercebantun
1096 2790 1157 2824 eo
1182 2791 1369 2840 nempe

317 2847 457 2912 quod
479 2849 699 2914 quilibet
722 2865 751 2898 e
774 2852 961 2913 populo
980 2860 1185 2915 poterat
1204 2853 1368 2902 inten-

316 2923 461 2974 dere.
531 2927 615 2975 De
637 2941 737 2990 quo
763 2928 911 2989 plura
936 2928 1121 2977 videsis
1142 2929 1193 2978 in
1214 2929 1370 2981 Insti-

316 3002 598 3052 tutionibus
630 3002 909 3053 Justiniani
933 3003 1019 3055 lib.
1058 3018 1133 3054 tv.
1170 3007 1251 3055 tit.
1288 3011 1367 3056 18.

314 3086 371 3128 et
415 3080 467 3128 in
515 3079 678 3130 tribus
712 3079 855 3130 libris
890 3081 1104 3144 Sigonii,
1145 3097 1269 3147 quos
1301 3083 1367 3133 de

313 3157 533 3208 Judiciis
567 3158 887 3222 conscripsit,
917 3162 1015 3210 διο.
1085 3160 1148 3209 In
1170 3161 1268 3211 hac
1290 3167 1367 3211 ta·

311 3247 430 3281 men
453 3234 695 3283 adulterii
719 3238 1064 3293 accusatione,
1090 3243 1238 3299 pater
1260 3253 1366 3287 ma-

315 3309 545 3374 ritusque
569 3311 790 3360 mulieris
828 3311 1095 3374 impudicoe
1125 3312 1366 3375 praefere·

265 3402 276 3411 ·
313 3386 520 3441 bantur,
544 3394 599 3435 ut
624 3395 773 3449 patet
796 3401 861 3436 ex
886 3401 947 3436 eo
972 3389 1099 3451 legis
1119 3390 1276 3440 Juliae
1301 3390 1367 3438 de

314 3462 581 3512 adulteriis
605 3461 911 3527 fragmento,
943 3462 1075 3527 quod
1112 3465 1245 3513 inter
1269 3465 1368 3514 alia

311 3539 521 3601 collegit
559 3546 614 3589 et
653 3539 830 3589 retulit
867 3540 1130 3590 Barnabas
1170 3541 1366 3591 Brisso-

312 3617 426 3667 nius
450 3617 539 3666 lib.
562 3630 624 3667 ιι.
657 3616 721 3666 de
749 3618 1014 3679 Formulis‚
1037 3633 1096 3667 ac
1122 3620 1366 3681 peculiari

310 3706 469 3757 super
503 3694 583 3742 his
623 3693 1036 3744 Commentario:
1065 3696 1080 3723 ‘
1108 3695 1234 3745 Viro
1273 3711 1363 3759 pa-

310 3771 501 3836 trique,
522 3770 609 3835 qui
634 3771 685 3819 in
724 3777 978 3834 potestate
1014 3770 1191 3832 habet,
1220 3787 1364 3822 sexa-

307 3848 455 3910 ginta
476 3848 587 3897 dies
610 3848 762 3897 utiles
785 3847 848 3896 ad
875 3849 1215 3898 accusandum
1241 3849 1364 3898 dan-

310 3933 424 3988 tor;
458 3925 696 3989 intraque
720 3939 804 3974 eos
839 3924 948 3974 dies
982 3925 1193 3975 cuilibet
1232 3941 1361 3989 prae-

309 4000 576 4051 ferantor:
614 4007 732 4064 post
755 4014 843 4051 eos
866 4000 974 4049 dies
998 4001 1132 4064 patri
1157 4003 1361 4051 marito·

308 4092 408 4143 qne
431 4078 624 4141 lapsos,
656 4078 893 4127 extranei
927 4077 1142 4140 quilibet
1179 4079 1361 4129 admit-

310 4153 521 4209 tuntor.’

374 4230 397 4264 ¹²
427 4229 714 4294 Propinqui,
757 4245 881 4281 more
917 4229 1164 4293 majorum]
1220 4229 1360 4280 Ante

308 4309 478 4373 legem
515 4307 728 4364 Juliam‚
759 4306 823 4356 de
855 4321 956 4372 qua
983 4306 1095 4371 jam
1132 4322 1288 4372 supra
1310 4307 1361 4357 in

1426 3921 1620 3973 esset!

1449 2167 1713 2216 adulteriis
1739 2169 1893 2230 magis
1922 2181 2070 2231 quam
2105 2168 2188 2216 alii
2225 2166 2387 2216 cuivis
2412 2167 2503 2216 im·

1449 2242 1638 2305 pudico
1661 2241 1895 2304 facinori,
1931 2258 1992 2293 ac
2027 2241 2264 2298 nefandis
2289 2259 2502 2307 praeser·

1450 2317 1541 2367 tim
1576 2319 1886 2376 libidinibus,
1913 2335 2087 2382 poenas
2122 2322 2279 2380 leves,
2318 2326 2503 2383 utpote

1447 2396 1783 2445 mulctaticias
1796 2396 2048 2446 duntaxat
2066 2396 2393 2458 irrogabant:
2412 2396 2503 2444 sed

1447 2473 1817 2533 impudicarum
1843 2474 2109 2522 mulierum
2139 2472 2501 2522 coercitionem

1445 2548 1706 2597 habebant
1770 2547 2045 2596 earundem
2119 2548 2392 2611 propinqui
2448 2555 2504 2596 et

1447 2624 1740 2673 necessarii.
1804 2624 2012 2672 Tacitus
2038 2622 2124 2671 lib.
2159 2636 2286 2673 xm.
2312 2623 2500 2672 Annal-

1443 2702 1458 2726 ‘
1482 2700 1700 2749 Plautus
1727 2700 1893 2763 prisco
1926 2700 2163 2748 instituto
2202 2699 2500 2763 propinquis

1445 2791 1616 2826 coram
1655 2777 1721 2826 de
1766 2779 1934 2840 capite
1987 2775 2225 2840 famaque
2267 2775 2501 2838 conjugis

1444 2854 1720 2917 cognovit.’
1786 2854 1961 2903 Livius
2001 2853 2091 2902 lib.
2131 2866 2210 2902 lx.
2243 2851 2425 2901 decad.
2448 2856 2499 2902 4.

1444 2944 1503 2976 ac
1531 2928 1820 2991 praesertim
1853 2928 2134 2992 Dionysius
2170 2927 2500 2976 Halicarnas-

1444 3019 1562 3053 seus
1587 3006 1674 3055 lib.
1702 3018 1763 3056 ιι.
1798 3005 1970 3055 Valer.
2008 3004 2265 3053 Maximus
2296 3003 2387 3054 lib.
2423 3017 2501 3054 vt.

1444 3095 1560 3144 cap.
1581 3086 1629 3132 3.
1651 3085 1748 3132 διο.

1506 3155 1521 3189 ¹
1557 3159 1778 3207 Gratiam
1797 3158 1948 3221 fecit]
2004 3158 2087 3207 De
2125 3156 2219 3206 hac
2258 3155 2502 3219 loquendi

1442 3236 1641 3284 ratione
1664 3235 1775 3298 jam
1801 3250 1958 3297 supra
1981 3249 2097 3298 cap.
2124 3238 2202 3283 16.
2225 3233 2276 3281 in
2300 3232 2501 3295 Augus·

1442 3318 1513 3360 to.
1558 3313 1694 3360 Hinc
1720 3312 1963 3373 colligere
1987 3317 2087 3371 est,
2113 3309 2361 3372 ejusmodi
2385 3324 2497 3371 gra-

1442 3389 1568 3436 tiam
1601 3388 1667 3435 ab
1708 3387 2116 3450 Imperatoribus
2151 3386 2411 3439 collatam,
2444 3390 2499 3433 et

1441 3463 1715 3512 confirmat
1758 3462 1871 3511 Lex
1908 3466 1988 3511 38.
2010 3459 2063 3509 ff.
2096 3459 2160 3509 ad
2211 3459 2495 3521 municipa-

1439 3540 1543 3588 lem
1588 3539 1651 3588 de
1683 3539 1891 3600 Incolis,
1926 3539 2009 3587 ubi
2049 3535 2290 3599 Papirius
2312 3535 2495 3585 ,Iustus

1441 3624 1622 3666 auctor
1645 3625 1746 3677 est,
1772 3614 2110 3679 jurisjurandi
2148 3628 2352 3678 quoque
2377 3629 2495 3676 gra-

1441 3695 1565 3742 tiam
1604 3694 1670 3742 ab
1704 3692 1971 3742 Antonino
2024 3698 2079 3741 et
2125 3691 2262 3739 Vero
2304 3688 2497 3739 factam

1440 3777 1454 3798 ¹
1473 3769 1521 3817 ei
1546 3770 1629 3832 qui
1647 3769 1921 3832 juraverat
1951 3781 2005 3815 se
2029 3765 2194 3815 ordini
2219 3777 2316 3812 non
2342 3764 2499 3813 inter·

1440 3845 1690 3901 futurum,
1714 3852 1766 3893 et
1800 3850 1978 3906 postea
2011 3841 2262 3890 Duumvir
2295 3848 2498 3888 creatus

1704 3923 1769 3972 In
1806 3920 2040 3971 Salmasii
2084 3918 2265 3968 codice
2310 3916 2499 3979 legitur

1428 3999 1727 4060 Juaejurandi.

1504 4076 1528 4110 Β
1575 4076 1799 4125 Foeminoe
1821 4070 2050 4135 famosoe]
2105 4069 2371 4119 Posterius
2410 4086 2498 4119 vo·

1440 4154 1677 4203 cabulum
1713 4150 1823 4199 fere
1847 4161 2051 4212 semper
2083 4147 2134 4195 in
2167 4149 2348 4196 malam
2381 4163 2495 4211 par-

1441 4230 1868 4293 tem'accipitur3
1924 4226 2061 4275 unde
2100 4240 2201 4274 non
2241 4226 2496 4289 immerito

1440 4305 1570 4357 illud
1607 4306 1869 4356 abundare
1904 4302 2031 4352 dicit
2067 4300 2126 4351 F.
2163 4301 2401 4364 Ursinus,
2433 4315 2495 4350 eo
