3019 4922
459 1699 463 1704 ·
566 1678 894 1762 endoque‚
925 1679 1375 1746 confirmabat.

505 2925 513 2933 ·
567 2915 669 2951 008·

556 390 686 457 132
1420 405 1482 454 o.
1531 405 1889 455 suss'romr

557 555 726 636 bus;
770 546 1228 637 tractabatque
1255 551 1406 638 pari
1443 553 1792 617 severitate
1832 545 2037 637 atque
2067 552 2497 635 indulgentia.
2585 552 2739 620 Non

559 658 732 722 enim
764 657 1009 739 ubique
1041 674 1121 720 ac
1143 663 1169 704 ⁷
1213 673 1495 739 semper,
1527 654 1644 718 sed
1679 673 1830 718 cum
1854 654 2076 719 hostis
2107 655 2178 719 in
2207 656 2515 739 proximo
2549 662 2741 736 esset,

560 758 952 830 coercebat:
999 763 1152 822 tum·
1173 759 1462 822 maxime
1490 766 1768 822 exactor
1789 756 1814 795 ⁸
1862 758 2298 841 gravissimus
2343 757 2743 842 disciplinae,

559 869 639 927 ut
687 881 922 945 neque·
948 861 1225 937 itineriS,
1281 878 1493 943 neque
1547 860 1763 941 praelii
1813 870 2076 945 tempus
2126 860 2566 939 denuntiaret,
2627 860 2746 926 sed

560 973 872 1049 paratum
903 970 970 1034 et
994 966 1315 1029 intentum
1346 960 1698 1030 momentis
1731 962 2061 1041 omnibus»,
2105 983 2243 1048 quo
2275 962 2495 1041 vellet,
2526 964 2747 1029 subito

561 1068 889 1142 educeret.
1000 1065 1201 1145 Quod
1257 1065 1460 1129 etiam
1519 1065 1662 1129 sine
1723 1085 1934 1131 causa
1989 1067 2378 1150 plerumque
2436 1066 2746 1143 faciebat,

561 1170 903 1254 praecipue
949 1168 1203 1254 pluviis
1251 1174 1364 1232 et⁹
1413 1166 1605 1231 festis
1655 1166 1937 1233 diebus.f
2017 1169 2126 1234 Ac
2174 1169 2479 1247 subinde,
2529 1168 2753 1234 obser-

560 1272 854 1338 vandum
886 1290 979 1347 se,
1003 1272 1388 1347 admonens,
1418 1275 1694 1353 repente
1724 1271 2009 1337 interdiu
2031 1272 2140 1337 vel
2170 1279 2371 1336 nocte
2402 1272 2750 1335 subtrahe-

560 1374 723 1454 bat3
769 1375 1191 1456 augebatque
1220 1374 1361 1450 iter,
1408 1380 1482 1437 ut
1513 1372 1727 1436 serius
1757 1373 2242 1457 subsequentes
2274 1371 2747 1456 defatigaretstf²

559 1474 727 1559 [66]
774 1476 988 1540 Fama
1032 1485 1189 1541 vero
1238 1474 1574 1541 hostilium
1630 1477 1970 1559 copiarum
2024 1477 2406 1561 perterritos
2453 1495 2587 1540 non
2634 1491 2754 1540 ne-

564 1578 784 1659 gando
830 1567 1365 1655 minuendove,¹⁸
1427 1576 1552 1641 sed
1600 1577 1864 1661 insuper
1920 1576 2435 1662 amplificando¹²
2479 1578 2767 1644 ementi--

1466 1678 1710 1762 ltaque
1753 1699 1906 1744 cum
1952 1681 2341 1765 expectatio
2374 1680 2752 1747 adventus²

1477 1893 1536 1915 Ν
1543 1895 1838 1917 0000001000

566 2027 715 2078 Cald.
739 2034 794 2078 et
815 2028 1043 2079 servitute
1064 2044 1179 2079 eum
1200 2028 1434 2079 Harlem.
1456 2029 1504 2077 V
1507 2043 1591 2079 en.
1617 2033 1663 2078 l.
1694 2028 1858 2091 Lugd.
1885 2042 1976 2091 pro
1992 2042 2088 2080 sev.
2089 2032 2185 2077 —7
2211 2028 2367 2079 Liber
2385 2041 2513 2077 nnus
2538 2032 2646 2091 aut,
2668 2027 2761 2077 sed

564 2101 839 2158 utrumque
859 2094 1054 2143 delevit
1071 2096 1220 2144 Torr.
1292 2094 1422 2142 Dein
1444 2099 1556 2143 tunc
1577 2096 1629 2143 ιἰι
1652 2095 1811 2142 Vind.
1831 2097 1883 2142 2.
1907 2094 2051 2143 Cort.
2072 2098 2173 2142 tum
2192 2099 2347 2143 autem
2378 2092 2511 2142 Edd.
2540 2094 2695 2142 Rom.
2700 2119 2765 2130 —

566 2162 598 2206 8
634 2160 877 2214 &aanor
897 2160 1047 2208 Voss.
1061 2159 1282 2209 exactori
1305 2158 1530 2208 Harlem.
1548 2158 1830 2220 gravissime
1855 2157 2024 2207 Rhed.
2047 2162 2095 2207 2.
2099 2162 2195 2207 -9
2226 2158 2358 2218 Acf.
2383 2156 2625 2208 Vind.1.
2661 2158 2766 2207 Pe·

566 2222 659 2271 riz-
675 2223 904 2273 Harlem.
926 2222 1060 2275 Edd.
1081 2225 1223 2274 Med·
1244 2224 1390 2274 Cald.
1410 2229 1465 2273 et
1484 2238 1600 2272 mox
1615 2238 1667 2272 se
1687 2223 1781 2271 obs.
1811 2222 1978 2272 Periz.
1994 2234 2165 2272 autem
2189 2224 2252 2271 ad
2271 2222 2368 2272 obe.
2399 2223 2530 2271 Tum
2555 2222 2765 2273 interdie

566 2288 712 2336 Med.
738 2292 785 2338 1.
807 2303 927 2338 am·
949 2304 1026 2352 pr.
1047 2289 1131 2338 diu
1151 2287 1297 2338 Med.
1317 2293 1366 2339 2.
1402 2302 1523 2337 am.
1549 2303 1627 2351 pr.
1630 2293 1759 2337 —10
1792 2287 1956 2336 Gron.
1990 2279 2158 2337 edidit
2177 2287 2369 2348 defetig.
2410 2302 2468 2336 e
2482 2288 2768 2336 Memm—

457 2411 460 2416 ἱ
567 2354 595 2398 1
632 2352 812 2414 Cujac.
830 2354 1151 2411 inhibendam,
1208 2352 1307 2402 nod
1332 2368 1448 2404 non
1456 2352 1769 2417 displicebat
1791 2352 2013 2402 Casaub.
2079 2353 2206 2400 Mox
2227 2352 2492 2415 ampliando
2518 2351 2693 2402 Rhed.
2717 2355 2763 2400 l.

565 2420 662 2466 -2
685 2417 975 2470 Delendum
1001 2419 1158 2471 voluit
1136 2370 1339 2470 ‘brut-
1358 2420 1602 2484 udeentus,
1622 2432 1740 2470 cum
1760 2417 1963 2469 Viterb.
1984 2416 2074 2468 sed
2098 2416 2331 2468 defendit
2352 2417 2533 2470 Burin.
2551 2426 2611 2470 et
2623 2414 2768 2507 Oud-

1551 2617 1767 2669 NO'I'AE

1703 2751 1868 2802 milite
1911 2749 2214 2801 modestiam
2271 2752 2325 2798 et
2372 2745 2779 2808 continentiam,

1703 2843 1854 2892 quam
1875 2828 2119 2877 virtutem
2143 2833 2297 2891 atque
2333 2825 2489 2877 animi
2515 2825 2780 2888 maguitu-

1703 2904 1876 2954 dinem
1900 2903 2226 2966 desiderare,'
2258 2902 2347 2952 sed
2375 2902 2575 2951 milites
2600 2914 2781 2964 repre-

632 2755 654 2781 e
687 2736 897 2800 Militem
921 2750 963 2802 ’..
979 2785 992 2800 .
1014 2766 1159 2816 neque
1179 2769 1209 2802 a
1218 2751 1445 2818 fortuna]
1477 2753 1625 2803 Torr.

567 2825 742 2875 mallet
763 2827 999 2887 aforma,·
1032 2831 1123 2878 sed
1159 2840 1447 2894 repugnant
1482 2830 1624 2880 codi-

735 2902 993 2952 Caesarem
1017 2904 1176 2968 igitur
1196 2906 1450 2969 intellige,
1471 2921 1572 2955 non
1595 2919 1627 2954 a

565 2977 764 3027 divitiis
784 2979 1086 3042 aestimasse,
1107 2987 1164 3031 et
1186 2981 1373 3045 legisse
1394 2996 1512 3031 suos
1533 2983 1626 3031 mi-

564 3051 705 3115 lites,
737 3054 1160 3117 quemadmodum
1186 3070 1215 3104 a
1248 3054 1488 3109 Romanis
1513 3056 1625 3106 fieri

564 3129 773 3178 solitum
812 3138 958 3181 erata
1004 3131 1254 3196 Polybius
1299 3133 1493 3197 quippe
1535 3132 1625 3185 lib.

570 3202 711 3253 nist.
743 3217 818 3254 νι.
849 3205 901 3254 in
924 3208 1164 3272 -equitum
1199 3207 1407 3258 delectu
1442 3224 1625 3260 census

569 3280 795 3330 habitam
820 3282 1069 3335 rationem
1090 3291 1269 3334 auctor
1289 3293 1391 3347 est,
1412 3286 1547 3348 quod
1571 3294 1626 3337 et

567 3357 623 3406 in
649 3358 924 3421 peditibus
958 3359 1191 3425 legendis
1231 3370 1527 3426 usurpatum
1553 3364 1624 3425 vi-

568 3435 694 3484 dere
735 3443 816 3485 est
857 3449 924 3485 ex
962 3437 1200 3502 Dionysii
1221 3448 1224 3453 ’
1247 3438 1624 3491 Halicarnassei

566 3509 655 3561 lib.
679 3526 753 3561 ιν.
790 3512 879 3562 ubi
901 3513 966 3563 de
989 3528 1146 3570 censu
1170 3515 1412 3567 instituto
1434 3531 1625 3567 sermo-

567 3602 685 3639 nem
717 3589 907 3651 habet3
943 3606 1004 3642 ac
1044 3593 1332 3656 praesertim
1372 3593 1502 3642 Livii
1538 3593 1626 3643 lib.

567 3677 769 3716 xxx1v.
793 3666 879 3716 ubi
898 3666 1113 3718 Nabidis
1129 3670 1371 3732 Spartani
1393 3671 1456 3718 ad
1468 3671 1626 3721 Quin-

568 3741 694 3799 tium
733 3743 1020 3793 Romanum
1066 3746 1225 3795 verba
1268 3745 1381 3796 haec
1426 3745 1626 3796 refert:

565 3818 581 3846 ⁸
601 3818 709 3867 Vos
733 3818 975 3882 (Romani
1000 3820 1230 3886 scillcet)
1254 3836 1284 3871 a
1305 3836 1462 3872 censu
1485 3822 1628 3885 equi·

572 3901 696 3958 tem,
730 3909 761 3941 a
782 3908 939 3944 censu
964 3897 1193 3959 peditem
1218 3897 1409 3959 legitis,
1427 3905 1480 3947 et
1502 3912 1626 3960 pau-

569 3983 657 4019 cos
681 3971 937 4021 excellere
957 3973 1156 4036 opibus,
1190 3975 1396 4038 plebem
1428 3974 1626 4038 subjec-

573 4053 675 4095 tam
701 4061 814 4095 esse
835 4048 932 4097 illis
952 4050 1138 4112 vultis,’
1160 4052 1427 4116 &c,‘quod
1452 4061 1623 4102 autem

552 4123 639 4173 'de
675 4125 900 4174 moribus
939 4127 1033 4189 ait,
1069 4128 1263 4177 Caesari
1295 4129 1392 4191 ipsi
1416 4144 1625 4179 consen·

573 4201 671 4249 tire
689 4215 796 4250 non
815 4202 1044 4254 videtur:
1067 4204 1151 4253 hic
1169 4205 1305 4253 enim
1328 4205 1419 4253 lib.
1441 4219 1540 4254 vu.
1558 4205 1624 4254 de

575 4279 727 4348 Bello
748 4276 907 4332 Civili·
934 4279 1111 4337 refert,
1145 4278 1249 4330 hon
1269 4281 1289 4309 ‘
1306 4283 1469 4343 minus
1492 4299 1548 4333 se
1572 4285 1625 4332 in
1696 4320 1700 4333 ,

1704 2983 1981 3045 hendebat,
2021 2982 2160 3047 quod
2200 2991 2394 3031 temere
2434 2980 2626 3044 iniquo
2665 2979 2785 3029 loco

1706 3066 2041 3124 pugnassent,
2092 3073 2189 3108 nec
2240 3061 2255 3086 ‘
2289 3058 2434 3121 signo
2483 3053 2789 3122 reeipiendi

1706 3135 1828 3188 dato
1844 3133 2228 3198 constitissent‚'
2249 3137 2346 3184 διο.

1777 3209 1798 3245 ¹
1816 3212 2011 3263 Pluviis
2046 3215 2093 3261 et
2115 3210 2264 3270 sestis
2300 3207 2492 3270 diebus]
2530 3209 2612 3259 Ut
2637 3222 2793 3272 para-

1708 3289 1867 3340 tiores
1897 3287 2070 3337 forent
2106 3286 2354 3336 adversus
2389 3284 2645 3348 insidias,
2676 3283 2791 3348 qui-

1705 3366 1799 3427 bus
1830 3363 2092 3427 aptissima
2131 3361 2386 3426 ejusmodi
2424 3367 2704 3425 tempora,
2739 3364 2796 3409 et

1694 3439 2008 3504 ,frequenter
2041 3443 2267 3487 structas
2301 3435 2483 3486 multis
2524 3434 2795 3503 exemplis

1693 3539 1699 3545 ’
1708 3516 1933 3584 probant
1950 3519 2377 3576 stratagematum
2399 3511 2732 3576 scriptores.

1770 3601 1796 3637 s
1818 3588 2158 3653 Minuendove]
2179 3589 2241 3638 lu
2252 3588 2459 3652 cujacii
2480 3588 2680 3638 codice
2697 3588 2798 3638 Ca·
2836 3586 2847 3597 ‘

1709 3670 1963 3720 sanbonus
1989 3667 2197 3733 legebat
2220 3665 2568 3715 inhibendove.
2640 3664 2800 3718 Quod

1708 3752 1763 3796 et
1783 3753 1988 3808 potest,
1973 3761 1986 3773 ·
2010 3757 2236 3793 rumores
2253 3741 2386 3803 enim
2407 3741 2670 3793 inhibere
2687 3741 2801 3793 noti

1707 3822 1844 3886 apud
1871 3822 2108 3885 politicos
2132 3820 2286 3868 moris
2309 3823 2409 3867 est.

1768 3898 1792 3931 Ι·
1828 3895 2192 3963 amplificando]
2233 3895 2438 3945 Eadem
2465 3896 2645 3962 Cyri
2630 3913 2690 3948 ιιι
2712 3912 2803 3948 oe-

1704 3974 1995 4025 caslonibus
2022 3971 2291 4038 ejusmodi
2295 3971 2473 4034 ratio;
2519 3975 2614 4024 hic
2640 3977 2807 4038 enim,

1705 4060 1914 4105 auctore
1937 4051 2303 4116 Xenophonte,
2335 4051 2518 4100 satius
2547 4052 2809 4116 ducebat,

1707 4138 1765 4179 ut
1805 4129 2005 4178 minora
2047 4126 2337 4194 expectatis
2395 4126 2811 4195 invenirentur,

1703 4221 1808 4259 non
1838 4211 2038 4259 cantra.
2500 4229 2511 4234 -
