3019 4922
535 419 665 486 350

536 586 817 670 Alpium
849 604 964 669 per
1012 583 1506 649 simulationem
1544 587 1867 670 colloquii
1899 587 2180 671 propius
2234 588 2602 671 admissus,
2653 592 2722 657 in

534 688 977 774 praecipitium
1026 686 1454 770 propelleret.
1546 688 2057 755 Oculoshabuit
2087 692 2309 756 claros
2340 712 2421 757 ac
2451 693 2727 773 nitidoS,

538 793 782 876 quibus
810 790 1009 855 etiam
1041 790 1411 854 existimari
1441 791 1712 856 volebat
1740 792 1968 857 inesse
2008 795 2322 877 quiddam
2369 796 2579 860 divini
2624 797 2729 859 vi·

536 896 714 977 goris
737 901 787 975 3²
810 902 839 931 ¹¹
870 894 1363 977 gaudebatque,
1397 895 1454 957 si
1485 894 1638 977 quis
1658 902 1678 941 ³
1715 896 1847 960 sibi
1878 898 2096 961 acrius
2122 899 2482 974 contuenti,
2517 900 2722 983 quasi

533 997 618 1061 ad
648 996 962 1086 fulgorem
995 995 1229 1073 SoliS,v
1262 995 1520 1059 vultum
1552 998 2033 1065 summitteret:
2076 999 2191 1063 sed
2224 1003 2289 1064 in
2330 1009 2602 1067 senecta
2634 1003 2729 1065 si-

531 1102 738 1164 nistro
766 1100 983 1163 minus
1014 1098 1205 1162 vidit.
1294 1098 1554 1163 Dentes
1582 1117 1791 1178 raroS,
1823 1099 1898 1165 et
1920 1103 2225 1184 exiguos»,
2265 1111 2333 1166 et
2351 1111 2382 1151 4
2410 1106 2722 1182 scabroS,

533 1202 845 1286 capillum
891 1202 1123 1265 leniter
1144 1207 1168 1247 ⁵
1201 1201 1519 1265 inflexum
1541 1209 1581 1237 W
1608 1209 1674 1267 et
1719 1203 2126 1282 sufflavum‚¹
2160 1207 2523 1289 supercilia
2565 1227 2725 1272 con-

522 1304 812 1389 juncta?
834 1304 1197 1368 mediocres
1227 1322 1442 1383 aureS‚
1471 1323 1712 1368 nasum
1741 1308 1807 1369 et
1831 1324 1875 1370 a
1898 1324 2157 1371 summo
2204 1308 2724 1385 eminentiorem,

1384 437 1449 487 Ο.
1495 435 1856 489 SUETONII

1450 1500 1811 1523 ‘Ouum

531 1636 662 1699 Cop.
689 1634 788 1684 Ed.
807 1634 941 1682 Veu.
967 1639 1013 1684 l.
1047 1632 1183 1682 Item
1221 1631 1272 1681 iu
1308 1633 1538 1683 Han-iem.
1564 1634 1912 1685 oestimari.—2
1946 1636 2098 1686 Grut.
2120 1637 2302 1688 abesse
2328 1639 2503 1689 mallet
2522 1640 2727 1703 vigoris.

514 1706 626 1751 ¹--3
660 1700 716 1750 Si
738 1702 819 1763 qui
841 1701 1055 1748 Merum.
1079 1698 1275 1748 Medic.
1314 1703 1363 1747 3.
1400 1700 1563 1749 Polit.
1587 1701 1742 1750 Vind.
1768 1704 1814 1749 1.
1840 1702 2009 1751 Periz.
2052 1703 2285 1752 Har-lem.
2316 1712 2370 1754 et
2406 1704 2544 1754 Edd.
2581 1708 2727 1760 Vett.

531 1780 695 1828 usque
720 1765 783 1813 ad
807 1765 930 1814 Bas.
955 1769 1091 1827 post.
1125 1764 1458 1827 reposuitque
1495 1763 1640 1815 Oud.
1662 1766 1715 1814 in
1751 1780 1858 1814 sua.
1891 1767 2103 1817 Praebet
2127 1770 2269 1818 Dun.
2309 1770 2433 1820 lect.
2457 1779 2728 1835 recept.—

529 1834 562 1880 4
597 1832 728 1880 Post
747 1830 875 1890 exig.
904 1829 997 1877 Ed.
1019 1828 1199 1891 Camp.
1221 1843 1320 1877 nou
1339 1830 1569 1891 agnoscit
1589 1836 1653 1880 et.
1687 1831 1814 1878 Tum
1838 1846 1932 1895 pro
1948 1833 2098 1882 scabr.
2119 1847 2256 1884 man.
2277 1834 2414 1884 doct.
2433 1834 2484 1883 in
2509 1850 2601 1885 ora
2628 1836 2728 1886 m

529 1896 715 1959 Steph.
737 1909 928 1957 asperos
948 1895 1302 1957 ascripsit.-—5
1339 1895 1421 1943 Sic
1444 1909 1623 1944 omnes
1647 1896 1881 1944 meliores
1905 1897 2020 1945 libri
2045 1898 2264 1949 Casaub.
2300 1900 2412 1962 ipso
2435 1906 2489 1949 et
2520 1902 2726 1950 Scrive-

530 1962 608 2008 rio
627 1959 913 2023 probantib.
968 1959 1052 2007 Ita
1075 1972 1274 2022 quoque
1298 1972 1366 2007 ex
1390 1966 1607 2024 utroque
1625 1960 1781 2009 Viud.
1804 1961 1950 2010 Cort.
1976 1962 2109 2011 Edd.
2147 1964 2296 2013 Rom.
2332 1972 2571 2028 utraque,
2593 1966 2727 2014 Bon.

522 2026 744 2090 aliisque
762 2023 960 2088 recepit
984 2024 1126 2073 Oud.
1146 2022 1357 2073 favente
1379 2025 1506 2075 Ern.
1563 2025 1628 2073 Iu
1652 2025 1786 2075 Dun-
1812 2026 1946 2091 vulg.
1964 2027 2087 2078 lect.
2108 2028 2276 2077 leviter
2291 2036 2550 2095 servatur,
2570 2031 2724 2096 idque

1520 2270 1732 2323 NOTAE

590 2431 629 2457 ¹¹·
653 2420 826 2474 Divisi
845 2418 1050 2484 vigoris]
1084 2419 1202 2471 Hac
1225 2418 1381 2471 etiam
1419 2417 1585 2484 opini-

527 2515 628 2550 one
649 2499 969 2549 delectatum
990 2499 1186 2550 Julium
1209 2504 1384 2547 narrat
1408 2499 1529 2548 Dio.

1666 2429 1889 2490 centem,
1926 2420 2078 2472 tirant
2119 2435 2202 2471 sur
2244 2422 2287 2471 le
2338 2421 2495 2471 blond.
2564 2421 2727 2473 Coma

1666 2495 1798 2548 flava
1820 2499 1872 2548 in
1897 2498 2093 2548 deliciis
2118 2497 2255 2561 apud
2274 2498 2453 2548 molles
2467 2499 2579 2562 ejus
2602 2507 2740 2548 eta-⁷

594 2583 620 2608 v
654 2575 806 2632 Quasi
845 2576 910 2624 ad
938 2572 1184 2636 fulgorem
1225 2572 1373 2638 Solis]
1406 2573 1588 2625 Innuit

531 2652 669 2716 quod
708 2652 951 2720 Aurelius
989 2652 1174 2701 Victor
1204 2658 1380 2702 narrat
1403 2652 1467 2700 de
1493 2653 1588 2701 mi-

529 2730 625 2778 lite
649 2728 892 2793 quodam,
915 2727 1002 2792 qui
1026 2741 1141 2777 cum
1164 2727 1228 2776 ab
1263 2728 1373 2791 ejus
1411 2742 1467 2776 se
1504 2743 1586 2778 as-

530 2813 690 2868 pectu
713 2802 994 2862 averteret,
1017 2804 1217 2868 petenti
1248 2819 1452 2853 causam
1477 2802 1584 2854 Au-

529 2888 686 2944 gusto
710 2881 1000 2945 respondit,
1030 2889 1047 2913 ⁸
1069 2880 1192 2946 quia
1221 2879 1420 2930 fulmen
1460 2895 1587 2930 ocu-

526 2958 688 3007 lorum
710 2963 912 3007 tuorum
933 2954 1074 3006 ferre
1093 2971 1195 3006 non
1211 2954 1454 3020 possum!
1474 2957 1585 3006 Pli-

525 3032 641 3080 nius
665 3032 755 3081 lib.
777 3045 857 3081 xi.
877 3046 993 3095 cap.
1024 3035 1108 3081 37.
1143 3031 1348 3080 diversa
1376 3032 1584 3080 omnino

530 3121 563 3156 a
601 3107 850 3156 Suetonio
893 3112 949 3154 et
988 3106 1206 3155 Victore
1252 3105 1316 3155 de
1361 3105 1587 3169 Augusti

526 3182 690 3232 oculis
712 3187 908 3238 narrat,
943 3182 958 3211 ‘
979 3182 1119 3230 Divo
1157 3180 1391 3244 Augusto
1427 3196 1585 3246 equo·

525 3273 640 3308 rum
661 3272 804 3308 more
827 3258 995 3320 glauci
1015 3255 1184 3317 fuere,
1215 3271 1470 3321 supraque
1496 3257 1585 3306 ho-

525 3335 719 3384 miuem
733 3334 1002 3385 albicantis
1020 3332 1412 3396 magnitudinisz
1430 3349 1583 3398 quam

526 3411 593 3461 ob
637 3426 841 3461 causam
881 3411 1183 3474 diligentius
1225 3410 1453 3474 spectari
1491 3425 1581 3460 eos

525 3487 776 3539 iracunde
801 3485 1040 3537 ferebat)
1075 3485 1249 3535 Plinio
1268 3491 1440 3534 tamen
1459 3486 1582 3536 Sue·

525 3565 723 3615 tonium
746 3579 846 3612 nnn
877 3565 1011 3612 male
1033 3563 1339 3626 praetuleris,
1375 3569 1495 3612 cum·
1527 3569 1584 3613 et

524 3640 841 3689 auctoritate
874 3638 1080 3703 Virgilii
1116 3639 1331 3695 nitatur,
1367 3639 1453 3702 qui
1489 3638 1580 3689 lib.

524 3730 564 3765 1.
589 3707 793 3765 AEueid.
813 3715 908 3764 sub
926 3714 1102 3764 AEneae
1122 3729 1362 3777 persona,
1378 3714 1584 3777 Augus-

436 3848 439 3851 ,
523 3799 632 3840 tum
649 3791 809 3841 dubio
825 3790 1003 3853 procul
1022 3789 1258 3839 indicans
1272 3790 1363 3845 ait,
1386 3796 1401 3817 ‘
1419 3789 1582 3838 Nam-

525 3883 626 3930 que
649 3867 757 3931 ipsa
779 3865 1025 3915 decorum
1049 3865 1326 3915 Caesariem
1346 3870 1468 3914 nato
1490 3879 1579 3927 ge·

522 3942 703 4005 unitrix,
754 3943 1033 4007 lumenque
1079 3940 1316 4005 juventae
1371 3941 1579 4004 Purpu-

523 4029 689 4080 reum,
721 4024 777 4068 et
807 4019 957 4068 laetos
993 4017 1152 4067 oculis
1185 4016 1387 4067 afflarat
1421 4017 1580 4066 hono-

523 4091 647 4142 res!

587 4173 620 4199 v
634 4167 829 4216 Leniter
845 4164 1096 4232 inflexum]
1121 4170 1238 4218 Nec
1260 4170 1469 4220 omnino
1487 4184 1578 4221 an-

522 4242 769 4297 nulatum,
786 4256 884 4292 nec
906 4244 1061 4294 etiam
1086 4246 1306 4296 rectum.

587 4323 615 4378 3
629 4316 919 4383 Suffenum]
940 4319 1058 4370 Hoc
1075 4327 1158 4371 est
1170 4320 1374 4374 modice
1386 4320 1577 4375 flaves-

1669 2575 1737 2625 tis
1758 2584 1890 2638 erat,
1908 2589 2064 2639 super
2081 2589 2179 2639 qua
2199 2574 2348 2637 plura
2369 2574 2563 2625 videsis
2589 2573 2726 2625 infra

1666 2651 1719 2701 in
1744 2652 1914 2715 Calig.
1936 2666 2052 2715 cap.
2078 2656 2157 2702 11.
2179 2658 2236 2700 et
2256 2655 2337 2700 47.

1730 2736 1753 2771 1
1785 2728 2049 2792 Supero-ilia
2070 2726 2339 2791 conjuncta]
2376 2727 2492 2778 Hoc
2534 2735 2617 2777 est
2648 2728 2723 2776 iu·

1667 2805 1920 2856 distincta
1974 2812 2030 2856 et
2084 2804 2281 2870 absque
2323 2805 2601 2862 intercilio,
2633 2819 2725 2856 seu

1666 2880 1908 2944 gimelle,
1943 2895 2046 2945 qua
2069 2880 2491 2933 discriminantur
2514 2882 2568 2929 in
2592 2881 2726 2937 aliis.

1666 2957 1854 3009 Qualia
1899 2957 2150 3006 babentes
2195 2956 2471 3019 supercilia
2513 2955 2725 3006 δυσανίοι

1664 3031 1907 3082 dicuntur
1925 3032 2197 3083 Aristoteli
2236 3032 2326 3081 lib.
2369 3028 2436 3081 d'e
2472 3032 2728 3098 Physiog·

1666 3108 1906 3158 nomouia
1929 3124 2044 3174 cap.
2070 3108 2272 3165 ultimo,
2307 3109 2406 3157 hoc
2429 3115 2510 3158 est
2529 3108 2727 3172 tristes,

1668 3198 1759 3233 seu
1784 3190 1840 3233 ut
1860 3186 2125 3250 explicant
2148 3184 2254 3247 alii,
2276 3184 2473 3235 levibus
2507 3185 2575 3234 de
2603 3200 2728 3236 cau·

1666 3260 1733 3309 sis
1778 3261 1938 3322 anxii,
1992 3269 2048 3311 et
2096 3261 2293 3324 maguis
2334 3262 2471 3310 ultra
2514 3261 2725 3311 modum

1666 3337 1859 3385 vexati.
1907 3335 2061 3386 Oculi
2085 3350 2210 3386 vero
2235 3335 2386 3385 nitidi
2409 3337 2579 3386 eidem
2600 3339 2726 3387 Phi-

1662 3413 1878 3476 losopho
1913 3421 2034 3463 sunt
2068 3413 2349 3462 salacitatis
2382 3413 2596 3470 indicia,
2623 3414 2727 3463 rari

1664 3489 1849 3539 dentes
1874 3487 2123 3538 brevioris
2163 3490 2304 3552 vitae,
2345 3504 2494 3540 aures
2530 3492 2727 3540 medio-

1663 3579 1777 3615 cres
1815 3580 2011 3615 morum
2050 3565 2360 3630 optimorum
2398 3576 2725 3629 argumenta.

1662 3641 1749 3690 De
1774 3640 1957 3705 quibus
1979 3640 2092 3691 haec
2129 3649 2211 3691 est
2242 3655 2389 3691 mens
2428 3641 2591 3691 Plinii
2631 3643 2723 3694 lib.

1664 3731 1748 3767 xl.
1770 3732 1888 3780 cap.
1906 3721 1990 3768 52.
2017 3718 2035 3746 ‘
2054 3718 2209 3767 miror
2232 3718 2437 3782 quidem
2461 3718 2726 3771 Aristote-

1663 3793 1766 3842 lem
1810 3807 1910 3843 non
1953 3792 2110 3843 modo
2148 3793 2430 3844 credidisse
2475 3797 2724 3857 proescita

1664 3867 1790 3916 vitae'
1809 3882 1923 3917 esse
1951 3868 2124 3933 aliqua
2144 3869 2197 3917 in
2237 3868 2540 3932 corporibus
2577 3870 2722 3935 ipsis,

1659 3956 1837 3992 verum
1879 3941 2036 3992 etiarn
2062 3943 2395 4007 prodidisse?
2455 3947 2526 3995 Et
2565 3949 2722 4010 paulo

1659 4016 1812 4081 iufra,
1832 4020 1953 4068 ‘nec
1974 4019 2216 4069 universa
2228 4020 2341 4069 haeo
2363 4019 2451 4086 (ut
2467 4021 2717 4085 arbitror)

1658 4096 1750 4145 sed
1769 4097 1970 4159 singula
1985 4096 2243 4153 observat,
2262 4094 2445 4146 frivola
2464 4098 2553 4163 (ut
2572 4099 2717 4163 reor)

1658 4172 1750 4221 sed
1792 4173 1944 4236 vulgo
1979 4170 2224 4222 narrata-⁹
2288 4173 2578 4236 supercilia
2598 4188 2715 4225 con-

1645 4247 1836 4312 juncta
1851 4246 1922 4296 ad
1943 4244 2127 4312 puellae
2151 4261 2258 4297 suae
2281 4247 2713 4311 pulchritudinem

1657 4328 1879 4388 exoptat
1900 4323 2179 4376 Anacreon
2200 4321 2318 4373 Ode
2339 4325 2430 4374 28.
