3019 4922
522 381 654 451 424

520 543 747 621 ludos,
775 543 891 611 sed
924 545 1168 610 absens
1199 549 1245 608 :²
1293 550 1536 609 cuncta
1585 543 1957 624 magnifice,
1991 543 2297 628 impensa
2338 543 2574 611 matris
2625 562 2706 619 ac

521 644 786 714 vitrici.'‘
874 647 1338 732 Agrippinam,
1370 647 1470 712 M.
1500 645 1808 732 Agrippa
1837 645 2207 730 genitam,³¹
2253 656 2523 731 neptem
2558 647 2708 715 Cae-

521 751 659 821 cilii
688 758 718 803 4
765 749 1044 817 Attici¹¹¹
1093 748 1364 833 Equitis
1413 750 1732 829 Romani,
1785 751 1871 816 ad
1917 771 2114 833 quem
2164 758 2321 819 sunt
2373 750 2708 821 Ciceronis

522 854 876 938 epistolae,⁵
905 862 932 889 ¹¹
969 838 1184 920 'duxit
1230 873 1544 919 uxorem:
1593 853 1991 936 sublatoque
2035 873 2123 918 ex
2166 875 2247 921 ea
2291 854 2429 918 filio
2462 854 2710 930 Druse,

523 977 900 1041 quanquam
946 959 1114 1023 bene
1158 960 1684 1034 convenientem,
1726 957 2135 1042 rursusque⁶
2183 959 2552 1042 gravidam,
2610 957 2711 1022 di-

520 1061 793 1138 mittere,
828 1081 910 1126 ac
955 1061 1000 1126 J
1007 1061 1230 1140 uliam,
1262 1060 1550 1144 Augusti
1598 1059 1828 1137 filiam,
1860 1061 2215 1127 confestim
2257 1066 2710 1140 coactus-est?

524 1160 765 1229 ducere
793 1161 899 1224 :⁸³⁰
941 1184 1074 1229 non
1122 1165 1267 1227 sine
1320 1183 1563 1245 magno
1605 1182 1848 1245 angore
1892 1165 2118 1241 animi,
2165 1184 2315 1228 cum
2363 1169 2428 1228 et
2468 1160 2712 1245 Agrip-

523 1265 699 1348 pinae
729 1266 1209 1332 consuetudine
1257 1270 1609 1343 teneretur,
1641 1270 1708 1330 et
1737 1265 1782 1330 J
1790 1266 1945 1331 uliae
1990 1286 2216 1330 mores
2267 1267 2711 1349 improbaret3

525 1374 823 1453 utquam
867 1371 1189 1434 sensisset
1229 1370 1341 1439 sui
1369 1389 1637 1458 quoque
1681 1371 1806 1434 sub
1850 1371 2071 1453 priore
2113 1369 2350 1437 marito
2395 1374 2713 1451 appeten-

1370 400 1434 446 G.
1481 398 1840 449 SUETONII

1441 1581 1798 1604 OONJOOOONO

523 1726 748 1781 Wslker.
768 1726 831 1776 ad
856 1727 963 1778 Cic.
983 1728 1049 1778 de
1078 1728 1201 1781 Nat.
1223 1731 1386 1780 Deor.
1407 1745 1493 1782 ιιι.
1508 1736 1592 1782 24.
1616 1732 1891 1784 addicente
1910 1733 2038 1784 Cod.
2059 1733 2328 1797 Regia—2
2351 1733 2417 1782 Et
2437 1731 2539 1783 abs.
2560 1732 2719 1782 Fouc.

524 1792 654 1841 Mox
677 1808 770 1856 pro
790 1799 957 1844 cuncta
979 1794 1103 1843 daut
1129 1795 1286 1846 Polit.
1308 1798 1447 1845 Dun-
1473 1799 1601 1861 Cop.
1638 1802 1826 1860 agnita,
1859 1799 1977 1863 Cuj.
1999 1805 2196 1858 agunta,
2230 1797 2421 1847 Medic.
2446 1802 2491 1846 l.
2509 1799 2716 1859 cognita.

521 1858 693 1909 Deest
715 1857 827 1907 haec
849 1873 947 1909 vox
969 1859 1101 1908 Edd.
1129 1861 1274 1910 Rom.
1339 1863 1509 1913 Etiam
1531 1865 1721 1912 victrici
1743 1872 1955 1926 uterque
1987 1865 2140 1913 Vind.
2166 1863 2399 1912 Harlem.
2420 1863 2565 1912 Cort-
2588 1863 2718 1913 Edd.

522 1922 672 1975 Med.
697 1923 844 1972 Cald.
870 1925 1139 1974 Ven.Ald.
1183 1926 1573 1990 pluresque.—3
1610 1929 1810 1979 Desunt
1841 1931 1917 1978 M.
1953 1929 2078 1990 Agr.
2111 1945 2227 1991 gen.
2267 1930 2407 1989 Dun.
2445 1936 2500 1976 et
2540 1928 2709 1988 cuj.—

522 1991 555 2037 4
591 1987 679 2038 Ita
699 1988 825 2038 Mss.
848 1988 915 2038 Ο.
936 1990 1083 2038 Torr.
1108 1990 1312 2054 aliique.
1369 1993 1536 2042 Coecila·
1573 1994 1765 2044 Medic.
1785 1998 1831 2043 l.
1855 1999 1904 2045 3.
1949 1994 2201 2057 Pomponii
2217 1993 2330 2043 Act.
2360 1993 2594 2045 Harlem.
2621 1993 2718 2043 Pe·

523 2053 619 2104 riz.
640 2053 794 2101 vind.
813 2057 861 2103 2.
884 2054 1028 2104 Cort.
1052 2063 1105 2102 et
1134 2056 1264 2105 Edd.
1288 2058 1431 2109 Vett.
1453 2067 1647 2121 praeter
1668 2061 1848 2122 steph.
1873 2061 2089 2109 Casaub.
2111 2068 2166 2109 et
2191 2066 2415 2109 recentt.
2482 2059 2530 2107 E
2551 2059 2721 2121 glossa

522 2115 678 2166 fuisse
701 2117 892 2166 docent
915 2119 1029 2170 VV.
1057 2120 1184 2172 DD.
1217 2122 1434 2185 Pompeii
1473 2124 1570 2173 Ed.
1607 2126 1884 2186 Camp.-5
1920 2125 2094 2173 Verba
2114 2127 2176 2174 ad
2196 2141 2240 2188 q.
2261 2140 2303 2173 s.
2331 2126 2389 2174 C.
2414 2139 2455 2173 e.
2477 2139 2508 2172 e
2531 2126 2718 2182 glosse-

524 2190 663 2231 mate
698 2181 936 2245 profecta
969 2185 1188 2249 Baumg.
1218 2187 1573 2238 videntum—6
1604 2190 1689 2239 Sic
1716 2191 1911 2240 Medic.
1936 2190 2088 2241 vind.
2113 2191 2259 2241 Cort.
2285 2191 2444 2240 Fouc.
2467 2196 2524 2238 et
2544 2189 2719 2238 Burm.

527 2244 594 2294 Ο.
614 2261 749 2321 ’cum
791 2248 924 2297 Edd.
962 2249 1111 2298 Vett.
1174 2249 1254 2299 Al.
1291 2259 1622 2316 rursumq.—7
1659 2256 1823 2305 Abest
1865 2256 2073 2304 verbum
2112 2272 2142 2305 a
2180 2256 2396 2307 Memm.
2435 2254 2638 2305 Medic.
2672 2257 2717 2303 8.

529 2310 661 2360 Dein
692 2312 916 2373 languore
950 2324 1144 2377 praeter
1183 2322 1289 2366 tres
1324 2318 1471 2366 Torr.
1508 2319 1682 2374 Periz.
1724 2321 1960 2371 Harlem.
1984 2320 2138 2372 estin
2160 2321 2317 2375 Viud.
2349 2327 2394 2370 1.
2418 2320 2564 2371 Cort.
2588 2317 2721 2401 F3dd.

1523 2521 1734 2572 NOTAE

527 2665 708 2715 cedem
732 2668 1097 2733 praemiumque
1122 2683 1214 2733 pro
1237 2684 1394 2734 opera
1416 2670 1585 2735 pacis-

528 2743 606 2803 ci;
644 2751 700 2792 et
732 2746 990 2796 auctorati
1016 2747 1154 2811 ludo,
1178 2748 1423 2799 dicuntur
1454 2748 1582 2797 obli-

527 2819 637 2883 gati
675 2825 732 2870 et
769 2822 987 2883 astricti,
1028 2823 1116 2886 qui
1159 2838 1302 2874 suam
1341 2824 1391 2872 in
1436 2824 1583 2872 ludos

526 2909 735 2959 operam
756 2897 1051 2961 elocabant3
1072 2908 1127 2949 et
1145 2908 1585 2956 auctoramentum

526 2985 727 3021 merces
759 2981 862 3034 est,
896 2988 985 3023 seu
1019 2976 1189 3038 potius
1222 2976 1466 3040 obligatio
1490 2979 1584 3026 ali-

526 3047 667 3111 cujus
710 3050 783 3097 rei
840 3049 1093 3100 faciendae
1146 3053 1241 3100 sub
1286 3053 1582 3104 conditione

527 3131 687 3171 certae
711 3126 983 3175 mercedis.
1052 3128 1284 3179 Rudiarii
1314 3130 1473 3190 igitur
1507 3130 1585 3179 illi

528 3197 839 3259 gladiatores
873 3203 1100 3250 revocati
1139 3212 1259 3253 sunt
1295 3220 1323 3253 a
1353 3205 1583 3271 Tiberio,

528 3274 789 3336 promissis
820 3287 1027 3326 centum
1063 3279 1287 3329 millibus
1317 3285 1583 3332 sestertio-

524 3365 656 3411 rum,
678 3351 776 3400 hoc
794 3362 893 3414 est,
913 3357 1039 3404 43⁷5
1063 3356 1154 3404 lib.
1170 3360 1286 3421 quia
1312 3359 1583 3421 peritiores

528 3435 696 3492 erant,
719 3436 772 3478 et
798 3431 891 3479 hac
915 3439 1064 3494 parte
1088 3434 1397 3485 celebriores
1438 3438 1583 3487 ludos

526 3501 782 3562 effecturi,
816 3516 871 3554 ut
908 3516 962 3557 et
986 3509 1051 3558 de
1077 3509 1311 3562 Caesare:
1350 3528 1506 3577 supra
1531 3516 1582 3567 iu

524 3577 667 3631 Julio
691 3596 737 3630 c.
760 3585 839 3631 26.

590 3655 613 3689 ¹¹
652 3658 848 3722 vitrici]
885 3659 1105 3723 Augusti
1132 3663 1353 3721 scilicet,
1387 3666 1474 3731 qui
1497 3668 1583 3717 Li·

524 3735 657 3785 viam
683 3737 789 3800 ejus
812 3745 1027 3786 matrem
1052 3739 1322 3805 conjugem
1343 3744 1585 3795 habebat.

525 3812 589 3861 In
617 3815 849 3876 Augusto
873 3830 919 3863 c.
943 3819 989 3866 8.

588 3886 602 3921 ¹
635 3890 971 3956 Agrippinam,
995 3895 1073 3945 M.
1093 3894 1312 3961 Agrippa
1339 3897 1581 3964 genitam]

524 3967 824 4030 Vipsanium
862 3970 997 4022 illam
1029 3977 1257 4037 appellat
1291 3976 1505 4028 Tacitus
1539 3992 1581 4027 1.

526 4040 712 4093 Annal.
741 4047 841 4095 Hic
856 4056 961 4097 tres
976 4052 1582 4122 uxot-esbabuerat,nep·

527 4125 632 4168 tem
657 4121 791 4172 illam
815 4124 999 4187 Attici,
1017 4128 1329 4179 conciliante
1356 4129 1581 4182 Antonio

525 4195 831 4256 Triumviro,
855 4201 1179 4262 Marcellam,
1204 4215 1257 4258 et
1280 4207 1490 4274 Juliam,
1513 4209 1581 4260 de

526 4273 714 4339 quibus
736 4275 788 4325 in
810 4274 1046 4340 Augusto
1069 4295 1113 4333 c.
1135 4285 1216 4332 63.

1728 2678 1763 2703 ¹¹·
1791 2669 1979 2718 C'oecilii
1998 2667 2185 2731 Attici]
2222 2666 2325 2715 Hic
2351 2669 2433 2715 est
2455 2664 2545 2713 ille
2569 2664 2722 2713 Pom-

1664 2747 1846 2812 ponius
1871 2746 2098 2800 Atticus,
2120 2744 2207 2809 qui
2229 2741 2424 2793 Caecilii
2444 2755 2635 2790 nomen
2657 2739 2721 2790 ab

1664 2823 1922 2872 avunculo
1943 2821 2220 2885 adoptatus
2245 2818 2471 2883 accepit,
2492 2817 2722 2881 quamvis

1665 2902 1835 2965 priore
1878 2899 2047 2949 notior
2107 2897 2282 2947 fuerit.
2371 2896 2722 2945 Doctissimus

1665 2992 1766 3029 una
1804 2984 1858 3027 et
1894 2974 2226 3040 politissimus
2262 2973 2347 3022 ille
2384 2972 2726 3037 Pomponius,

1664 3055 1811 3119 cujus
1836 3054 1990 3102 vitam
2013 3052 2217 3113 scripsit
2238 3049 2505 3099 Cornelius
2526 3049 2725 3111 Nepos.

1728 3138 1752 3164 ¹²
1778 3121 2020 3180 Ciceronis
2042 3125 2277 3191 epistole]
2316 3125 2395 3175 De
2422 3125 2613 3189 quibus
2636 3126 2723 3173 Se·

1665 3221 1793 3258 neca
1807 3207 2047 3270 Epistola
2064 3210 2148 3255 21.
2168 3204 2183 3230 ‘
2208 3203 2405 3252 Nomen
2421 3201 2593 3251 Attici
2614 3217 2724 3267 per·

1667 3284 1739 3332 ire
1786 3284 2048 3334 Ciceronis
2090 3280 2340 3345 Epistolae
2389 3292 2489 3326 non
2532 3278 2722 3327 sinunt.

1666 3360 1811 3412 Nihil
1852 3360 1921 3408 illi
1966 3355 2238 3420 profuisset
2273 3369 2432 3418 gener
2468 3354 2721 3419 Agrippa,

1662 3438 1897 3494 Tiberius
1935 3448 2205 3499 progener,
2234 3439 2287 3481 et
2314 3422 2519 3479 ‘Drusus
2546 3429 2722 3479 Caesar

1665 3530 1828 3578 nepos
1867 3513 2089 3579 (Tiberii
2127 3523 2314 3573 nempe
2334 3506 2490 3571 filius,
2529 3507 2598 3555 de
2625 3521 2722 3571 quo

1664 3593 1762 3642 hoc
1787 3588 1988 3658 capite)
2012 3590 2148 3637 inter
2172 3597 2276 3636 tam
2308 3596 2494 3646 magua
2514 3584 2722 3632 nomina

1666 3678 1949 3730 taceretur,
1992 3666 2089 3715 nisi
2144 3663 2328 3714 Cicero
2373 3661 2515 3710 illum
2561 3660 2722 3724 appli-

1664 3743 1896 3796 ruisset!

1730 3829 1753 3853 ⁰
1790 3823 1992 3870 Coactus
2029 3823 2099 3867 est
2131 3811 2321 3875 ducere]
2367 3810 2506 3860 Vide
2533 3825 2720 3873 *causas

1666 3900 1721 3948 in
1745 3896 1979 3957 Augusto
2003 3909 2048 3944 c.
2070 3897 2152 3942 63.
2211 3888 2437 3940 Dimissa
2461 3901 2490 3935 a
2511 3886 2719 3936 Tiberio

1665 3975 1932 4039 Vipsania,
1977 3969 2269 4033 Agrippina
2319 3964 2495 4028 nupsit
2541 3962 2719 4012 Asinio

1664 4051 1819 4104 Gallo
1844 4047 2093 4099 Pollionis
2130 4045 2252 4107 filio,
2280 4040 2486 4107 Virgilii
2521 4053 2717 4105 quoque

1663 4128 1905 4193 operibus
1926 4126 2084 4189 claro,
2108 4129 2166 4171 ut
2199 4135 2357 4186 supra
2380 4126 2619 4169 notatum
2643 4122 2716 4166 est

1661 4208 1715 4258 in
1739 4205 1772 4256 J
1780 4206 1898 4254 ulio.

1726 4283 1756 4314 ''
1790 4284 1851 4333 A.
1877 4280 1946 4332 U·
1971 4278 2031 4332 C.
2067 4280 2180 4328 744.
