<?xml version="1.0" encoding="UTF-8"?>
<!DOCTYPE html PUBLIC "-//W3C//DTD XHTML 1.0 Transitional//EN"
    "http://www.w3.org/TR/xhtml1/DTD/xhtml1-transitional.dtd">
<html xmlns="http://www.w3.org/1999/xhtml" xml:lang="en" lang="en">
 <head>
  <title>
</title>
<meta http-equiv="Content-Type" content="text/html;charset=utf-8" />
  <meta name='ocr-system' content='tesseract 3.04.00' />
  <meta name='ocr-capabilities' content='ocr_page ocr_carea ocr_par ocr_line ocrx_word'/>
</head>
<body>
  <div class='ocr_page' id='page_1' title='image "./operaomniaexedi04suetgoog/operaomniaexedi04suetgoog_0538.png"; bbox 0 0 3019 4922; ppageno 0'>
   <div class='ocr_carea' id='block_1_1' title="bbox 473 382 606 452">
    <p class='ocr_par' dir='ltr' id='par_1_1' title="bbox 473 382 606 452">
     <span class='ocr_line' id='line_1_1' title="bbox 473 382 606 452; baseline -0.015 -1"><span class='ocrx_word' id='word_1_1' title='bbox 473 382 606 452; x_wconf 79' lang='lat'><strong>526</strong></span> 
     </span>
    </p>
   </div>
   <div class='ocr_carea' id='block_1_2' title="bbox 474 544 2677 1561">
    <p class='ocr_par' dir='ltr' id='par_1_2' title="bbox 474 544 2677 1561">
     <span class='ocr_line' id='line_1_2' title="bbox 475 544 2666 624; baseline 0.001 -11"><span class='ocrx_word' id='word_1_2' title='bbox 475 546 770 613; x_wconf 84' lang='lat' dir='ltr'><strong>formicis</strong></span> <span class='ocrx_word' id='word_1_3' title='bbox 796 545 1182 624; x_wconf 86' lang='lat' dir='ltr'><strong>invenisset,</strong></span> <span class='ocrx_word' id='word_1_4' title='bbox 1225 546 1509 616; x_wconf 90' lang='lat' dir='ltr'><strong>monitus</strong></span> <span class='ocrx_word' id='word_1_5' title='bbox 1552 553 1679 624; x_wconf 91' lang='lat' dir='ltr'><strong>est,</strong></span> <span class='ocrx_word' id='word_1_6' title='bbox 1724 552 1796 611; x_wconf 89' lang='lat' dir='ltr'><strong>ut</strong></span> <span class='ocrx_word' id='word_1_7' title='bbox 1839 544 1972 610; x_wconf 81' lang='lat' dir='ltr'><strong>vim</strong></span> <span class='ocrx_word' id='word_1_8' title='bbox 2004 545 2446 613; x_wconf 86' lang='lat' dir='ltr'><strong>multitudinis</strong></span> <span class='ocrx_word' id='word_1_9' title='bbox 2475 555 2666 615; x_wconf 84' lang='lat' dir='ltr'><strong>cave-</strong></span> 
     </span>
     <span class='ocr_line' id='line_1_3' title="bbox 475 648 2667 733; baseline 0 -17"><span class='ocrx_word' id='word_1_10' title='bbox 475 658 592 716; x_wconf 89' lang='lat' dir='ltr'><strong>ret.</strong></span> <span class='ocrx_word' id='word_1_11' title='bbox 682 650 984 715; x_wconf 81' lang='lat' dir='ltr'><strong>Rediens</strong></span> <span class='ocrx_word' id='word_1_12' title='bbox 1028 669 1188 731; x_wconf 88' lang='lat' dir='ltr'><strong>ergo</strong></span> <span class='ocrx_word' id='word_1_13' title='bbox 1219 669 1497 733; x_wconf 83' lang='lat' dir='ltr'><strong>propere</strong></span> <span class='ocrx_word' id='word_1_14' title='bbox 1518 648 1542 687; x_wconf 79' lang='lat'>⁸</span> <span class='ocrx_word' id='word_1_15' title='bbox 1589 648 2097 733; x_wconf 80' lang='lat' dir='ltr'><strong>Campaniam,“¹</strong></span> <span class='ocrx_word' id='word_1_16' title='bbox 2128 649 2398 715; x_wconf 76' lang='lat' dir='ltr'><strong>Asturae</strong></span> <span class='ocrx_word' id='word_1_17' title='bbox 2426 653 2497 716; x_wconf 92' lang='lat' dir='ltr'><strong>in</strong></span> <span class='ocrx_word' id='word_1_18' title='bbox 2525 651 2667 717; x_wconf 82' lang='lat' dir='ltr'><strong>lan-</strong></span> 
     </span>
     <span class='ocr_line' id='line_1_4' title="bbox 474 752 2671 838; baseline 0 -19"><span class='ocrx_word' id='word_1_19' title='bbox 474 774 750 838; x_wconf 82' lang='lat' dir='ltr'><strong>guorem</strong></span> <span class='ocrx_word' id='word_1_20' title='bbox 793 753 1067 820; x_wconf 84' lang='lat' dir='ltr'>incidit:</span> <span class='ocrx_word' id='word_1_21' title='bbox 1112 773 1248 838; x_wconf 91' lang='lat' dir='ltr'><strong>quo</strong></span> <span class='ocrx_word' id='word_1_22' title='bbox 1301 754 1578 837; x_wconf 90' lang='lat' dir='ltr'><strong>paulum</strong></span> <span class='ocrx_word' id='word_1_23' title='bbox 1626 755 1893 830; x_wconf 78' lang='lat' dir='ltr'><strong>levatus</strong></span> <span class='ocrx_word' id='word_1_24' title='bbox 1944 752 2289 819; x_wconf 89' lang='lat' dir='ltr'><strong>Circeios⁹</strong></span> <span class='ocrx_word' id='word_1_25' title='bbox 2327 755 2671 838; x_wconf 79' lang='lat' dir='ltr'><strong>pertendit.</strong></span> 
     </span>
     <span class='ocr_line' id='line_1_5' title="bbox 476 855 2672 940; baseline 0.001 -19"><span class='ocrx_word' id='word_1_26' title='bbox 476 856 585 922; x_wconf 87' lang='lat' dir='ltr'><strong>Ac</strong></span> <span class='ocrx_word' id='word_1_27' title='bbox 623 877 706 921; x_wconf 91' lang='lat' dir='ltr'><strong>ne</strong></span> <span class='ocrx_word' id='word_1_28' title='bbox 759 876 960 940; x_wconf 88' lang='lat' dir='ltr'><strong>quam</strong></span> <span class='ocrx_word' id='word_1_29' title='bbox 1013 855 1473 940; x_wconf 78' lang='lat' dir='ltr'><strong>suspicionem‘</strong></span> <span class='ocrx_word' id='word_1_30' title='bbox 1528 855 1927 921; x_wconf 84' lang='lat' dir='ltr'><strong>infirmitatis</strong></span> <span class='ocrx_word' id='word_1_31' title='bbox 1972 855 2184 936; x_wconf 88' lang='lat' dir='ltr'><strong>daret,</strong></span> <span class='ocrx_word' id='word_1_32' title='bbox 2223 859 2672 924; x_wconf 82' lang='lat' dir='ltr'><strong>castrensibus</strong></span> 
     </span>
     <span class='ocr_line' id='line_1_6' title="bbox 475 959 2673 1051; baseline 0.001 -27"><span class='ocrx_word' id='word_1_33' title='bbox 475 959 701 1051; x_wconf 71' lang='lat' dir='ltr'><strong>ludis¹²</strong></span> <span class='ocrx_word' id='word_1_34' title='bbox 728 980 857 1025; x_wconf 91' lang='lat' dir='ltr'><strong>non</strong></span> <span class='ocrx_word' id='word_1_35' title='bbox 884 965 1136 1024; x_wconf 87' lang='lat' dir='ltr'><strong>tantum</strong></span> <span class='ocrx_word' id='word_1_36' title='bbox 1167 959 1539 1039; x_wconf 84' lang='lat' dir='ltr'><strong>interfuit,¹0</strong></span> <span class='ocrx_word' id='word_1_37' title='bbox 1586 959 1703 1024; x_wconf 89' lang='lat' dir='ltr'><strong>sed</strong></span> <span class='ocrx_word' id='word_1_38' title='bbox 1749 959 1953 1023; x_wconf 87' lang='lat' dir='ltr'><strong>etiam</strong></span> <span class='ocrx_word' id='word_1_39' title='bbox 1996 959 2283 1025; x_wconf 88' lang='lat' dir='ltr'><strong>missum</strong></span> <span class='ocrx_word' id='word_1_40' title='bbox 2312 961 2382 1024; x_wconf 90' lang='lat' dir='ltr'><strong>in</strong></span> <span class='ocrx_word' id='word_1_41' title='bbox 2412 965 2673 1026; x_wconf 78' lang='lat' dir='ltr'><strong>arenam</strong></span> 
     </span>
     <span class='ocr_line' id='line_1_7' title="bbox 478 1057 2672 1147; baseline 0 -20"><span class='ocrx_word' id='word_1_42' title='bbox 478 1081 707 1146; x_wconf 89' lang='lat' dir='ltr'><strong>aprum</strong></span> <span class='ocrx_word' id='word_1_43' title='bbox 728 1062 978 1146; x_wconf 87' lang='lat' dir='ltr'><strong>jaculis</strong></span> <span class='ocrx_word' id='word_1_44' title='bbox 1007 1063 1296 1146; x_wconf 87' lang='lat' dir='ltr'><strong>desuper</strong></span> <span class='ocrx_word' id='word_1_45' title='bbox 1338 1063 1568 1147; x_wconf 84' lang='lat' dir='ltr'><strong>petiit:</strong></span> <span class='ocrx_word' id='word_1_46' title='bbox 1614 1057 1970 1145; x_wconf 83' lang='lat' dir='ltr'><strong>statimque</strong></span> <span class='ocrx_word' id='word_1_47' title='bbox 2010 1061 2259 1127; x_wconf 89' lang='lat' dir='ltr'><strong>latere¹</strong></span> <span class='ocrx_word' id='word_1_48' title='bbox 2293 1063 2672 1141; x_wconf 86' lang='lat' dir='ltr'><strong>convulso,⁰</strong></span> 
     </span>
     <span class='ocr_line' id='line_1_8' title="bbox 478 1165 2674 1247; baseline 0 -18"><span class='ocrx_word' id='word_1_49' title='bbox 478 1172 571 1243; x_wconf 88' lang='lat' dir='ltr'><strong>et,</strong></span> <span class='ocrx_word' id='word_1_50' title='bbox 599 1169 677 1230; x_wconf 88' lang='lat' dir='ltr'><strong>ut</strong></span> <span class='ocrx_word' id='word_1_51' title='bbox 703 1171 1136 1242; x_wconf 86' lang='lat' dir='ltr'><strong>exaestuarat,</strong></span> <span class='ocrx_word' id='word_1_52' title='bbox 1165 1165 1430 1230; x_wconf 86' lang='lat' dir='ltr'><strong>afflatus</strong></span> <span class='ocrx_word' id='word_1_53' title='bbox 1474 1185 1664 1244; x_wconf 86' lang='lat' dir='ltr'><strong>aura,</strong></span> <span class='ocrx_word' id='word_1_54' title='bbox 1708 1166 1778 1229; x_wconf 92' lang='lat' dir='ltr'><strong>in</strong></span> <span class='ocrx_word' id='word_1_55' title='bbox 1821 1165 2189 1247; x_wconf 83' lang='lat' dir='ltr'><strong>graviorem</strong></span> <span class='ocrx_word' id='word_1_56' title='bbox 2232 1165 2476 1231; x_wconf 89' lang='lat' dir='ltr'><strong>recidit</strong></span> <span class='ocrx_word' id='word_1_57' title='bbox 2504 1185 2674 1231; x_wconf 88' lang='lat' dir='ltr'><strong>mor·</strong></span> 
     </span>
     <span class='ocr_line' id='line_1_9' title="bbox 476 1262 2675 1355; baseline 0 -21"><span class='ocrx_word' id='word_1_58' title='bbox 476 1269 667 1334; x_wconf 75' lang='lat' dir='ltr'><strong>bum.</strong></span> <span class='ocrx_word' id='word_1_59' title='bbox 746 1268 1209 1335; x_wconf 58' lang='lat' dir='ltr'><strong>sustentavit?</strong></span> <span class='ocrx_word' id='word_1_60' title='bbox 1256 1275 1521 1335; x_wconf 86' lang='lat' dir='ltr'><strong>tamen²</strong></span> <span class='ocrx_word' id='word_1_61' title='bbox 1581 1268 2026 1355; x_wconf 82' lang='lat' dir='ltr'><strong>aliquamdiu,</strong></span> <span class='ocrx_word' id='word_1_62' title='bbox 2084 1262 2393 1353; x_wconf 70' lang='lat' dir='ltr'><strong>quamvis</strong></span> <span class='ocrx_word' id='word_1_63' title='bbox 2460 1268 2675 1334; x_wconf 87' lang='lat' dir='ltr'><strong>Misc-</strong></span> 
     </span>
     <span class='ocr_line' id='line_1_10' title="bbox 476 1371 2677 1457; baseline 0.001 -20"><span class='ocrx_word' id='word_1_64' title='bbox 476 1391 638 1438; x_wconf 88' lang='lat' dir='ltr'><strong>num</strong></span> <span class='ocrx_word' id='word_1_65' title='bbox 658 1379 685 1418; x_wconf 78' lang='lat'><strong>‘1</strong></span> <span class='ocrx_word' id='word_1_66' title='bbox 715 1391 925 1455; x_wconf 88' lang='lat' dir='ltr'><strong>usquc</strong></span> <span class='ocrx_word' id='word_1_67' title='bbox 951 1371 1262 1438; x_wconf 86' lang='lat' dir='ltr'><strong>devectus</strong></span> <span class='ocrx_word' id='word_1_68' title='bbox 1290 1374 1453 1438; x_wconf 88' lang='lat' dir='ltr'><strong>nihil</strong></span> <span class='ocrx_word' id='word_1_69' title='bbox 1475 1393 1563 1439; x_wconf 82' lang='lat' dir='ltr'><strong>ex</strong></span> <span class='ocrx_word' id='word_1_70' title='bbox 1591 1373 1823 1439; x_wconf 89' lang='lat' dir='ltr'><strong>ordine</strong></span> <span class='ocrx_word' id='word_1_71' title='bbox 1854 1371 2255 1456; x_wconf 85' lang='lat' dir='ltr'><strong>quotidiano</strong></span> <span class='ocrx_word' id='word_1_72' title='bbox 2284 1371 2677 1457; x_wconf 78' lang='lat' dir='ltr'><strong>praetermit-</strong></span> 
     </span>
     <span class='ocr_line' id='line_1_11' title="bbox 479 1474 2675 1561; baseline 0 -24"><span class='ocrx_word' id='word_1_73' title='bbox 479 1479 660 1552; x_wconf 90' lang='lat' dir='ltr'><strong>teret,</strong></span> <span class='ocrx_word' id='word_1_74' title='bbox 719 1494 804 1539; x_wconf 91' lang='lat' dir='ltr'><strong>ne</strong></span> <span class='ocrx_word' id='word_1_75' title='bbox 856 1475 1172 1540; x_wconf 81' lang='lat' dir='ltr'><strong>convivia</strong></span> <span class='ocrx_word' id='word_1_76' title='bbox 1215 1476 1483 1561; x_wconf 87' lang='lat' dir='ltr'><strong>quidem</strong></span> <span class='ocrx_word' id='word_1_77' title='bbox 1528 1497 1609 1543; x_wconf 89' lang='lat' dir='ltr'><strong>ac</strong></span> <span class='ocrx_word' id='word_1_78' title='bbox 1654 1483 1949 1543; x_wconf 86' lang='lat' dir='ltr'><strong>ceteras³</strong></span> <span class='ocrx_word' id='word_1_79' title='bbox 2002 1477 2404 1561; x_wconf 87' lang='lat' dir='ltr'><strong>voluptates,</strong></span> <span class='ocrx_word' id='word_1_80' title='bbox 2433 1474 2675 1560; x_wconf 87' lang='lat' dir='ltr'><strong>partim</strong></span> 
     </span>
    </p>
   </div>
   <div class='ocr_carea' id='block_1_3' title="bbox 1335 399 1806 452">
    <p class='ocr_par' dir='ltr' id='par_1_3' title="bbox 1335 399 1806 452">
     <span class='ocr_line' id='line_1_12' title="bbox 1335 399 1806 452; baseline 0 -5"><span class='ocrx_word' id='word_1_81' title='bbox 1335 401 1400 448; x_wconf 83' lang='grc' dir='ltr'><strong>Ο.</strong></span> <span class='ocrx_word' id='word_1_82' title='bbox 1446 399 1806 452; x_wconf 78' lang='lat' dir='ltr'>SUE&#39;I&#39;ONII</span> 
     </span>
    </p>
   </div>
   <div class='ocr_carea' id='block_1_4' title="bbox 1395 1657 1761 1684">
    <p class='ocr_par' dir='ltr' id='par_1_4' title="bbox 1395 1657 1761 1684">
     <span class='ocr_line' id='line_1_13' title="bbox 1395 1657 1761 1684; baseline 0 -5"><span class='ocrx_word' id='word_1_83' title='bbox 1395 1657 1761 1684; x_wconf 55' lang='lat' dir='ltr'><strong>ome-teme&amp;</strong></span> 
     </span>
    </p>
   </div>
   <div class='ocr_carea' id='block_1_5' title="bbox 442 1804 2682 2721">
    <p class='ocr_par' dir='ltr' id='par_1_5' title="bbox 442 1804 2682 2721">
     <span class='ocr_line' id='line_1_14' title="bbox 479 1804 2681 1874; baseline 0.002 -18"><span class='ocrx_word' id='word_1_84' title='bbox 479 1806 525 1856; x_wconf 80' lang='lat' dir='ltr'><strong>ei</strong></span> <span class='ocrx_word' id='word_1_85' title='bbox 549 1821 580 1855; x_wconf 91' lang='lat' dir='ltr'><strong>a</strong></span> <span class='ocrx_word' id='word_1_86' title='bbox 609 1807 824 1858; x_wconf 82' lang='lat' dir='ltr'><strong>Merum.</strong></span> <span class='ocrx_word' id='word_1_87' title='bbox 858 1814 906 1858; x_wconf 85' lang='lat' dir='ltr'><strong>et</strong></span> <span class='ocrx_word' id='word_1_88' title='bbox 926 1807 1086 1858; x_wconf 88' lang='lat' dir='ltr'><strong>Vind.</strong></span> <span class='ocrx_word' id='word_1_89' title='bbox 1105 1813 1152 1859; x_wconf 87' lang='lat'><strong>1.</strong></span> <span class='ocrx_word' id='word_1_90' title='bbox 1217 1809 1349 1857; x_wconf 81' lang='lat' dir='ltr'><strong>Turn</strong></span> <span class='ocrx_word' id='word_1_91' title='bbox 1380 1822 1468 1857; x_wconf 79' lang='lat' dir='ltr'><strong>sua</strong></span> <span class='ocrx_word' id='word_1_92' title='bbox 1506 1822 1634 1860; x_wconf 81' lang='lat' dir='ltr'><strong>man.</strong></span> <span class='ocrx_word' id='word_1_93' title='bbox 1668 1807 1722 1858; x_wconf 90' lang='lat' dir='ltr'><strong>in</strong></span> <span class='ocrx_word' id='word_1_94' title='bbox 1759 1808 2058 1860; x_wconf 87' lang='lat' dir='ltr'><strong>eodem.-8</strong></span> <span class='ocrx_word' id='word_1_95' title='bbox 2095 1804 2452 1874; x_wconf 49' lang='lat' dir='ltr'><strong>Prope*Camp.</strong></span> <span class='ocrx_word' id='word_1_96' title='bbox 2474 1809 2681 1860; x_wconf 86' lang='lat' dir='ltr'><strong>Viterb.</strong></span> 
     </span>
     <span class='ocr_line' id='line_1_15' title="bbox 479 1871 2682 1941; baseline 0.002 -20"><span class='ocrx_word' id='word_1_97' title='bbox 479 1871 675 1923; x_wconf 85' lang='lat' dir='ltr'><strong>Medic.</strong></span> <span class='ocrx_word' id='word_1_98' title='bbox 700 1878 744 1922; x_wconf 85' lang='lat'><strong>1.</strong></span> <span class='ocrx_word' id='word_1_99' title='bbox 768 1874 882 1925; x_wconf 88' lang='lat' dir='ltr'><strong>Pal.</strong></span> <span class='ocrx_word' id='word_1_100' title='bbox 905 1878 955 1923; x_wconf 88' lang='lat'><strong>1.</strong></span> <span class='ocrx_word' id='word_1_101' title='bbox 982 1874 1116 1923; x_wconf 87' lang='lat' dir='ltr'><strong>Edd.</strong></span> <span class='ocrx_word' id='word_1_102' title='bbox 1149 1874 1294 1923; x_wconf 85' lang='lat' dir='ltr'><strong>Rom.</strong></span> <span class='ocrx_word' id='word_1_103' title='bbox 1316 1874 1451 1924; x_wconf 87' lang='lat' dir='ltr'><strong>Ven.</strong></span> <span class='ocrx_word' id='word_1_104' title='bbox 1485 1879 1535 1923; x_wconf 89' lang='grc'><strong>1.</strong></span> <span class='ocrx_word' id='word_1_105' title='bbox 1570 1882 1626 1922; x_wconf 88' lang='lat' dir='ltr'><strong>et</strong></span> <span class='ocrx_word' id='word_1_106' title='bbox 1664 1888 1811 1938; x_wconf 88' lang='lat' dir='ltr'><strong>seqq.</strong></span> <span class='ocrx_word' id='word_1_107' title='bbox 1850 1889 2010 1941; x_wconf 87' lang='lat' dir='ltr'><strong>nsque</strong></span> <span class='ocrx_word' id='word_1_108' title='bbox 2046 1875 2110 1924; x_wconf 87' lang='lat' dir='ltr'><strong>ad</strong></span> <span class='ocrx_word' id='word_1_109' title='bbox 2144 1874 2366 1925; x_wconf 80' lang='lat' dir='ltr'><strong>casaub.</strong></span> <span class='ocrx_word' id='word_1_110' title='bbox 2401 1890 2595 1938; x_wconf 79' lang='lat' dir='ltr'><strong>propere</strong></span> <span class='ocrx_word' id='word_1_111' title='bbox 2629 1876 2682 1925; x_wconf 75' lang='lat' dir='ltr'><strong>in</strong></span> 
     </span>
     <span class='ocr_line' id='line_1_16' title="bbox 484 1937 2677 2003; baseline 0.002 -18"><span class='ocrx_word' id='word_1_112' title='bbox 484 1938 651 2001; x_wconf 75' lang='lat' dir='ltr'><strong>Camp-</strong></span> <span class='ocrx_word' id='word_1_113' title='bbox 671 1937 814 1990; x_wconf 79' lang='lat' dir='ltr'><strong>Aust.</strong></span> <span class='ocrx_word' id='word_1_114' title='bbox 833 1939 946 1988; x_wconf 86' lang='lat' dir='ltr'><strong>cod.</strong></span> <span class='ocrx_word' id='word_1_115' title='bbox 969 1940 1090 1988; x_wconf 87' lang='lat' dir='ltr'><strong>Urs.</strong></span> <span class='ocrx_word' id='word_1_116' title='bbox 1125 1940 1222 1989; x_wconf 89' lang='lat' dir='ltr'><strong>Ed.</strong></span> <span class='ocrx_word' id='word_1_117' title='bbox 1261 1939 1442 2002; x_wconf 88' lang='lat' dir='ltr'><strong>Steph.</strong></span> <span class='ocrx_word' id='word_1_118' title='bbox 1476 1953 1565 2002; x_wconf 83' lang='lat' dir='ltr'><strong>per</strong></span> <span class='ocrx_word' id='word_1_119' title='bbox 1589 1939 1754 2001; x_wconf 84' lang='lat' dir='ltr'><strong>Camp.</strong></span> <span class='ocrx_word' id='word_1_120' title='bbox 1786 1941 1947 1989; x_wconf 89' lang='lat' dir='ltr'><strong>Polit.</strong></span> <span class='ocrx_word' id='word_1_121' title='bbox 2014 1939 2155 1988; x_wconf 85' lang='lat' dir='ltr'><strong>Dein</strong></span> <span class='ocrx_word' id='word_1_122' title='bbox 2177 1940 2345 1989; x_wconf 81' lang='lat' dir='ltr'><strong>statim</strong></span> <span class='ocrx_word' id='word_1_123' title='bbox 2367 1947 2485 2003; x_wconf 87' lang='lat' dir='ltr'><strong>post</strong></span> <span class='ocrx_word' id='word_1_124' title='bbox 2504 1940 2677 1991; x_wconf 76' lang='lat' dir='ltr'><strong>Astur.</strong></span> 
     </span>
     <span class='ocr_line' id='line_1_17' title="bbox 477 2003 2679 2066; baseline 0.002 -15"><span class='ocrx_word' id='word_1_125' title='bbox 477 2004 711 2066; x_wconf 83' lang='lat' dir='ltr'><strong>reposuit</strong></span> <span class='ocrx_word' id='word_1_126' title='bbox 735 2004 889 2054; x_wconf 87' lang='lat' dir='ltr'><strong>Grut.</strong></span> <span class='ocrx_word' id='word_1_127' title='bbox 921 2019 984 2052; x_wconf 85' lang='lat' dir='ltr'><strong>ex</strong></span> <span class='ocrx_word' id='word_1_128' title='bbox 1012 2004 1127 2053; x_wconf 87' lang='lat' dir='ltr'><strong>trib.</strong></span> <span class='ocrx_word' id='word_1_129' title='bbox 1151 2003 1348 2054; x_wconf 87' lang='lat' dir='ltr'><strong>Medic.</strong></span> <span class='ocrx_word' id='word_1_130' title='bbox 1381 2012 1436 2053; x_wconf 86' lang='lat' dir='ltr'><strong>et</strong></span> <span class='ocrx_word' id='word_1_131' title='bbox 1465 2004 1794 2054; x_wconf 87' lang='lat' dir='ltr'><strong>retinuerunt</strong></span> <span class='ocrx_word' id='word_1_132' title='bbox 1817 2005 1980 2055; x_wconf 82' lang='lat' dir='ltr'><strong>Gron.</strong></span> <span class='ocrx_word' id='word_1_133' title='bbox 1997 2004 2156 2054; x_wconf 84' lang='lat' dir='ltr'><strong>Wolf.</strong></span> <span class='ocrx_word' id='word_1_134' title='bbox 2224 2005 2286 2054; x_wconf 90' lang='lat' dir='ltr'><strong>In</strong></span> <span class='ocrx_word' id='word_1_135' title='bbox 2310 2006 2499 2055; x_wconf 82' lang='lat' dir='ltr'><strong>ceteris</strong></span> <span class='ocrx_word' id='word_1_136' title='bbox 2523 2004 2679 2055; x_wconf 82' lang='lat' dir='ltr'><strong>editis</strong></span> 
     </span>
     <span class='ocr_line' id='line_1_18' title="bbox 479 2061 2678 2199; baseline 0.001 -18"><span class='ocrx_word' id='word_1_137' title='bbox 479 2068 1451 2198; x_wconf 33' lang='lat' dir='ltr'><strong>{230‘212‘³21?;?‘5‚;2.⁰;2²⁶25;p¹aaz&amp;</strong></span> <span class='ocrx_word' id='word_1_138' title='bbox 1476 2061 2526 2199; x_wconf 36' lang='lat' dir='ltr'><strong>⁶1⁰¹?‚53J535903m3&amp;ssiu-{iffi}</strong></span> <span class='ocrx_word' id='word_1_139' title='bbox 2540 2070 2678 2185; x_wconf 61' lang='grc' dir='ltr'><strong>ἓῖῗ·</strong></span> 
     </span>
     <span class='ocr_line' id='line_1_19' title="bbox 442 2189 2681 2264; baseline 0.003 -20"><span class='ocrx_word' id='word_1_140' title='bbox 442 2189 451 2194; x_wconf 63' lang='grc'><em>“</em></span> <span class='ocrx_word' id='word_1_141' title='bbox 475 2196 600 2247; x_wconf 87' lang='lat' dir='ltr'><strong>lem.</strong></span> <span class='ocrx_word' id='word_1_142' title='bbox 635 2200 786 2248; x_wconf 81' lang='lat' dir='ltr'><strong>Voss.</strong></span> <span class='ocrx_word' id='word_1_143' title='bbox 809 2201 942 2249; x_wconf 86' lang='lat' dir='ltr'><strong>Ven.</strong></span> <span class='ocrx_word' id='word_1_144' title='bbox 968 2205 1014 2248; x_wconf 86' lang='lat' dir='ltr'><strong>l.</strong></span> <span class='ocrx_word' id='word_1_145' title='bbox 1037 2214 1131 2249; x_wconf 81' lang='lat' dir='ltr'><strong>non</strong></span> <span class='ocrx_word' id='word_1_146' title='bbox 1166 2205 1288 2249; x_wconf 79' lang='lat' dir='ltr'><strong>tant.</strong></span> <span class='ocrx_word' id='word_1_147' title='bbox 1318 2199 1485 2258; x_wconf 67' lang='lat' dir='ltr'><strong>interf.</strong></span> <span class='ocrx_word' id='word_1_148' title='bbox 1519 2200 1667 2248; x_wconf 83' lang='lat' dir='ltr'><strong>solum</strong></span> <span class='ocrx_word' id='word_1_149' title='bbox 1699 2199 1869 2262; x_wconf 80' lang='lat' dir='ltr'><strong>Lngd.</strong></span> <span class='ocrx_word' id='word_1_150' title='bbox 1907 2214 1999 2250; x_wconf 83' lang='lat' dir='ltr'><strong>non</strong></span> <span class='ocrx_word' id='word_1_151' title='bbox 2020 2198 2188 2264; x_wconf 79' lang='lat' dir='ltr'><strong>inter-s.</strong></span> <span class='ocrx_word' id='word_1_152' title='bbox 2208 2200 2354 2249; x_wconf 78' lang='lat' dir='ltr'><strong>solam</strong></span> <span class='ocrx_word' id='word_1_153' title='bbox 2378 2199 2503 2250; x_wconf 90' lang='lat' dir='ltr'><strong>Sab.</strong></span> <span class='ocrx_word' id='word_1_154' title='bbox 2535 2200 2681 2251; x_wconf 87' lang='lat' dir='ltr'><strong>Cald.</strong></span> 
     </span>
     <span class='ocr_line' id='line_1_20' title="bbox 478 2262 2679 2328; baseline 0.001 -18"><span class='ocrx_word' id='word_1_155' title='bbox 478 2262 628 2312; x_wconf 87' lang='lat' dir='ltr'><strong>Med.</strong></span> <span class='ocrx_word' id='word_1_156' title='bbox 656 2264 896 2328; x_wconf 84' lang='lat' dir='ltr'><strong>aliaeque,</strong></span> <span class='ocrx_word' id='word_1_157' title='bbox 927 2264 1087 2314; x_wconf 86' lang='lat' dir='ltr'><strong>etiam</strong></span> <span class='ocrx_word' id='word_1_158' title='bbox 1110 2265 1289 2314; x_wconf 76' lang='lat' dir='ltr'><strong>Burin.</strong></span> <span class='ocrx_word' id='word_1_159' title='bbox 1323 2264 1500 2313; x_wconf 87' lang='lat' dir='ltr'><strong>Nostr.</strong></span> <span class='ocrx_word' id='word_1_160' title='bbox 1525 2264 1645 2314; x_wconf 86' lang='lat' dir='ltr'><strong>lect.</strong></span> <span class='ocrx_word' id='word_1_161' title='bbox 1673 2263 1881 2315; x_wconf 85' lang='lat' dir='ltr'><strong>refinxit</strong></span> <span class='ocrx_word' id='word_1_162' title='bbox 1905 2264 2045 2314; x_wconf 87' lang='lat' dir='ltr'><strong>Oud.</strong></span> <span class='ocrx_word' id='word_1_163' title='bbox 2077 2280 2191 2314; x_wconf 87' lang='lat' dir='ltr'><strong>curn</strong></span> <span class='ocrx_word' id='word_1_164' title='bbox 2217 2264 2351 2314; x_wconf 89' lang='lat' dir='ltr'><strong>Edd.</strong></span> <span class='ocrx_word' id='word_1_165' title='bbox 2376 2265 2526 2315; x_wconf 85' lang='lat' dir='ltr'><strong>Rom.</strong></span> <span class='ocrx_word' id='word_1_166' title='bbox 2547 2266 2679 2314; x_wconf 90' lang='lat' dir='ltr'><strong>Bon.</strong></span> 
     </span>
     <span class='ocr_line' id='line_1_21' title="bbox 477 2325 2680 2394; baseline 0.003 -21"><span class='ocrx_word' id='word_1_167' title='bbox 477 2325 648 2375; x_wconf 86' lang='lat' dir='ltr'><strong>Paris.</strong></span> <span class='ocrx_word' id='word_1_168' title='bbox 666 2335 719 2377; x_wconf 86' lang='lat' dir='ltr'><strong>et</strong></span> <span class='ocrx_word' id='word_1_169' title='bbox 743 2328 908 2378; x_wconf 88' lang='lat' dir='ltr'><strong>Codd.</strong></span> <span class='ocrx_word' id='word_1_170' title='bbox 930 2329 1119 2379; x_wconf 88' lang='lat' dir='ltr'><strong>multis.</strong></span> <span class='ocrx_word' id='word_1_171' title='bbox 1186 2328 1324 2378; x_wconf 87' lang='lat' dir='ltr'><strong>Dein</strong></span> <span class='ocrx_word' id='word_1_172' title='bbox 1357 2330 1519 2392; x_wconf 82' lang='lat' dir='ltr'><strong>desup.</strong></span> <span class='ocrx_word' id='word_1_173' title='bbox 1540 2328 1642 2390; x_wconf 73' lang='lat' dir='ltr'><strong>jac.</strong></span> <span class='ocrx_word' id='word_1_174' title='bbox 1667 2329 1825 2379; x_wconf 77' lang='lat' dir='ltr'><strong>vind.</strong></span> <span class='ocrx_word' id='word_1_175' title='bbox 1849 2334 1896 2379; x_wconf 91' lang='lat'><strong>1.</strong></span> <span class='ocrx_word' id='word_1_176' title='bbox 1925 2329 2048 2393; x_wconf 78' lang='lat' dir='ltr'><strong>petit</strong></span> <span class='ocrx_word' id='word_1_177' title='bbox 2081 2330 2275 2380; x_wconf 80' lang='lat' dir='ltr'><strong>Medic.</strong></span> <span class='ocrx_word' id='word_1_178' title='bbox 2300 2333 2349 2378; x_wconf 79' lang='lat'><strong>3.</strong></span> <span class='ocrx_word' id='word_1_179' title='bbox 2371 2330 2502 2394; x_wconf 87' lang='lat' dir='ltr'><strong>Cop.</strong></span> <span class='ocrx_word' id='word_1_180' title='bbox 2526 2330 2680 2379; x_wconf 87' lang='lat' dir='ltr'><strong>Huls.</strong></span> 
     </span>
     <span class='ocr_line' id='line_1_22' title="bbox 468 2390 2678 2457; baseline 0.002 -18"><span class='ocrx_word' id='word_1_181' title='bbox 468 2390 589 2451; x_wconf 63' lang='lat' dir='ltr'><strong>,fecit</strong></span> <span class='ocrx_word' id='word_1_182' title='bbox 620 2392 815 2443; x_wconf 86' lang='lat' dir='ltr'><strong>Medic.</strong></span> <span class='ocrx_word' id='word_1_183' title='bbox 839 2398 939 2443; x_wconf 90' lang='lat' dir='ltr'><strong>1.a</strong></span> <span class='ocrx_word' id='word_1_184' title='bbox 962 2409 1027 2443; x_wconf 90' lang='lat' dir='ltr'><strong>m.</strong></span> <span class='ocrx_word' id='word_1_185' title='bbox 1060 2399 1234 2455; x_wconf 88' lang='lat' dir='ltr'><strong>pr.—l</strong></span> <span class='ocrx_word' id='word_1_186' title='bbox 1273 2395 1555 2444; x_wconf 79' lang='lat' dir='ltr'><strong>omittitur</strong></span> <span class='ocrx_word' id='word_1_187' title='bbox 1590 2395 1736 2443; x_wconf 79' lang='lat' dir='ltr'><strong>latere</strong></span> <span class='ocrx_word' id='word_1_188' title='bbox 1771 2393 1824 2443; x_wconf 90' lang='lat' dir='ltr'><strong>in</strong></span> <span class='ocrx_word' id='word_1_189' title='bbox 1865 2396 2005 2445; x_wconf 89' lang='lat' dir='ltr'><strong>Dnn.</strong></span> <span class='ocrx_word' id='word_1_190' title='bbox 2041 2394 2170 2457; x_wconf 81' lang='lat' dir='ltr'><strong>cnj.</strong></span> <span class='ocrx_word' id='word_1_191' title='bbox 2224 2395 2355 2442; x_wconf 91' lang='lat' dir='ltr'><strong>Tum</strong></span> <span class='ocrx_word' id='word_1_192' title='bbox 2377 2400 2433 2444; x_wconf 77' lang='lat' dir='ltr'><strong>at</strong></span> <span class='ocrx_word' id='word_1_193' title='bbox 2449 2400 2678 2444; x_wconf 61' lang='lat' dir='ltr'><strong>adamat</strong></span> 
     </span>
     <span class='ocr_line' id='line_1_23' title="bbox 481 2456 2680 2524; baseline 0.002 -18"><span class='ocrx_word' id='word_1_194' title='bbox 481 2456 641 2524; x_wconf 78' lang='lat' dir='ltr'><strong>Vind.</strong></span> <span class='ocrx_word' id='word_1_195' title='bbox 663 2463 718 2509; x_wconf 82' lang='lat'><strong>2.</strong></span> <span class='ocrx_word' id='word_1_196' title='bbox 748 2458 983 2508; x_wconf 89' lang='lat' dir='ltr'><strong>Harlem.</strong></span> <span class='ocrx_word' id='word_1_197' title='bbox 1018 2460 1148 2522; x_wconf 91' lang='lat' dir='ltr'><strong>Cop.</strong></span> <span class='ocrx_word' id='word_1_198' title='bbox 1185 2457 1322 2509; x_wconf 88' lang='lat' dir='ltr'><strong>Edd.</strong></span> <span class='ocrx_word' id='word_1_199' title='bbox 1344 2459 1479 2509; x_wconf 85' lang='lat' dir='ltr'><strong>Ven.</strong></span> <span class='ocrx_word' id='word_1_200' title='bbox 1499 2458 1648 2510; x_wconf 86' lang='lat' dir='ltr'><strong>Med.</strong></span> <span class='ocrx_word' id='word_1_201' title='bbox 1672 2458 1819 2508; x_wconf 88' lang='lat' dir='ltr'><strong>Cald.</strong></span> <span class='ocrx_word' id='word_1_202' title='bbox 1852 2465 2199 2510; x_wconf 67' lang='lat' dir='ltr'><strong>aestuaverat</strong></span> <span class='ocrx_word' id='word_1_203' title='bbox 2237 2459 2431 2510; x_wconf 86' lang='lat' dir='ltr'><strong>Medic.</strong></span> <span class='ocrx_word' id='word_1_204' title='bbox 2455 2465 2501 2510; x_wconf 87' lang='grc'><strong>1.</strong></span> <span class='ocrx_word' id='word_1_205' title='bbox 2535 2476 2680 2513; x_wconf 76' lang='lat' dir='ltr'><em>oeoeae-</em></span> 
     </span>
     <span class='ocr_line' id='line_1_24' title="bbox 476 2524 2677 2588; baseline 0.001 -17"><span class='ocrx_word' id='word_1_206' title='bbox 476 2527 659 2573; x_wconf 58' lang='lat' dir='ltr'><strong>,tuan-et</strong></span> <span class='ocrx_word' id='word_1_207' title='bbox 695 2524 840 2574; x_wconf 89' lang='lat' dir='ltr'><strong>Cort.</strong></span> <span class='ocrx_word' id='word_1_208' title='bbox 878 2524 1014 2574; x_wconf 86' lang='lat' dir='ltr'><strong>Edd.</strong></span> <span class='ocrx_word' id='word_1_209' title='bbox 1047 2525 1196 2575; x_wconf 89' lang='lat' dir='ltr'><strong>Rom.</strong></span> <span class='ocrx_word' id='word_1_210' title='bbox 1228 2524 1399 2573; x_wconf 80' lang='lat' dir='ltr'><strong>cecidit</strong></span> <span class='ocrx_word' id='word_1_211' title='bbox 1434 2525 1592 2574; x_wconf 83' lang='lat' dir='ltr'><strong>vind.</strong></span> <span class='ocrx_word' id='word_1_212' title='bbox 1617 2527 1763 2574; x_wconf 84' lang='lat'><strong>1.—2</strong></span> <span class='ocrx_word' id='word_1_213' title='bbox 1796 2525 1937 2574; x_wconf 89' lang='lat' dir='ltr'><strong>Dant</strong></span> <span class='ocrx_word' id='word_1_214' title='bbox 1959 2531 2115 2573; x_wconf 77' lang='lat' dir='ltr'><strong>tamen</strong></span> <span class='ocrx_word' id='word_1_215' title='bbox 2151 2525 2347 2575; x_wconf 86' lang='lat' dir='ltr'><strong>Medic.</strong></span> <span class='ocrx_word' id='word_1_216' title='bbox 2372 2525 2531 2575; x_wconf 79' lang='lat' dir='ltr'><strong>Pont.</strong></span> <span class='ocrx_word' id='word_1_217' title='bbox 2564 2526 2677 2588; x_wconf 85' lang='lat' dir='ltr'><strong>an.</strong></span> 
     </span>
     <span class='ocr_line' id='line_1_25' title="bbox 479 2586 2677 2655; baseline 0 -19"><span class='ocrx_word' id='word_1_218' title='bbox 479 2586 611 2651; x_wconf 87' lang='lat' dir='ltr'><strong>Cop.</strong></span> <span class='ocrx_word' id='word_1_219' title='bbox 627 2588 842 2640; x_wconf 89' lang='lat' dir='ltr'><strong>Memm.</strong></span> <span class='ocrx_word' id='word_1_220' title='bbox 906 2590 969 2639; x_wconf 91' lang='lat' dir='ltr'><strong>In</strong></span> <span class='ocrx_word' id='word_1_221' title='bbox 994 2590 1206 2654; x_wconf 88' lang='lat' dir='ltr'><strong>reliquis</strong></span> <span class='ocrx_word' id='word_1_222' title='bbox 1231 2596 1285 2639; x_wconf 89' lang='lat' dir='ltr'><strong>et</strong></span> <span class='ocrx_word' id='word_1_223' title='bbox 1311 2589 1443 2638; x_wconf 89' lang='lat' dir='ltr'><strong>Edd.</strong></span> <span class='ocrx_word' id='word_1_224' title='bbox 1460 2591 1609 2639; x_wconf 84' lang='lat' dir='ltr'><strong>Vett.</strong></span> <span class='ocrx_word' id='word_1_225' title='bbox 1634 2596 1845 2652; x_wconf 87' lang='lat' dir='ltr'><strong>except.</strong></span> <span class='ocrx_word' id='word_1_226' title='bbox 1870 2591 2001 2639; x_wconf 90' lang='lat' dir='ltr'><strong>Bon.</strong></span> <span class='ocrx_word' id='word_1_227' title='bbox 2024 2589 2205 2655; x_wconf 86' lang='lat' dir='ltr'><strong>Stepb.</strong></span> <span class='ocrx_word' id='word_1_228' title='bbox 2229 2588 2449 2640; x_wconf 79' lang='lat' dir='ltr'><strong>casaub.</strong></span> <span class='ocrx_word' id='word_1_229' title='bbox 2472 2593 2572 2638; x_wconf 65' lang='grc' dir='ltr'><strong>ἃς.</strong></span> <span class='ocrx_word' id='word_1_230' title='bbox 2592 2605 2677 2638; x_wconf 79' lang='lat' dir='ltr'><strong>au-</strong></span> 
     </span>
     <span class='ocr_line' id='line_1_26' title="bbox 480 2653 2680 2721; baseline 0.003 -22"><span class='ocrx_word' id='word_1_231' title='bbox 480 2655 690 2703; x_wconf 67' lang='lat' dir='ltr'><strong>rena—3</strong></span> <span class='ocrx_word' id='word_1_232' title='bbox 721 2653 827 2706; x_wconf 77' lang='lat' dir='ltr'><strong>Aut</strong></span> <span class='ocrx_word' id='word_1_233' title='bbox 856 2660 948 2704; x_wconf 81' lang='lat' dir='ltr'><strong>cet.</strong></span> <span class='ocrx_word' id='word_1_234' title='bbox 986 2654 1200 2704; x_wconf 84' lang='lat' dir='ltr'><strong>Merum.</strong></span> <span class='ocrx_word' id='word_1_235' title='bbox 1237 2663 1342 2705; x_wconf 89' lang='lat' dir='ltr'><strong>tres</strong></span> <span class='ocrx_word' id='word_1_236' title='bbox 1379 2654 1577 2705; x_wconf 89' lang='lat' dir='ltr'><strong>Medic.</strong></span> <span class='ocrx_word' id='word_1_237' title='bbox 1614 2654 1755 2704; x_wconf 90' lang='lat' dir='ltr'><strong>Duu.</strong></span> <span class='ocrx_word' id='word_1_238' title='bbox 1782 2655 1913 2720; x_wconf 86' lang='lat' dir='ltr'><strong>Cop.</strong></span> <span class='ocrx_word' id='word_1_239' title='bbox 1946 2655 2101 2705; x_wconf 87' lang='lat' dir='ltr'><strong>Voss.</strong></span> <span class='ocrx_word' id='word_1_240' title='bbox 2168 2655 2335 2721; x_wconf 86' lang='lat' dir='ltr'><strong>Supra</strong></span> <span class='ocrx_word' id='word_1_241' title='bbox 2364 2655 2680 2719; x_wconf 79' lang='lat' dir='ltr'><strong>proemitteret</strong></span> 
     </span>
    </p>
   </div>
   <div class='ocr_carea' id='block_1_6' title="bbox 479 2817 2682 3060">
    <p class='ocr_par' dir='ltr' id='par_1_6' title="bbox 479 2817 2682 3060">
     <span class='ocr_line' id='line_1_27' title="bbox 1462 2817 1689 2871; baseline 0 0"><span class='ocrx_word' id='word_1_242' title='bbox 1462 2817 1689 2871; x_wconf 79' lang='lat' dir='ltr'>NOTAE</span> 
     </span>
     <span class='ocr_line' id='line_1_28' title="bbox 543 2913 2681 2985; baseline 0 -17"><span class='ocrx_word' id='word_1_243' title='bbox 543 2924 581 2950; x_wconf 57' lang='grc' dir='ltr'>ὓ</span> <span class='ocrx_word' id='word_1_244' title='bbox 614 2917 823 2968; x_wconf 79' lang='lat' dir='ltr'><strong>Rediens</strong></span> <span class='ocrx_word' id='word_1_245' title='bbox 844 2933 957 2980; x_wconf 79' lang='lat' dir='ltr'><strong>ergo</strong></span> <span class='ocrx_word' id='word_1_246' title='bbox 973 2933 1172 2983; x_wconf 75' lang='lat' dir='ltr'><strong>propere</strong></span> <span class='ocrx_word' id='word_1_247' title='bbox 1208 2918 1539 2985; x_wconf 76' lang='lat' dir='ltr'><strong>Campaniam]</strong></span> <span class='ocrx_word' id='word_1_248' title='bbox 1683 2926 1709 2954; x_wconf 82' lang='lat'><strong>¹·</strong></span> <span class='ocrx_word' id='word_1_249' title='bbox 1746 2919 2081 2970; x_wconf 78' lang='lat' dir='ltr'><strong>castrensibus</strong></span> <span class='ocrx_word' id='word_1_250' title='bbox 2133 2919 2281 2982; x_wconf 72' lang='lat' dir='ltr'><strong>ludis]</strong></span> <span class='ocrx_word' id='word_1_251' title='bbox 2342 2913 2681 2977; x_wconf 83' lang='lat' dir='ltr'><strong>Militaribns‚</strong></span> 
     </span>
     <span class='ocr_line' id='line_1_29' title="bbox 479 2991 2682 3060; baseline 0 -20"><span class='ocrx_word' id='word_1_252' title='bbox 479 2991 694 3058; x_wconf 71' lang='lat' dir='ltr'><strong>vulgati</strong></span> <span class='ocrx_word' id='word_1_253' title='bbox 732 2995 935 3045; x_wconf 84' lang='lat' dir='ltr'><strong>codices</strong></span> <span class='ocrx_word' id='word_1_254' title='bbox 980 3001 1037 3045; x_wconf 90' lang='lat' dir='ltr'><strong>et</strong></span> <span class='ocrx_word' id='word_1_255' title='bbox 1072 2996 1419 3047; x_wconf 79' lang='lat' dir='ltr'><strong>viterbiensis</strong></span> <span class='ocrx_word' id='word_1_256' title='bbox 1467 2997 1540 3045; x_wconf 90' lang='lat' dir='ltr'><strong>le·</strong></span> <span class='ocrx_word' id='word_1_257' title='bbox 1620 2995 1782 3060; x_wconf 88' lang='lat' dir='ltr'><strong>quiin</strong></span> <span class='ocrx_word' id='word_1_258' title='bbox 1804 2996 1990 3045; x_wconf 87' lang='lat' dir='ltr'><strong>castris</strong></span> <span class='ocrx_word' id='word_1_259' title='bbox 2020 2994 2409 3052; x_wconf 78' lang='lat' dir='ltr'><strong>exhiberentur,</strong></span> <span class='ocrx_word' id='word_1_260' title='bbox 2426 2995 2509 3043; x_wconf 83' lang='lat' dir='ltr'><strong>vel</strong></span> <span class='ocrx_word' id='word_1_261' title='bbox 2531 3008 2565 3042; x_wconf 89' lang='lat' dir='ltr'><strong>a</strong></span> <span class='ocrx_word' id='word_1_262' title='bbox 2587 2994 2682 3042; x_wconf 86' lang='lat' dir='ltr'><strong>mi-</strong></span> 
     </span>
    </p>
   </div>
   <div class='ocr_carea' id='block_1_7' title="bbox 415 3072 1541 4208">
    <p class='ocr_par' dir='ltr' id='par_1_7' title="bbox 415 3072 1541 4208">
     <span class='ocr_line' id='line_1_30' title="bbox 479 3072 1541 3137; baseline 0.006 -21"><span class='ocrx_word' id='word_1_263' title='bbox 479 3076 611 3131; x_wconf 80' lang='lat' dir='ltr'><strong>gunt</strong></span> <span class='ocrx_word' id='word_1_264' title='bbox 628 3085 771 3133; x_wconf 81' lang='lat' dir='ltr'><strong>prope</strong></span> <span class='ocrx_word' id='word_1_265' title='bbox 796 3072 1119 3135; x_wconf 80' lang='lat' dir='ltr'><strong>Campaniam,</strong></span> <span class='ocrx_word' id='word_1_266' title='bbox 1141 3075 1222 3137; x_wconf 59' lang='grc' dir='ltr'><strong>ξε.</strong></span> <span class='ocrx_word' id='word_1_267' title='bbox 1245 3072 1380 3136; x_wconf 89' lang='lat' dir='ltr'><strong>quod</strong></span> <span class='ocrx_word' id='word_1_268' title='bbox 1406 3086 1541 3136; x_wconf 81' lang='lat' dir='ltr'><strong>prae·</strong></span> 
     </span>
     <span class='ocr_line' id='line_1_31' title="bbox 481 3146 1540 3214; baseline 0.005 -20"><span class='ocrx_word' id='word_1_269' title='bbox 481 3146 604 3194; x_wconf 82' lang='lat' dir='ltr'><strong>tulit</strong></span> <span class='ocrx_word' id='word_1_270' title='bbox 623 3147 947 3210; x_wconf 83' lang='lat' dir='ltr'><strong>Torrentius,</strong></span> <span class='ocrx_word' id='word_1_271' title='bbox 970 3163 1256 3214; x_wconf 76' lang='lat' dir='ltr'><strong>quanquam</strong></span> <span class='ocrx_word' id='word_1_272' title='bbox 1279 3164 1345 3199; x_wconf 83' lang='lat' dir='ltr'><strong>ex</strong></span> <span class='ocrx_word' id='word_1_273' title='bbox 1364 3150 1540 3200; x_wconf 84' lang='lat' dir='ltr'><strong>Plinio</strong></span> 
     </span>
     <span class='ocr_line' id='line_1_32' title="bbox 478 3220 1536 3290; baseline 0.007 -21"><span class='ocrx_word' id='word_1_274' title='bbox 478 3220 570 3269; x_wconf 85' lang='lat' dir='ltr'><strong>lib.</strong></span> <span class='ocrx_word' id='word_1_275' title='bbox 591 3235 678 3273; x_wconf 80' lang='grc' dir='ltr'><strong>ιιι.</strong></span> <span class='ocrx_word' id='word_1_276' title='bbox 702 3237 818 3289; x_wconf 88' lang='lat' dir='ltr'><strong>cap.</strong></span> <span class='ocrx_word' id='word_1_277' title='bbox 841 3230 890 3275; x_wconf 83' lang='lat'><strong>5.</strong></span> <span class='ocrx_word' id='word_1_278' title='bbox 915 3231 969 3274; x_wconf 91' lang='lat' dir='ltr'><strong>et</strong></span> <span class='ocrx_word' id='word_1_279' title='bbox 997 3220 1047 3274; x_wconf 74' lang='grc'><strong>6.</strong></span> <span class='ocrx_word' id='word_1_280' title='bbox 1081 3233 1320 3276; x_wconf 82' lang='lat' dir='ltr'><strong>constare</strong></span> <span class='ocrx_word' id='word_1_281' title='bbox 1355 3227 1536 3290; x_wconf 84' lang='lat' dir='ltr'><strong>possit,</strong></span> 
     </span>
     <span class='ocr_line' id='line_1_33' title="bbox 480 3296 1536 3366; baseline 0.006 -20"><span class='ocrx_word' id='word_1_282' title='bbox 480 3296 722 3348; x_wconf 86' lang='lat' dir='ltr'><strong>Asturam</strong></span> <span class='ocrx_word' id='word_1_283' title='bbox 746 3301 948 3366; x_wconf 83' lang='lat' dir='ltr'><strong>longius</strong></span> <span class='ocrx_word' id='word_1_284' title='bbox 971 3301 1154 3352; x_wconf 88' lang='lat' dir='ltr'><strong>abesse</strong></span> <span class='ocrx_word' id='word_1_285' title='bbox 1172 3317 1204 3351; x_wconf 88' lang='lat' dir='ltr'><strong>a</strong></span> <span class='ocrx_word' id='word_1_286' title='bbox 1222 3302 1536 3366; x_wconf 86' lang='lat' dir='ltr'><strong>Campania;</strong></span> 
     </span>
     <span class='ocr_line' id='line_1_34' title="bbox 477 3374 1538 3444; baseline 0.005 -21"><span class='ocrx_word' id='word_1_287' title='bbox 477 3374 617 3426; x_wconf 87' lang='lat' dir='ltr'><strong>unde</strong></span> <span class='ocrx_word' id='word_1_288' title='bbox 637 3377 846 3440; x_wconf 83' lang='lat' dir='ltr'><strong>praelata</strong></span> <span class='ocrx_word' id='word_1_289' title='bbox 869 3385 950 3427; x_wconf 87' lang='lat' dir='ltr'><strong>est</strong></span> <span class='ocrx_word' id='word_1_290' title='bbox 973 3377 1132 3429; x_wconf 89' lang='lat' dir='ltr'><strong>lectio</strong></span> <span class='ocrx_word' id='word_1_291' title='bbox 1149 3392 1362 3443; x_wconf 73' lang='lat' dir='ltr'><strong>propere,</strong></span> <span class='ocrx_word' id='word_1_292' title='bbox 1385 3392 1538 3444; x_wconf 84' lang='lat' dir='ltr'><strong>quam</strong></span> 
     </span>
     <span class='ocr_line' id='line_1_35' title="bbox 477 3453 1538 3507; baseline 0.006 -8"><span class='ocrx_word' id='word_1_293' title='bbox 477 3453 746 3502; x_wconf 83' lang='lat' dir='ltr'><strong>meliorum</strong></span> <span class='ocrx_word' id='word_1_294' title='bbox 769 3454 1006 3506; x_wconf 88' lang='lat' dir='ltr'><strong>codicum</strong></span> <span class='ocrx_word' id='word_1_295' title='bbox 1039 3460 1265 3505; x_wconf 87' lang='lat' dir='ltr'><strong>testatur</strong></span> <span class='ocrx_word' id='word_1_296' title='bbox 1299 3469 1414 3505; x_wconf 88' lang='lat' dir='ltr'><strong>esse</strong></span> <span class='ocrx_word' id='word_1_297' title='bbox 1436 3456 1538 3507; x_wconf 84' lang='lat' dir='ltr'><strong>Ca·</strong></span> 
     </span>
     <span class='ocr_line' id='line_1_36' title="bbox 479 3528 1539 3596; baseline 0.006 -20"><span class='ocrx_word' id='word_1_298' title='bbox 479 3528 754 3582; x_wconf 87' lang='lat' dir='ltr'><strong>sanbonns.</strong></span> <span class='ocrx_word' id='word_1_299' title='bbox 821 3531 934 3582; x_wconf 88' lang='lat' dir='ltr'><strong>Nec</strong></span> <span class='ocrx_word' id='word_1_300' title='bbox 955 3544 1086 3595; x_wconf 86' lang='lat' dir='ltr'><strong>opus</strong></span> <span class='ocrx_word' id='word_1_301' title='bbox 1109 3537 1194 3581; x_wconf 84' lang='lat' dir='ltr'><strong>est</strong></span> <span class='ocrx_word' id='word_1_302' title='bbox 1207 3529 1386 3581; x_wconf 86' lang='lat' dir='ltr'><strong>addita</strong></span> <span class='ocrx_word' id='word_1_303' title='bbox 1404 3544 1539 3596; x_wconf 68' lang='lat' dir='ltr'><strong>prai-</strong></span> 
     </span>
     <span class='ocr_line' id='line_1_37' title="bbox 476 3605 1538 3671; baseline 0.005 -18"><span class='ocrx_word' id='word_1_304' title='bbox 476 3605 731 3668; x_wconf 84' lang='lat' dir='ltr'><strong>positione</strong></span> <span class='ocrx_word' id='word_1_305' title='bbox 760 3606 832 3667; x_wconf 76' lang='lat' dir='ltr'><strong>in,</strong></span> <span class='ocrx_word' id='word_1_306' title='bbox 866 3605 1004 3671; x_wconf 89' lang='lat' dir='ltr'><strong>quod</strong></span> <span class='ocrx_word' id='word_1_307' title='bbox 1024 3621 1053 3656; x_wconf 92' lang='lat' dir='ltr'><strong>e</strong></span> <span class='ocrx_word' id='word_1_308' title='bbox 1077 3607 1182 3656; x_wconf 87' lang='lat' dir='ltr'><strong>suis</strong></span> <span class='ocrx_word' id='word_1_309' title='bbox 1214 3606 1418 3657; x_wconf 75' lang='lat' dir='ltr'><strong>fecerat</strong></span> <span class='ocrx_word' id='word_1_310' title='bbox 1440 3607 1538 3658; x_wconf 86' lang='lat' dir='ltr'><strong>Ur·</strong></span> 
     </span>
     <span class='ocr_line' id='line_1_38' title="bbox 415 3679 1539 3748; baseline 0.005 -20"><span class='ocrx_word' id='word_1_311' title='bbox 415 3685 419 3695; x_wconf 83' lang='grc'><em>“</em></span> <span class='ocrx_word' id='word_1_312' title='bbox 479 3679 654 3730; x_wconf 73' lang='lat' dir='ltr'><strong>sinnsz</strong></span> <span class='ocrx_word' id='word_1_313' title='bbox 689 3681 764 3731; x_wconf 80' lang='lat' dir='ltr'><strong>sic</strong></span> <span class='ocrx_word' id='word_1_314' title='bbox 787 3682 921 3731; x_wconf 89' lang='lat' dir='ltr'><strong>euim</strong></span> <span class='ocrx_word' id='word_1_315' title='bbox 946 3683 1145 3747; x_wconf 78' lang='lat' dir='ltr'><strong>locutos</strong></span> <span class='ocrx_word' id='word_1_316' title='bbox 1167 3691 1374 3733; x_wconf 84' lang='lat' dir='ltr'><strong>constat</strong></span> <span class='ocrx_word' id='word_1_317' title='bbox 1405 3685 1539 3748; x_wconf 84' lang='lat' dir='ltr'><strong>opti·</strong></span> 
     </span>
     <span class='ocr_line' id='line_1_39' title="bbox 476 3758 1540 3824; baseline 0.005 -19"><span class='ocrx_word' id='word_1_318' title='bbox 476 3770 595 3806; x_wconf 83' lang='lat' dir='ltr'><strong>mos.</strong></span> <span class='ocrx_word' id='word_1_319' title='bbox 607 3764 860 3809; x_wconf 83' lang='lat' dir='ltr'><strong>auctores.</strong></span> <span class='ocrx_word' id='word_1_320' title='bbox 903 3759 1176 3809; x_wconf 84' lang='lat' dir='ltr'><strong>Terentius</strong></span> <span class='ocrx_word' id='word_1_321' title='bbox 1196 3760 1250 3809; x_wconf 91' lang='lat' dir='ltr'><strong>in</strong></span> <span class='ocrx_word' id='word_1_322' title='bbox 1265 3758 1540 3824; x_wconf 77' lang='lat' dir='ltr'><strong>Adelphis,</strong></span> 
     </span>
     <span class='ocr_line' id='line_1_40' title="bbox 478 3833 1537 3899; baseline 0.005 -18"><span class='ocrx_word' id='word_1_323' title='bbox 478 3833 495 3860; x_wconf 91' lang='lat'>‘</span> <span class='ocrx_word' id='word_1_324' title='bbox 519 3833 775 3897; x_wconf 84' lang='lat' dir='ltr'><strong>proficisci</strong></span> <span class='ocrx_word' id='word_1_325' title='bbox 831 3834 1097 3899; x_wconf 77' lang='lat' dir='ltr'><strong>Cyprum-⁹</strong></span> <span class='ocrx_word' id='word_1_326' title='bbox 1180 3836 1297 3886; x_wconf 86' lang='lat' dir='ltr'><strong>Nec</strong></span> <span class='ocrx_word' id='word_1_327' title='bbox 1365 3836 1537 3899; x_wconf 71' lang='lat' dir='ltr'><strong>poetae</strong></span> 
     </span>
     <span class='ocr_line' id='line_1_41' title="bbox 478 3911 1537 3978; baseline 0.004 -18"><span class='ocrx_word' id='word_1_328' title='bbox 478 3918 701 3975; x_wconf 84' lang='lat' dir='ltr'><strong>tantum,</strong></span> <span class='ocrx_word' id='word_1_329' title='bbox 751 3911 857 3961; x_wconf 51' lang='lat' dir='ltr'><strong>sed¹</strong></span> <span class='ocrx_word' id='word_1_330' title='bbox 899 3918 956 3962; x_wconf 88' lang='lat' dir='ltr'><strong>et</strong></span> <span class='ocrx_word' id='word_1_331' title='bbox 1006 3912 1191 3965; x_wconf 89' lang='lat' dir='ltr'><strong>Cicero</strong></span> <span class='ocrx_word' id='word_1_332' title='bbox 1237 3927 1335 3978; x_wconf 86' lang='lat' dir='ltr'><strong>pro</strong></span> <span class='ocrx_word' id='word_1_333' title='bbox 1391 3915 1537 3978; x_wconf 76' lang='lat' dir='ltr'><strong>Lege</strong></span> 
     </span>
     <span class='ocr_line' id='line_1_42' title="bbox 478 3986 1539 4051; baseline 0.004 -16"><span class='ocrx_word' id='word_1_334' title='bbox 478 3986 715 4049; x_wconf 83' lang='lat' dir='ltr'><strong>Manilia,</strong></span> <span class='ocrx_word' id='word_1_335' title='bbox 748 3987 1069 4038; x_wconf 88' lang='lat' dir='ltr'><strong>‘Sardiniam</strong></span> <span class='ocrx_word' id='word_1_336' title='bbox 1105 3986 1323 4051; x_wconf 86' lang='lat' dir='ltr'><strong>venire,&#39;</strong></span> <span class='ocrx_word' id='word_1_337' title='bbox 1364 3995 1420 4038; x_wconf 85' lang='lat' dir='ltr'><strong>et</strong></span> <span class='ocrx_word' id='word_1_338' title='bbox 1455 3990 1539 4039; x_wconf 90' lang='lat' dir='ltr'><strong>Li·</strong></span> 
     </span>
     <span class='ocr_line' id='line_1_43' title="bbox 478 4058 1538 4131; baseline 0.005 -21"><span class='ocrx_word' id='word_1_339' title='bbox 478 4062 584 4111; x_wconf 81' lang='lat' dir='ltr'><strong>vius</strong></span> <span class='ocrx_word' id='word_1_340' title='bbox 622 4075 676 4113; x_wconf 84' lang='lat' dir='ltr'><strong>v.</strong></span> <span class='ocrx_word' id='word_1_341' title='bbox 721 4058 919 4113; x_wconf 62' lang='lat' dir='ltr'><strong>deeads</strong></span> <span class='ocrx_word' id='word_1_342' title='bbox 949 4065 964 4093; x_wconf 88' lang='lat'>‘</span> <span class='ocrx_word' id='word_1_343' title='bbox 985 4064 1227 4129; x_wconf 82' lang='lat' dir='ltr'><strong>navigare</strong></span> <span class='ocrx_word' id='word_1_344' title='bbox 1271 4065 1538 4131; x_wconf 85' lang='lat' dir='ltr'><strong>Cyprum,’</strong></span> 
     </span>
     <span class='ocr_line' id='line_1_44' title="bbox 476 4137 1534 4208; baseline 0.007 -23"><span class='ocrx_word' id='word_1_345' title='bbox 476 4137 741 4203; x_wconf 79' lang='lat' dir='ltr'><strong>dixerunt,</strong></span> <span class='ocrx_word' id='word_1_346' title='bbox 769 4155 1059 4206; x_wconf 87' lang='lat' dir='ltr'><strong>quanquam</strong></span> <span class='ocrx_word' id='word_1_347' title='bbox 1092 4142 1259 4191; x_wconf 86' lang='lat' dir='ltr'><strong>minus</strong></span> <span class='ocrx_word' id='word_1_348' title='bbox 1293 4141 1534 4208; x_wconf 74' lang='lat' dir='ltr'><strong>frequen-</strong></span> 
     </span>
    </p>
   </div>
   <div class='ocr_carea' id='block_1_8' title="bbox 1616 3069 2685 4208">
    <p class='ocr_par' dir='ltr' id='par_1_8' title="bbox 1616 3069 2685 3199">
     <span class='ocr_line' id='line_1_45' title="bbox 1616 3069 2685 3133; baseline -0.001 -13"><span class='ocrx_word' id='word_1_349' title='bbox 1616 3071 1794 3121; x_wconf 84' lang='lat' dir='ltr'><strong>litibus</strong></span> <span class='ocrx_word' id='word_1_350' title='bbox 1815 3073 1865 3121; x_wconf 90' lang='lat' dir='ltr'><strong>in</strong></span> <span class='ocrx_word' id='word_1_351' title='bbox 1889 3073 2122 3123; x_wconf 79' lang='lat' dir='ltr'><strong>statione</strong></span> <span class='ocrx_word' id='word_1_352' title='bbox 2154 3072 2503 3133; x_wconf 87' lang='lat' dir='ltr'><strong>manentibus,</strong></span> <span class='ocrx_word' id='word_1_353' title='bbox 2528 3069 2685 3133; x_wconf 71' lang='lat' dir='ltr'><strong>Juxta</strong></span> 
     </span>
     <span class='ocr_line' id='line_1_46' title="bbox 1617 3157 2670 3199; baseline 0.001 -1"><span class='ocrx_word' id='word_1_354' title='bbox 1617 3162 1809 3198; x_wconf 78' lang='lat' dir='ltr'><strong>rnorem</strong></span> <span class='ocrx_word' id='word_1_355' title='bbox 1835 3157 2167 3199; x_wconf 85' lang='lat' dir='ltr'><strong>castrensem.</strong></span> <span class='ocrx_word' id='word_1_356' title='bbox 2663 3162 2670 3170; x_wconf 91' lang='lat'><strong>·</strong></span> 
     </span>
    </p>

    <p class='ocr_par' dir='ltr' id='par_1_9' title="bbox 1618 3222 2684 3964">
     <span class='ocr_line' id='line_1_47' title="bbox 1680 3222 2682 3289; baseline -0.002 -15"><span class='ocrx_word' id='word_1_357' title='bbox 1680 3230 1708 3255; x_wconf 80' lang='lat'>⁰</span> <span class='ocrx_word' id='word_1_358' title='bbox 1736 3223 1911 3274; x_wconf 75' lang='lat' dir='ltr'><strong>Latere</strong></span> <span class='ocrx_word' id='word_1_359' title='bbox 1925 3225 2172 3289; x_wconf 75' lang='lat' dir='ltr'><strong>convulso]</strong></span> <span class='ocrx_word' id='word_1_360' title='bbox 2200 3223 2374 3288; x_wconf 86' lang='lat' dir='ltr'><strong>Hujus</strong></span> <span class='ocrx_word' id='word_1_361' title='bbox 2389 3222 2491 3274; x_wconf 90' lang='lat' dir='ltr'><strong>loci</strong></span> <span class='ocrx_word' id='word_1_362' title='bbox 2503 3235 2682 3272; x_wconf 87' lang='lat' dir='ltr'><strong>sensns</strong></span> 
     </span>
     <span class='ocr_line' id='line_1_48' title="bbox 1619 3300 2680 3365; baseline 0 -15"><span class='ocrx_word' id='word_1_363' title='bbox 1619 3306 1717 3364; x_wconf 88' lang='lat' dir='ltr'><strong>est,</strong></span> <span class='ocrx_word' id='word_1_364' title='bbox 1731 3300 1926 3351; x_wconf 81' lang='lat' dir='ltr'><strong>Tiberii</strong></span> <span class='ocrx_word' id='word_1_365' title='bbox 1947 3304 2111 3353; x_wconf 81' lang='lat' dir='ltr'><strong>latera</strong></span> <span class='ocrx_word' id='word_1_366' title='bbox 2128 3302 2225 3351; x_wconf 85' lang='lat' dir='ltr'><strong>hac</strong></span> <span class='ocrx_word' id='word_1_367' title='bbox 2247 3301 2548 3365; x_wconf 81' lang='lat' dir='ltr'><strong>agitatione,</strong></span> <span class='ocrx_word' id='word_1_368' title='bbox 2565 3315 2680 3352; x_wconf 87' lang='lat' dir='ltr'><strong>cnm</strong></span> 
     </span>
     <span class='ocr_line' id='line_1_49' title="bbox 1618 3375 2684 3442; baseline 0 -17"><span class='ocrx_word' id='word_1_369' title='bbox 1618 3390 1805 3441; x_wconf 83' lang='lat' dir='ltr'><strong>nempe</strong></span> <span class='ocrx_word' id='word_1_370' title='bbox 1819 3376 2145 3441; x_wconf 86' lang='lat' dir='ltr'><strong>jacularetur</strong></span> <span class='ocrx_word' id='word_1_371' title='bbox 2156 3391 2353 3442; x_wconf 87' lang='lat' dir='ltr'><strong>aprum,</strong></span> <span class='ocrx_word' id='word_1_372' title='bbox 2368 3375 2684 3427; x_wconf 83' lang='lat' dir='ltr'><strong>labefactata</strong></span> 
     </span>
     <span class='ocr_line' id='line_1_50' title="bbox 1619 3453 2681 3516; baseline 0.001 -14"><span class='ocrx_word' id='word_1_373' title='bbox 1619 3467 1767 3516; x_wconf 67' lang='lat' dir='ltr'><strong>esseg</strong></span> <span class='ocrx_word' id='word_1_374' title='bbox 1803 3453 1941 3504; x_wconf 86' lang='lat' dir='ltr'><strong>unde</strong></span> <span class='ocrx_word' id='word_1_375' title='bbox 1975 3469 2093 3504; x_wconf 89' lang='lat' dir='ltr'><strong>cum</strong></span> <span class='ocrx_word' id='word_1_376' title='bbox 2132 3454 2447 3510; x_wconf 81' lang='lat' dir='ltr'><strong>incaluisset.</strong></span> <span class='ocrx_word' id='word_1_377' title='bbox 2484 3454 2681 3503; x_wconf 86' lang='lat' dir='ltr'><strong>statim-</strong></span> 
     </span>
     <span class='ocr_line' id='line_1_51' title="bbox 1620 3527 2681 3595; baseline -0.001 -16"><span class='ocrx_word' id='word_1_378' title='bbox 1620 3544 1724 3595; x_wconf 88' lang='lat' dir='ltr'><strong>que</strong></span> <span class='ocrx_word' id='word_1_379' title='bbox 1755 3527 1959 3580; x_wconf 83' lang='lat' dir='ltr'><strong>afflatus</strong></span> <span class='ocrx_word' id='word_1_380' title='bbox 1992 3536 2136 3580; x_wconf 84' lang='lat' dir='ltr'><strong>esset</strong></span> <span class='ocrx_word' id='word_1_381' title='bbox 2167 3544 2293 3580; x_wconf 87' lang='lat' dir='ltr'><strong>aura</strong></span> <span class='ocrx_word' id='word_1_382' title='bbox 2325 3531 2447 3586; x_wconf 82' lang='lat' dir='ltr'><strong>levi,</strong></span> <span class='ocrx_word' id='word_1_383' title='bbox 2479 3531 2577 3580; x_wconf 85' lang='lat' dir='ltr'><strong>boc</strong></span> <span class='ocrx_word' id='word_1_384' title='bbox 2599 3536 2681 3579; x_wconf 86' lang='lat' dir='ltr'><strong>est</strong></span> 
     </span>
     <span class='ocr_line' id='line_1_52' title="bbox 1621 3604 2679 3671; baseline -0.002 -16"><span class='ocrx_word' id='word_1_385' title='bbox 1621 3604 1966 3670; x_wconf 73' lang='lat' dir='ltr'><strong>refrigerante</strong></span> <span class='ocrx_word' id='word_1_386' title='bbox 2002 3608 2258 3671; x_wconf 79' lang='lat' dir='ltr'><strong>tenuique·</strong></span> <span class='ocrx_word' id='word_1_387' title='bbox 2272 3614 2448 3668; x_wconf 84' lang='lat' dir='ltr'><strong>vento,</strong></span> <span class='ocrx_word' id='word_1_388' title='bbox 2474 3606 2679 3671; x_wconf 76' lang='lat' dir='ltr'><strong>gravius</strong></span> 
     </span>
     <span class='ocr_line' id='line_1_53' title="bbox 1621 3681 2677 3749; baseline -0.002 -18"><span class='ocrx_word' id='word_1_389' title='bbox 1621 3682 1882 3733; x_wconf 80' lang='lat' dir='ltr'><strong>doluisse:</strong></span> <span class='ocrx_word' id='word_1_390' title='bbox 1941 3697 2161 3749; x_wconf 87' lang='lat' dir='ltr'><strong>corpora</strong></span> <span class='ocrx_word' id='word_1_391' title='bbox 2202 3684 2338 3732; x_wconf 84' lang='lat' dir='ltr'><strong>enim</strong></span> <span class='ocrx_word' id='word_1_392' title='bbox 2378 3683 2491 3746; x_wconf 88' lang='lat' dir='ltr'><strong>jam</strong></span> <span class='ocrx_word' id='word_1_393' title='bbox 2536 3681 2677 3745; x_wconf 85' lang='lat' dir='ltr'><strong>prius</strong></span> 
     </span>
     <span class='ocr_line' id='line_1_54' title="bbox 1618 3757 2677 3823; baseline -0.003 -13"><span class='ocrx_word' id='word_1_394' title='bbox 1618 3761 1935 3823; x_wconf 75' lang='lat' dir='ltr'><strong>languentia,</strong></span> <span class='ocrx_word' id='word_1_395' title='bbox 1968 3763 2012 3811; x_wconf 86' lang='lat' dir='ltr'><strong>si</strong></span> <span class='ocrx_word' id='word_1_396' title='bbox 2047 3761 2220 3811; x_wconf 86' lang='lat' dir='ltr'><strong>statim</strong></span> <span class='ocrx_word' id='word_1_397' title='bbox 2254 3759 2320 3810; x_wconf 84' lang='lat' dir='ltr'><strong>ab</strong></span> <span class='ocrx_word' id='word_1_398' title='bbox 2355 3766 2493 3810; x_wconf 68' lang='lat' dir='ltr'><strong>aestu</strong></span> <span class='ocrx_word' id='word_1_399' title='bbox 2531 3757 2677 3810; x_wconf 86' lang='lat' dir='ltr'><strong>refri-</strong></span> 
     </span>
     <span class='ocr_line' id='line_1_55' title="bbox 1620 3835 2677 3901; baseline 0 -17"><span class='ocrx_word' id='word_1_400' title='bbox 1620 3842 1885 3900; x_wconf 82' lang='lat' dir='ltr'><strong>gerentur,</strong></span> <span class='ocrx_word' id='word_1_401' title='bbox 1920 3835 2144 3886; x_wconf 86' lang='lat' dir='ltr'><strong>letaliter</strong></span> <span class='ocrx_word' id='word_1_402' title='bbox 2176 3843 2434 3901; x_wconf 65' lang='lat' dir='ltr'><strong>aegrotare</strong></span> <span class='ocrx_word' id='word_1_403' title='bbox 2466 3849 2677 3886; x_wconf 84' lang='lat' dir='ltr'><strong>consue·</strong></span> 
     </span>
     <span class='ocr_line' id='line_1_56' title="bbox 1618 3918 2604 3964; baseline 0.002 -4"><span class='ocrx_word' id='word_1_404' title='bbox 1618 3918 1822 3964; x_wconf 82' lang='lat' dir='ltr'><strong>verunt.</strong></span> <span class='ocrx_word' id='word_1_405' title='bbox 2601 3934 2604 3939; x_wconf 57' lang='lat'><strong>⁴</strong></span> 
     </span>
    </p>

    <p class='ocr_par' dir='ltr' id='par_1_10' title="bbox 1616 3989 2677 4208">
     <span class='ocr_line' id='line_1_57' title="bbox 1682 3989 2675 4054; baseline -0.001 -15"><span class='ocrx_word' id='word_1_406' title='bbox 1682 3996 1709 4031; x_wconf 71' lang='grc' dir='ltr'><strong>Ρ</strong></span> <span class='ocrx_word' id='word_1_407' title='bbox 1729 3989 2055 4054; x_wconf 72' lang='lat' dir='ltr'><strong>Sustentaait]</strong></span> <span class='ocrx_word' id='word_1_408' title='bbox 2076 3990 2310 4054; x_wconf 83' lang='lat' dir='ltr'><strong>Hoeest,</strong></span> <span class='ocrx_word' id='word_1_409' title='bbox 2326 3989 2565 4040; x_wconf 86' lang='lat' dir='ltr'><strong>dolorem</strong></span> <span class='ocrx_word' id='word_1_410' title='bbox 2577 3990 2675 4039; x_wconf 80' lang='lat' dir='ltr'><strong>dis-</strong></span> 
     </span>
     <span class='ocr_line' id='line_1_58' title="bbox 1616 4064 2230 4131; baseline 0 -15"><span class='ocrx_word' id='word_1_411' title='bbox 1616 4064 1901 4116; x_wconf 84' lang='lat' dir='ltr'><strong>simulando</strong></span> <span class='ocrx_word' id='word_1_412' title='bbox 1925 4080 2105 4131; x_wconf 83' lang='lat' dir='ltr'><strong>passus</strong></span> <span class='ocrx_word' id='word_1_413' title='bbox 2128 4073 2230 4117; x_wconf 89' lang='lat' dir='ltr'><strong>est.</strong></span> 
     </span>
     <span class='ocr_line' id='line_1_59' title="bbox 1625 4142 2677 4208; baseline 0.001 -17"><span class='ocrx_word' id='word_1_414' title='bbox 1625 4180 1626 4191; x_wconf 68' lang='grc'>,</span> <span class='ocrx_word' id='word_1_415' title='bbox 1680 4150 1705 4185; x_wconf 81' lang='lat'><strong>‘¹</strong></span> <span class='ocrx_word' id='word_1_416' title='bbox 1727 4142 1993 4206; x_wconf 74' lang='lat' dir='ltr'><strong>Misenum]</strong></span> <span class='ocrx_word' id='word_1_417' title='bbox 2026 4144 2224 4193; x_wconf 88' lang='lat' dir='ltr'><strong>Notum</strong></span> <span class='ocrx_word' id='word_1_418' title='bbox 2237 4157 2308 4193; x_wconf 53' lang='lat' dir='ltr'><strong>‘ex</strong></span> <span class='ocrx_word' id='word_1_419' title='bbox 2325 4143 2542 4208; x_wconf 81' lang='lat' dir='ltr'><strong>Virgilio</strong></span> <span class='ocrx_word' id='word_1_420' title='bbox 2561 4157 2677 4208; x_wconf 88' lang='lat' dir='ltr'><strong>pro·</strong></span> 
     </span>
    </p>
   </div>
   <div class='ocr_carea' id='block_1_9' title="bbox 478 4215 2673 4285">
    <p class='ocr_par' dir='ltr' id='par_1_11' title="bbox 478 4215 2673 4285">
     <span class='ocr_line' id='line_1_60' title="bbox 478 4215 2673 4285; baseline 0.003 -23"><span class='ocrx_word' id='word_1_421' title='bbox 478 4218 579 4264; x_wconf 87' lang='lat' dir='ltr'><strong>ter.</strong></span> <span class='ocrx_word' id='word_1_422' title='bbox 647 4215 727 4263; x_wconf 89' lang='lat' dir='ltr'><strong>De</strong></span> <span class='ocrx_word' id='word_1_423' title='bbox 748 4215 944 4266; x_wconf 88' lang='lat' dir='ltr'><strong>Astura</strong></span> <span class='ocrx_word' id='word_1_424' title='bbox 977 4219 1027 4266; x_wconf 88' lang='lat' dir='ltr'><strong>in</strong></span> <span class='ocrx_word' id='word_1_425' title='bbox 1053 4216 1286 4282; x_wconf 80' lang='lat' dir='ltr'><strong>Augusto</strong></span> <span class='ocrx_word' id='word_1_426' title='bbox 1313 4232 1432 4285; x_wconf 85' lang='lat' dir='ltr'><strong>cap.</strong></span> <span class='ocrx_word' id='word_1_427' title='bbox 1451 4223 1536 4271; x_wconf 77' lang='grc'><strong>97.</strong></span> <span class='ocrx_word' id='word_1_428' title='bbox 1613 4221 1944 4279; x_wconf 83' lang='lat' dir='ltr'><strong>montorium,</strong></span> <span class='ocrx_word' id='word_1_429' title='bbox 1977 4219 2069 4270; x_wconf 91' lang='lat' dir='ltr'><strong>ubi</strong></span> <span class='ocrx_word' id='word_1_430' title='bbox 2105 4218 2416 4269; x_wconf 80' lang='lat' dir='ltr'><strong>eturbs&#39;est</strong></span> <span class='ocrx_word' id='word_1_431' title='bbox 2445 4219 2673 4284; x_wconf 73' lang='lat' dir='ltr'><strong>ejusden·</strong></span> 
     </span>
    </p>
   </div>
   <div class='ocr_carea' id='block_1_10' title="bbox 479 4287 1255 4358">
    <p class='ocr_par' dir='ltr' id='par_1_12' title="bbox 479 4287 1255 4358">
     <span class='ocr_line' id='line_1_61' title="bbox 479 4287 1255 4358; baseline 0.008 -20"><span class='ocrx_word' id='word_1_432' title='bbox 479 4295 535 4338; x_wconf 90' lang='lat' dir='ltr'><strong>et</strong></span> <span class='ocrx_word' id='word_1_433' title='bbox 557 4287 627 4339; x_wconf 91' lang='lat' dir='ltr'><strong>de</strong></span> <span class='ocrx_word' id='word_1_434' title='bbox 647 4290 864 4341; x_wconf 89' lang='lat' dir='ltr'><strong>Circeiis</strong></span> <span class='ocrx_word' id='word_1_435' title='bbox 888 4307 1004 4358; x_wconf 89' lang='lat' dir='ltr'><strong>cap.</strong></span> <span class='ocrx_word' id='word_1_436' title='bbox 1028 4296 1107 4342; x_wconf 84' lang='grc'><strong>16.</strong></span> <span class='ocrx_word' id='word_1_437' title='bbox 1129 4292 1255 4344; x_wconf 88' lang='lat' dir='ltr'><strong>ibid.</strong></span> 
     </span>
    </p>
   </div>
   <div class='ocr_carea' id='block_1_11' title="bbox 1616 4295 2454 4359">
    <p class='ocr_par' dir='ltr' id='par_1_13' title="bbox 1616 4295 2454 4359">
     <span class='ocr_line' id='line_1_62' title="bbox 1616 4295 2454 4359; baseline -0.004 -12"><span class='ocrx_word' id='word_1_438' title='bbox 1616 4295 1770 4347; x_wconf 84' lang='lat' dir='ltr'><strong>etiam</strong></span> <span class='ocrx_word' id='word_1_439' title='bbox 1794 4296 1944 4351; x_wconf 86' lang='lat' dir='ltr'><strong>bodie</strong></span> <span class='ocrx_word' id='word_1_440' title='bbox 1966 4295 2188 4359; x_wconf 72' lang='lat' dir='ltr'><strong>nominis</strong></span> <span class='ocrx_word' id='word_1_441' title='bbox 2212 4295 2422 4347; x_wconf 76' lang='lat' dir='ltr'><strong>Miseno.</strong></span> <span class='ocrx_word' id='word_1_442' title='bbox 2451 4330 2454 4333; x_wconf 61' lang='grc'><strong>»</strong></span> 
     </span>
    </p>
   </div>
  </div>
 </body>
</html>
