3019 4922
515 409 645 475 302

1382 424 1443 472 0.
1489 416 1847 471 SUETONII

513 574 781 654 repente
812 567 1059 645 oculis,
1109 571 1178 631 et
1220 567 1307 629 ob
1352 566 1421 631 id
1468 565 1741 630 inedia⁶
1784 565 1946 632 mori
1971 574 1991 600 ¹
2042 562 2505 646 destinantem,
2537 567 2712 651 prae—

516 691 672 736 sens
705 669 1120 735 consolando
1146 671 1494 735 revocavit
1526 670 1613 734 ad
1646 673 1871 735 vitam.
1917 667 2081 753 [54]
2115 669 2197 733 In
2227 670 2478 735 Senatu
2507 671 2713 735 verba

513 774 787 839 facienti
818 774 1065 837 dictum
1093 778 1214 853 est,
1256 777 1278 807 ‘
1305 772 1373 836 N
1376 794 1462 836 on
1482 773 1783 837 intellexi
1817 772 1852 837 ε’
1896 778 1964 836 et
1995 774 2081 837 ab
2113 773 2268 850 alio,
2316 776 2335 807 ⁴
2360 771 2711 837 Contradi-

513 895 732 940 eerem
763 876 937 952 tibi,⁷
970 874 1030 938 si
1077 876 1307 940 locum
1333 874 1692 941 haberem.’
1712 883 1732 912 ⁸
1822 875 2161 940 Interdum
2192 877 2279 939 ob
2317 872 2711 939 immodicas

515 979 993 1042 altercationes
1022 975 1576 1062 disceptantium⁸
1602 997 1639 1041 e
1663 977 1867 1043 Curia
1891 998 2015 1062 per
2040 979 2203 1042 iram
2229 996 2305 1042 se
2327 976 2713 1062 proripienti

512 1080 784 1163 quidam
816 1078 1248 1163 ingesserunt,
1294 1079 1569 1145 ‘Licere
1615 1081 1950 1165 oportere‘
1994 1079 2430 1145 Senatoribus
2459 1078 2541 1142 de
2572 1076 2711 1141 Re·

510 1183 785 1263 publica
817 1182 1045 1268 loqui.'

1129 1183 1470 1248 Antistius
1523 1182 1751 1248 Labeo
1776 1193 1804 1219 ¹¹
1853 1183 2140 1248 Senatus
2182 1181 2506 1257 lectione,
2555 1199 2710 1243 cum

510 1283 960 1351 'l‘riumvirum
983 1294 1058 1337 9v
1110 1287 1354 1368 legeret
1386 1284 1486 1349 M.
1520 1284 1870 1368 Lepidum,
1908 1285 2174 1349 hostem
2218 1284 2381 1348 olim
2430 1283 2595 1368 ejuS,
2637 1288 2709 1345 et

501 2915 584 2964 fus
609 2931 675 2964 ex
699 2915 856 2964 Plinii
879 2916 1033 2978 epist.
1060 2921 1137 2966 12.
1164 2916 1250 2966 lib.
1271 2931 1313 2966 1.
1331 2919 1433 2966 &c-

563 3000 582 3024 ⁸
613 2992 671 3040 Si
712 2994 861 3041 locum
902 2992 1141 3055 haberem]
1177 2994 1336 3044 Quasi
1359 2993 1561 3044 diceret

499 3068 692 3115 nullum
717 3069 951 3130 cuiquam
975 3068 1040 3116 ab
1065 3068 1300 3131 Augusto
1321 3071 1561 3120 relietum

499 3144 552 3191 iu
589 3143 721 3205 Rep.
764 3143 951 3199 locum,
989 3149 1168 3205 utpote
1209 3159 1362 3209 quam
1401 3161 1561 3196 occu—

497 3225 673 3280 passet
712 3224 897 3276 totam,
936 3219 1072 3282 quod
1096 3233 1124 3268 a
1147 3235 1204 3268 se
1229 3221 1393 3283 primo
1415 3231 1561 3272 nota·

497 3302 606 3342 tum
648 3292 813 3344 refert
858 3295 1217 3358 casaubonus,
1251 3300 1341 3363 qui
1379 3315 1557 3352 vocem

495 3372 511 3398 ⁸
530 3371 695 3419 locum
712 3369 726 3392 ’
753 3371 929 3420 eodem
949 3372 1041 3422 illo
1058 3387 1210 3423 sensu
1229 3377 1399 3440 accipi
1418 3380 1556 3441 apud

490 3447 695 3496 Livium
723 3447 910 3511 probat
930 3448 1020 3498 lib.
1042 3462 1098 3498 x.
1134 3450 1318 3503 decad.
1343 3467 1383 3504 1.
1421 3454 1438 3482 ⁴
1458 3455 1558 3504 Vir

492 3538 614 3574 acer
657 3530 715 3575 et
753 3513 1074 3587 ambitiosus,
1116 3541 1220 3577 non
1268 3530 1347 3578 sui
1391 3531 1555 3592 magis

491 3601 700 3651 honoris
723 3616 896 3664 causa,
920 3616 1070 3666 quam
1097 3611 1155 3652 ut
1179 3605 1381 3667 patricii
1410 3620 1557 3656 recu-

494 3684 738 3742 perarent
783 3678 887 3727 duo
927 3680 1217 3729 consularia
1255 3681 1386 3744 loca,
1437 3697 1555 3733 cum

493 3756 596 3803 suis
618 3764 742 3805 tunc
768 3756 925 3805 totius
948 3756 1232 3807 nobilitatis
1265 3758 1460 3807 viribus
1477 3759 1553 3807 in·

491 3830 707 3880 cubuit.'
773 3832 842 3881 Et
882 3832 1016 3880 libro
1052 3845 1126 3880 xx.
1161 3832 1176 3859 ‘
1199 3832 1390 3882 tribuni
1421 3834 1555 3883 mili-

493 3916 599 3956 tum
623 3908 733 3956 seni
765 3908 886 3957 deni
922 3908 975 3956 in
1013 3915 1232 3973 quatuor
1264 3910 1494 3973 legiones
1523 3925 1555 3960 a

493 3986 681 4046 populo
714 3993 1035 4047 crearentur,
1075 4000 1189 4051 quae
1233 3997 1391 4037 antea
1434 4002 1554 4052 per·

492 4072 640 4121 quam
663 4060 835 4122 paucis
873 4058 1116 4124 suffragio
1146 4063 1325 4126 populi
1355 4065 1551 4115 relictis

491 4133 638 4196 locis,
673 4133 983 4184 dictatorum
1016 4144 1071 4186 et
1093 4153 1230 4187 coss.
1252 4137 1416 4189 ferme
1438 4139 1550 4189 fue·

491 4219 608 4258 rant
632 4210 917 4259 beneficia!
984 4213 1053 4262 Et
1074 4214 1129 4263 in
1148 4216 1366 4280 vespas.
1388 4223 1403 4246 ‘
1418 4231 1550 4281 prte-

494 4297 624 4339 turae
649 4299 826 4340 sextus
849 4292 1028 4355 locus,’
1049 4295 1149 4345 διο.

1641 2918 1767 2967 bere
1783 2916 1989 2980 legem!

1706 3004 1732 3029 '⁸
1763 2995 2009 3045 Antistius
2028 2991 2209 3057 Labeo]
2235 2989 2380 3043 Juris
2399 2989 2482 3037 bic
2504 2989 2701 3050 legum-

1641 3087 1740 3138 que
1766 3075 1915 3123 Rom.
1941 3069 2279 3136 peritissimus
2301 3066 2420 3123 fuit,
2444 3073 2458 3095 ‘
2476 3065 2569 3114 sed
2595 3065 2701 3127 agi·

1640 3149 1785 3198 tabat
1828 3149 2084 3198 bominem
2129 3144 2324 3211 (inquit
2365 3141 2568 3193 Gellius
2612 3141 2699 3189 lib.

1638 3239 1766 3276 xm.
1802 3241 1847 3276 c.
1885 3225 1996 3290 12.)
2028 3226 2243 3275 libertas
2273 3222 2508 3288 quaedam
2545 3219 2702 3268 nimia

1637 3309 1693 3353 et
1725 3317 1925 3364 vecors,
1962 3317 2121 3367 usque
2154 3302 2303 3370 adeo,
2334 3306 2391 3347 ut
2423 3299 2565 3347 Divo
2588 3296 2698 3346 Au-

1638 3387 1790 3444 gusto
1823 3379 1937 3443 jam
1976 3377 2215 3442 principe
2250 3382 2306 3425 et
2335 3374 2525 3436 Remp.
2564 3373 2703 3423 obti-

1636 3463 1813 3519 nente,
1834 3462 2001 3505 ratum
2025 3460 2196 3503 tamen
2222 3463 2545 3517 pensumque
2568 3450 2699 3498 nihil

1607 3534 1871 3596 baberet,
1907 3531 2007 3581 nisi
2039 3529 2173 3595 quod
2199 3530 2397 3592 justum
2433 3533 2700 3576 sanctum·

1638 3624 1739 3674 que
1756 3624 1869 3660 esse
1888 3609 1938 3657 iu
1956 3604 2353 3671 antiquitatibus
2369 3603 2521 3652 Rom.
2542 3603 2697 3667 legist-

1634 3684 1753 3734 set.’
1816 3686 1904 3734 De
1945 3684 2044 3733 hoe
2081 3683 2227 3746 plura
2257 3679 2604 3744 jureconsulti
2644 3679 2696 3727 in

1633 3761 1969 3824 Digestorum
1993 3759 2159 3809 libris.
2227 3757 2297 3806 Et
2330 3756 2581 3805 Horatius
2609 3770 2695 3804 eo-

1634 3837 1752 3886 dem
1786 3852 1887 3901 quo
1915 3837 2119 3886 Gellius
2156 3848 2309 3883 sensu
2343 3834 2453 3882 Sat.
2491 3846 2534 3882 1.
2569 3832 2694 3880 ‘La-

1631 3912 1798 3962 beone
1821 3911 2063 3968 insanior,
2087 3912 2219 3960 iuter
2249 3910 2414 3959 Sauos
2447 3905 2693 3969 dicatur,'

1631 3991 1728 4038 dcc.

1694 4072 1718 4096 v
1755 4063 1876 4110 Cum
1900 4061 2221 4110 Triumviram
2240 4058 2340 4122 [vir
2358 4058 2538 4122 dnm]
2592 4059 2688 4107 Le·-

1632 4145 1761 4205 gunt
1797 4137 2105 4198 Beroaldus,
2139 4143 2194 4186 et
2215 4137 2503 4187 Sabellicus
2524 4137 2684 4184 triam·

1628 4218 1803 4275 virum,
1844 4212 1934 4263 sed
1977 4227 2159 4277 parum
2200 4220 2324 4276 apto
2361 4225 2532 4260 sensu.
2600 4210 2681 4258 De

1631 4294 1726 4343 bac
1746 4292 1967 4342 Senatus
1990 4289 2215 4340 lectione
2238 4302 2394 4352 supra
2415 4303 2460 4338 c.
2476 4289 2558 4335 85.
