3019 4922
532 393 663 459 484

434 606 443 613 .
536 553 825 637 amplius
853 550 1002 637 pati
1030 539 1564 615 constantissime
1593 553 2017 626 recusantem,
2035 544 2448 615 delatoribus
2464 557 2492 596 ‘¹
2526 549 2705 635 obje2

535 658 673 737 cit;
715 675 799 720 ac
837 674 918 719 ne
945 670 1127 718 ream
1157 649 1428 734 quidem
1455 648 1879 733 interpellare
1907 648 2129 729 desiit,
2164 656 2185 686 ‘
2218 649 2481 735 Ecquid
2507 658 2532 699 ⁵
2564 672 2707 736 poe-

1382 405 1446 476 c.
1493 403 1585 453 su
1599 403 1788 452 aron
1800 402 1856 451 11

535 757 777 825 niteret
796 756 843 824 :'
884 756 1093 821 donec
1147 774 1251 832 ea,
1301 753 1532 818 relicto
1578 751 1870 837 judicio,
1937 752 2211 818 domum
2267 772 2359 817 se*
2398 754 2707 837 abripuit,

533 862 840 947 ferroque
882 858 1226 939 transegit,
1277 852 1761 922 obscoenitate⁶
1804 855 1941 920 oris
1987 855 2248 922 hirsuto
2292 860 2491 938 atque
2528 854 2708 922 olido

538 964 686 1029 seni
716 964 895 1028 clare
924 961 1339 1046 exprobrata,
1405 957 1607 1024 Unde
1634 965 1795 1023 nota
1814 966 1841 1009 ⁷
1872 959 1939 1023 in
1964 957 2345 1024 Atellanico
2365 965 2387 993 ¹
2413 958 2713 1036 exodio,⁸

535 1067 865 1150 proximis
927 1063 1100 1130 ludis
1171 1081 1451 1127 assensu
1524 1062 1818 1126 maximo
1888 1068 2202 1144 excepta,
2271 1061 2713 1146 percrebruit:

536 1173 557 1203 ‘
591 1167 877 1234 Hircum
906 1165 1200 1253 vetulum
1229 1163 1491 1249 capreis
1507 1163 1533 1202 ⁸
1564 1170 1865 1231 naturam
1894 1163 2207 1247 ligurire?
2290 1164 2455 1248 [46]
2498 1162 2711 1229 Pecu-

441 1302 446 1306 ·
538 1272 668 1336 niae
707 1267 988 1354 parcus‘
1036 1288 1115 1335 ac
1165 1274 1391 1346 tenax,
1434 1268 1748 1333 comitoeu
1793 1266 2392 1352 peregrinationum
2436 1264 2713 1349 expedi-

1457 1460 1487 1480 O

540 1669 588 1713 1.
612 1664 781 1712 Pulm.
813 1661 934 1724 duo,
954 1664 1101 1712 Cort.
1126 1662 1308 1724 Camp.
1338 1662 1438 1711 hoec
1458 1661 1576 1724 quid
1598 1663 1750 1711 Voss.
1813 1662 1947 1711 Tum
1975 1662 2179 1725 arripuit
2203 1662 2320 1711 libri
2343 1660 2411 1710 Ο.
2433 1661 2583 1711 Torr.
2606 1676 2719 1711 cum

538 1727 675 1777 Edd.
699 1727 954 1792 plerisque
974 1728 1220 1777 Vota-6
1256 1726 1619 1776 Obscoenitutem
1639 1727 1853 1776 Memm.
1871 1726 1987 1777 Pal.
2009 1731 2054 1778 l.
2074 1730 2123 1775 3.
2147 1733 2253 1775 tres
2276 1725 2471 1775 Medic.
2491 1725 2652 1775 vind.
2670 1730 2719 1775 2.

539 1792 674 1855 Cop.
699 1792 871 1843 Periz.
893 1792 990 1842 Ed.
1016 1793 1161 1856 Rom.
1184 1806 1289 1841 sec.
1311 1791 1567 1853 probante
1592 1792 1666 1841 Is.
1690 1792 1839 1840 Voss.
1864 1790 2013 1855 Conj.
2048 1790 2230 1840 Heius.
2258 1790 2557 1848 obscoenitute
2579 1791 2721 1839 moris

537 1856 700 1917 (sicut
719 1857 873 1907 etiam
896 1864 1042 1907 extat
1064 1858 1116 1906 in
1141 1856 1275 1906 Exc.‘
1287 1855 1436 1906 Voss.
1486 1856 1569 1905 vel
1598 1855 2029 1916 obscoenisoeditute
2049 1855 2306 1905 moria—7
2341 1855 2487 1903 Mora
2505 1855 2720 1905 Memm-

535 1922 681 1971 Dun.
703 1921 858 1971 Fouc.
876 1921 1070 1972 Medic.
1093 1926 1143 1972 2.
1163 1926 1211 1971 3.
1227 1921 1386 1972 Polit.
1457 1936 1560 1971 oss.
1580 1935 1695 1971 cum
1712 1928 1932 1985 utroque
1953 1920 2125 1970 Pulm.
2145 1920 2274 1970 Cod.
2294 1918 2519 1968 Turneb.
2538 1920 2644 1969 Ms.
2667 1928 2723 1970 et

539 2000 643 2035 uno
664 1987 814 2037 Torr.
839 2000 900 2035 ac
919 1985 1082 2036 Scriv.
1103 1987 1226 2035 item
1253 1986 1349 2035 Ed.
1370 1985 1512 2036 Ven.
1535 1990 1582 2036 1.
1604 1993 1660 2035 et
1684 1999 1848 2049 marg.
1862 1984 2076 2034 Mediol.
2098 1997 2251 2049 quam
2271 1986 2391 2033 lect.
2411 1984 2588 2034 Graev.
2607 1998 2721 2047 pro-

538 2049 702 2106 bavit,
729 2052 1023 2113 intelligens
1048 2050 1222 2113 μωρὰν,
1244 2049 1505 2100 foeminam
1527 2050 1743 2099 fatuam.
1808 2050 1914 2100 Alii
1943 2050 2202 2113 corrigere
2222 2050 2513 2099 maluerunt
2535 2048 2722 2112 locum,

538 2122 597 2163 ut
620 2115 799 2163 Burm-
824 2121 936 2172 ποτα
953 2130 1066 2179 vox,
1102 2116 1286 2166 Heius.
1301 2130 1447 2165 moroe
1467 2116 1519 2165 id
1542 2119 1630 2165 At.
1680 2113 1820 2165 Oud.
1842 2115 1965 2165 mira
1981 2116 2034 2164 in
2055 2114 2144 2165 At.
2167 2130 2246 2165 ex.
2267 2130 2361 2163 voa·
2375 2127 2519 2178 prox.
2541 2109 2724 2163 suffra·

476 2221 479 2224 .
537 2186 694 2241 gante
719 2178 870 2229 Wolf.
893 2179 978 2230 Cf.
1000 2182 1240 2243 luten-pp.
1305 2178 1368 2228 Iu
1393 2180 1491 2230 Ed.
1518 2179 1551 2233 J
1559 2180 1685 2231 unk.
1706 2180 1880 2230 editur
1895 2186 2012 2229 nota
2032 2180 2070 2228 i.
2092 2179 2157 2229 A.
2181 2194 2223 2229 e.
2240 2194 2293 2243 p.
2317 2180 2352 2228 1.
2374 2194 2423 2229 u.
2442 2194 2508 2229 m.
2529 2184 2724 2242 exceptu

537 2258 650 2304 vox,
682 2250 739 2294 et
762 2250 797 2292 a·
812 2259 882 2294 m.
906 2244 1045 2294 doct.
1067 2245 1116 2294 in
1140 2244 1238 2294 Ed.
1255 2244 1434 2308 Steph.
1457 2246 1583 2296 mira
1603 2250 1837 2295 notatur.
1904 2245 2146 2294 Ceterum
2168 2245 2221 2294 in
2244 2244 2393 2294 deest
2410 2244 2569 2293 Voss.
2590 2258 2724 2292 emor-

537 2308 619 2356 dio
645 2308 740 2359 Ed.
762 2308 945 2372 Camp.
977 2315 1168 2373 excepto
1188 2309 1386 2359 Medic.
1401 2313 1450 2358 1.
1475 2324 1505 2357 a
1526 2325 1596 2361 m.
1619 2313 1800 2372 pr.—8
1830 2309 2067 2359 ‘Servavi
2092 2308 2157 2358 ob
2197 2309 2265 2359 Ο.
2302 2308 2467 2359 Codd.
2500 2308 2724 2358 auctori·

538 2378 716 2432 tatem,
751 2388 1039 2440 quanquam
1062 2388 1245 2437 cupreae
1274 2375 1582 2439 plerumque
1620 2373 1746 2425 ferae
1766 2388 1940 2439 caprae
1962 2374 2224 2437 dicuntur,
2255 2381 2314 2425 ut
2336 2373 2568 2424 ostendit
2587 2374 2650 2423 ad
2671 2374 2722 2423 lr.

904 1597 969 1647 In
987 1598 1132 1649 Dun.
1152 1596 1351 1647 Medic.
1371 1600 1422 1647 2.
1440 1597 1594 1646 Voss.
1609 1596 1927 1661 nequicquam.
2136 1595 2250 1659 qnid
2271 1595 2466 1646 Medic.
2490 1599 2540 1648 1.
2561 1596 2717 1645 Viud.

1521 2562 1737 2615 NOTAE

601 2681 627 2715 <¹
660 2673 990 2739 Debitoribus]
1040 2674 1463 2742 Accusatoribus,
1502 2677 1593 2742 qui

537 2760 654 2798 eam
689 2748 930 2800 adulterii
966 2751 1047 2800 vel
1081 2751 1417 2816 inipudicitioe
1452 2767 1592 2803 ream

1645 2677 1786 2735 ,San
1811 2689 1886 2727 vt.
1934 2676 2189 2728 ‘Urbicus
2224 2644 2410 2726 exodio
2443 2674 2597 2725 risum
2619 2688 2724 2725 mo-

1674 2760 1765 2804 vet
1819 2753 2072 2803 Atellanae
2132 2751 2377 2802 Gestibus
2428 2748 2724 2805 Autonoes}

536 2821 788 2874 facerent.
896 2853 908 2863 ‚

602 2906 623 2932 ¹·
653 2899 940 2965 Atellanico]
995 2903 1249 2955 Atellanae
1292 2902 1483 2956 fabulae
1523 2905 1592 2956 ab

535 2973 716 3026 Atella
756 2978 1006 3030 Oscorum
1055 2981 1271 3043 civitate
1312 2996 1496 3031 nomen
1540 2991 1595 3032 et

537 3051 792 3115 originem
822 3053 1037 3116 duxere,
1069 3057 1384 3120 argumentis
1414 3057 1592 3107 dictis·

540 3140 641 3190 que
655 3128 1315 3192 jocularibus,⁴Graecorum
1338 3133 1591 3197 Satyricis

536 3202 745 3258 similes,
777 3203 871 3254 sed
909 3219 1025 3269 quae
1062 3220 1167 3256 non
1205 3207 1492 3272 agebantur
1525 3208 1593 3258 ab

535 3279 890 3331 histrionibus.
1188 3332 1191 3333 γ

603 3363 621 3388 ·
653 3356 865 3420 Exodio]
913 3358 1169 3409 Exodium
1208 3359 1420 3419 dicitur,
1455 3363 1593 3428 quod

537 3435 988 3497 cuman-gumenti
1032 3444 1231 3500 partem
1267 3451 1370 3487 non
1408 3436 1591 3500 faciat,

535 3509 654 3559 huic
709 3515 883 3559 tamen
934 3511 1179 3560 inseritur
1218 3512 1591 3565 oblectamenti

536 3598 726 3646 causa;
773 3585 961 3636 exodia
980 3587 1173 3637 etenim
1195 3589 1500 3655 plerumque
1525 3592 1591 3641 ri-

536 3663 728 3727 dicula,
759 3663 1016 3715 Atellanis
1045 3667 1365 3730 potissimum
1402 3669 1591 3721 fabulis

537 3739 803 3801 adbibita;
838 3755 953 3803 quae
976 3742 1021 3791 si
1044 3742 1214 3792 statim
1254 3743 1320 3792 ab
1340 3743 1488 3796 initio
1513 3761 1594 3796 re*

535 3815 842 3880 citarentur,
865 3826 1014 3869 erant
1036 3817 1229 3875 εἶσόδια,
1248 3821 1390 3884 quasi
1409 3822 1594 3884 ingres·-

533 3906 618 3941 eus
631 3908 652 3950 ,·
686 3892 729 3941 si
768 3893 819 3943 in
848 3895 1041 3958 medio,
1064 3894 1271 3962 ἔμβολα,
1294 3898 1390 3948 hoc
1413 3907 1494 3949 est
1515 3901 1591 3950 ‘in-

533 3969 731 4029 ταύροιο
743 3984 764 4027 ,·
797 3970 842 4019 si
873 3970 923 4019 iu
953 3970 1055 4022 fine
1078 3971 1245 4037 ἑξόδια,
1270 3975 1364 4025 hoc
1384 3982 1464 4026 est
1487 3978 1592 4026 exi-

536 4048 631 4092 tus.
720 4044 982 4098 Atellanas
1035 4057 1206 4099 tamen
1261 4051 1398 4115 ipsas
1443 4060 1593 4104 extra

536 4130 890 4193 argumentum
909 4122 981 4174 ‘et
1017 4126 1186 4176 exodii
1217 4127 1332 4177 loco
1365 4128 1591 4192 interpo-

536 4192 659 4242 sitas
677 4195 806 4246 dicit
820 4199 1142 4264 Torrentius,
1164 4203 1589 4266 quemadmodum

541 4269 679 4333 apud
723 4271 1172 4341 Graecos'Satirae,
1215 4295 1281 4330 ex
1318 4280 1588 4333 Juvenalis

1672 2832 1775 2880 ὅτε.
1840 2829 1943 2879 Sed
1977 2842 2077 2878 non
2108 2836 2347 2893 apparet,
2377 2841 2538 2892 quare
2560 2827 2628 2877 de
2649 2827 2723 2891 ip·

1672 2908 1775 2956 sius
1798 2904 2054 2955 Atellanae
2084 2904 2267 2954 exodio
2293 2903 2598 2956 Juvenalem
2626 2916 2722 2953 non

1671 2982 1945 3045 intelligat.

1740 3061 1757 3092 ‘
1784 3057 2008 3108 Pecuniae
2034 3054 2227 3119 parcus]
2280 3053 2626 3114 Contrarium,
2648 3067 2725 3104 re·

1672 3133 1847 3184 ferunt
1868 3141 1925 3184 et
1958 3134 2062 3182 Dio
2099 3138 2156 3183 et
2186 3131 2437 3192 Tacitus3
2465 3130 2553 3180 bie
2591 3130 2722 3180 enim

1672 3213 1796 3263 satis
1824 3211 2026 3262 firmum
2048 3211 2296 3261 adversus
2330 3208 2605 3273 pecuniam
2640 3208 2723 3256 Ti·

1671 3287 1872 3338 berium
1896 3287 2166 3352 praedicat,
2190 3285 2279 3336 lib.
2301 3299 2388 3335 m.
2409 3283 2598 3334 Annal.

1734 3371 1758 3397 ¹¹
1786 3361 2015 3425 Comites]
2038 3364 2124 3413 De
2147 3360 2419 3412 comitibus
2431 3359 2545 3424 jam
2567 3373 2724 3423 supra

1671 3439 1724 3489 in
1768 3439 1911 3492 Julio
1953 3450 2072 3502 cap.
2114 3443 2164 3489 4.
2200 3445 2257 3487 et
2293 3441 2375 3487 42.
2415 3435 2508 3485 sed
2547 3437 2722 3500 quales
2827 3456 2830 3461 ⁴

1671 3522 1821 3564 erant
1844 3515 1938 3565 sub
1964 3512 2369 3576 magistratibus.
2433 3512 2722 3576 Imperato-

1670 3605 1782 3641 rum
1818 3598 1991 3641 autem
2034 3590 2269 3652 comites,
2319 3601 2617 3654 quanquam
2655 3587 2722 3638 ad

1671 3682 1847 3718 eorum
1892 3666 2275 3717 similitudinem
2315 3664 2622 3728 introducti,
2657 3663 2720 3712 ab

1672 3745 1734 3796 iis
1758 3753 1927 3795 tamen
1952 3744 2271 3810 procedente
2305 3748 2540 3807 tempore
2562 3743 2719 3805 magis

1673 3837 1735 3873 ac
1768 3823 1931 3887 magis
1963 3821 2154 3872 diversi
2191 3819 2355 3870 fuere.
2419 3818 2597 3868 Primo
2620 3817 2720 3867 Im·

1672 3899 1997 3964 peratoribns
2041 3896 2333 3948 amicissimi
2385 3894 2553 3958 fuere,
2595 3901 2654 3945 et
2692 3907 2723 3942 a

1671 3975 1915 4038 consiliis,
1951 3974 2089 4024 unde
2123 3972 2471 4037 Augustorum
2516 3969 2719 4021 consili-

1672 4052 1764 4100 arii
1799 4051 1925 4101 dicti
1964 4057 2105 4113 sunt,
2148 4049 2293 4114 quus
2336 4045 2719 4097 consuetudinis

1671 4128 1937 4178 exordium
1965 4128 2106 4190 legas
2142 4126 2193 4174 iu
2218 4124 2457 4188 Augusto
2488 4138 2606 4186 cap.
2640 4126 2720 4172 δᾶ.

1672 4205 1802 4255 Cum
1835 4212 2008 4254 autem
2041 4201 2399 4252 consistorium
2427 4200 2496 4249 sit
2519 4199 2716 4248 Princi-

1669 4283 1749 4349 pis
1782 4270 2068 4345 consilium,
2089 4286 2142 4330 et
2174 4279 2317 4345 quasi
2340 4279 2581 4342 Senatus,
2602 4278 2716 4326 binc
