3019 4922
1214 402 1629 453 PRAEFATlo.
1837 356 1844 367 ¹
2470 392 2516 454 9

330 549 602 625 eveniet,
622 554 723 624 ut,
747 565 903 631 quaa
924 565 1046 630 per
1067 534 1370 611 diversas
1388 545 1718 612 lectiones
1740 545 2048 612 distribui
2074 547 2244 613 alias
2265 549 2510 629 solent,

330 671 457 718 una
493 650 865 733 eademque
911 649 1182 731 ingenio
1230 656 1301 713 et
1345 649 1569 713 animo
1610 650 1869 733 possint
1911 649 2265 734 propinari.
2352 653 2397 718 J
2404 672 2513 718 am

328 775 473 841 quae
505 755 727 819 solent
755 752 1149 819 Graecorum
1173 758 1602 818 monumenta
1631 754 1701 817 in
1728 754 2041 819 manibus
2064 773 2216 819 esse
2246 754 2514 820 adoles-

327 859 761 935 centulorum,
791 855 919 927 nisi
948 855 1284 920 Plutarchi
1311 855 1481 921 sorte
1509 855 1684 920 banc
1714 856 1820 920 vel
1858 855 2044 921 illam
2071 857 2282 922 vitam
2310 877 2515 923 exce-

324 961 535 1045 peris3
583 966 674 1039 et,
717 960 776 1024 si
822 958 1110 1042 amplior
1158 960 1364 1024 etiam
1412 958 1752 1042 magistris
1798 959 2130 1041 supellex,
2174 960 2513 1044 quomodo

325 1068 639 1148 poterunt
679 1062 907 1128 afferre
948 1068 1050 1126 tot
1078 1061 1416 1126 volumina
1445 1062 1725 1147 ejusque
1772 1062 2162 1145 plerumque
2193 1063 2414 1141 molis,
2445 1071 2513 1128 et

321 1168 708 1251 conquirere
765 1165 983 1247 locos
1013 1165 1083 1228 in
1152 1163 1542 1229 auctoribus
1616 1164 1874 1248 passim
1936 1162 2304 1246 dispersos,
2363 1165 2506 1229 sine

319 1271 611 1336 maxima
645 1268 974 1345 molestia,
1012 1273 1087 1341 ‚et
1122 1267 1221 1331 rei
1263 1286 1395 1332 non
1439 1267 1664 1331 minus
1709 1286 1908 1350 quam
1951 1266 2263 1350 temporis
2312 1267 2510 1333 detri-

317 1379 529 1438 mento
553 1375 587 1437 ‘t
683 1372 815 1436 His
843 1372 1044 1454 igitur
1070 1371 1313 1435 ductus
1341 1369 1738 1448 rationibus,
1769 1388 1939 1452 quas
1971 1388 2161 1434 veras
2192 1369 2353 1434 mibi
2389 1390 2510 1435 ex·-

317 1477 642 1561 perientia
670 1483 741 1540 et
769 1473 1189 1559 quotidiana,
1221 1492 1377 1557 quae
1396 1474 1467 1537 in
1495 1473 1621 1538 boc
1641 1469 2073 1537 institutionis
2101 1491 2336 1553 genere
2363 1493 2512 1538 ver-

317 1586 510 1659 satur,
544 1598 758 1664 opera
784 1579 949 1643 satis
979 1577 1606 1660 comprobaverant,
1626 1574 1814 1658 prius
1846 1594 2046 1657 quam
2077 1575 2162 1639 ad
2193 1577 2511 1658 interpre-

317 1684 587 1748 tandum
630 1682 1022 1748 Suetonium
1078 1680 1486 1757 accederem,
1517 1679 1626 1744 vel
1669 1678 1955 1749 aliorum
1994 1679 2510 1743 commentarios

316 1785 716 1869 diligentiori
766 1784 989 1849 studio
1019 1789 1497 1866 perscrutarer,
1524 1782 1869 1866 repetitam
1911 1781 2168 1846 institui
2195 1780 2503 1857 fontium,

317 1888 703 1955 Graecorum
758 1888 1075 1965 maxime,
1121 1886 1505 1964 lectionem,
1546 1886 1660 1969 qui
1706 1893 1780 1951 ut
1820 1886 1888 1949 in
1930 1884 2220 1950 Caesaris
2254 1890 2320 1949 et
2364 1882 2508 1948 Au-

315 1993 479 2071 gusti
509 1992 662 2056 vita
706 1989 1070 2073 largissimi
1112 1987 1401 2067 affluunt,
1442 2007 1610 2053 mox
1657 1987 1910 2067 ,sensim
1962 1988 2345 2072 sensimque
2396 1988 2513 2052 de-

315 2099 624 2160 crescunt
658 2099 728 2159 et
769 2092 1044 2160 tandem
1094 2093 1164 2157 in
1213 2111 1352 2157 uno
1396 2092 1535 2157 fere
1582 2092 1804 2158 Dione
1857 2111 2081 2175 eoque
2118 2110 2202 2154 ne
2249 2091 2509 2174 integro

315 2197 576 2278 quidem
607 2196 921 2262 residunt.
1009 2196 1120 2260 Ex
1162 2195 1291 2274 bis,
1320 2215 1473 2279 quae
1528 2195 1789 2261 Nostro
1837 2196 2093 2279 gemina
2119 2200 2375 2272 essent,
2405 2194 2507 2258 di·-

310 2297 589 2383 ligenter
645 2307 967 2385 excerpta
1025 2303 1268 2384 postea
1325 2300 1393 2364 in
1457 2299 1810 2365 astruenda
1868 2300 2020 2384 ipsa
2073 2297 2510 2363 annotatione

312 2420 480 2469 novo
527 2403 806 2470 dilectui
854 2402 1139 2489 subjeci,
1190 2402 1371 2468 unde
1407 2402 1476 2467 id
1521 2402 1776 2468 factum
1828 2421 2049 2487 spero,
2077 2409 2158 2467 ut
2187 2401 2511 2485 aptiorem

310 2506 560 2590 saepius
606 2506 833 2572 locum
871 2513 941 2571 et
983 2504 1760 2587 reconditiorem„quam
1797 2506 2037 2588 reliqui
2082 2506 2507 2588 interpretes,

308 2608 769 2693 compararim,
796 2609 869 2673 in
897 2629 1034 2692 qua
1064 2616 1287 2673 tamen
1326 2627 1398 2673 re
1444 2607 1625 2673 haud
1670 2626 1909 2691 parum
1937 2607 2242 2691 adjutum
2272 2626 2378 2672 me
2404 2607 2509 2672 fa·-

305 2715 443 2774 teor
469 2710 732 2794 egregio
778 2711 1070 2777 Fabricii
1097 2717 1164 2777 et
1207 2710 1508 2778 Reimari
1555 2710 1623 2773 in
1671 2709 1963 2775 Dionem
1994 2711 2507 2789 commentari03

305 2812 430 2889 vel,
472 2814 594 2878 ubi
631 2818 966 2897 praerepta
990 2812 1141 2897 jam
1194 2832 1238 2877 a
1285 2811 1744 2896 superioribus
1782 2813 2062 2878 materia
2105 2818 2309 2889 esset,
2340 2811 2508 2875 meis

305 2917 520 2979 tamen
550 2914 770 2980 oculis
801 2914 1063 2998 singula
1088 2914 1365 2993 vidisse,
1395 2934 1611 2999 neque
1647 2935 1943 2999 unquam
1972 2915 2043 2979 in
2083 2915 2316 2980 aliena
2344 2932 2507 2978 auc-

308 3018 570 3082 toritate
623 3017 1068 3102 acquievisse,
1097 3017 1281 3082 laudi
1327 3018 1569 3082 ducere
1611 3018 1776 3083 mibi
1811 3018 2086 3103 possim.
2173 3016 2506 3082 Pitiscum

307 3120 497 3198 enim,
528 3120 721 3206 cujus
748 3120 957 3188 editio
987 3120 1303 3186 absoluta
1331 3119 1605 3186 demum
1637 3121 1935 3186 maxima
1965 3121 2185 3203 operis
2214 3127 2404 3203 parte
2431 3119 2505 3183 in

305 3239 530 3286 manus
559 3240 750 3286 meas
781 3221 1115 3306 pervenit,
1144 3222 1363 3307 repa-i
1392 3223 1663 3307 quidem
1689 3222 1874 3288 idem
1905 3223 2257 3287 consilium
2287 3220 2502 3286 fuisse

306 3331 622 3401 secutum,
684 3324 807 3389 sed
876 3344 1032 3389 cum
1093 3327 1616 3391 commentarios
1672 3326 2066 3408 iudicesque
2115 3324 2503 3410 promiscue

307 3425 710 3509 compilaret,
761 3426 851 3491 ob
897 3426 1080 3510 qnod
1126 3446 1389 3494 summo
1430 3428 1586 3512 jure
1630 3428 1831 3493 etiam
1882 3429 1969 3494 ab
2020 3426 2504 3511 Oudendorpio

305 3528 556 3609 passim
599 3530 909 3613 carpitur,
936 3535 1007 3594 et
1034 3531 1253 3595 inutili
1298 3532 1469 3596 mole
1516 3532 1838 3596 lectorem
1881 3532 2211 3605 obruisse,
2237 3534 2306 3594 et
2345 3548 2506 3594 con-

306 3631 553 3709 tulisse,
594 3650 749 3715 quae
780 3632 887 3697 vel
937 3652 1173 3715 parum
1209 3632 1456 3697 idonea
1491 3632 1598 3697 vel
1638 3631 1865 3697 aliena
1908 3631 2112 3695 etiam
2157 3636 2227 3694 et
2269 3631 2503 3696 absur-

308 3731 393 3796 da
430 3734 767 3800 attentiori
804 3734 1086 3800 lectione
1114 3734 1314 3801 facile
1352 3735 1804 3818 cognovisset.
1892 3732 2200 3798 Ceterum
2249 3732 2500 3818 po'etas

306 3834 511 3899 rarius
558 3834 860 3913 adhibui,
888 3836 1020 3901 nisi
1051 3838 1163 3902 nbi
1203 3836 1291 3902 ad
1321 3857 1548 3902 mores
1581 3835 1815 3902 saeculi
1853 3834 2284 3902 illustrandos
2313 3835 2502 3901 face-

307 3941 460 4013 rmt,
501 3936 749 4021 partim
794 3937 979 4021 quod
1026 3939 1295 4003 omnino
1341 3939 1541 4024 hujus
1593 3939 1759 4004 artis
1813 3944 1943 4015 est,
1993 3957 2236 4021 augere
2279 3957 2385 4002 res
2430 3946 2504 4003 et

309 4036 747 4119 splendidiore
794 4040 1019 4105 colore
1063 4042 1410 4120 adornare,
1462 4041 1708 4125 partim
1756 4039 1939 4123 quod
1988 4040 2291 4106 adulatio
2340 4059 2500 4124 erga

306 4137 710 4207 foedissimos
741 4150 1086 4227 tyrannos,
1116 4164 1256 4228 qua
1277 4163 1343 4210 v.
1377 4162 1436 4209 c.
1467 4139 1808 4209 Martialis
1825 4150 1891 4208 et
1913 4142 2170 4208 Statius
2191 4141 2495 4221 affluunt,

305 4245 481 4309 tanto
528 4243 801 4310 fastidio
855 4244 1116 4314 afficere
1176 4248 1480 4324 intimum
1536 4246 1743 4317 animi
1789 4246 1916 4312 mei
1974 4264 2241 4312 sensum
2293 4243 2494 4320 solet,
2537 4295 2540 4298 .
