3019 4922
494 388 625 455 422

493 568 648 634 pars
704 547 917 613 vestis
968 552 1037 610 et
1087 544 1321 629 capilli
1371 546 1894 610 amburereutur.
1987 544 2288 623 Munera,
2336 547 2589 630 quibus
2644 570 2689 615 a.

496 651 843 736 Pompeia,
908 651 1092 714 Sext.
1155 647 1461 732 Pompeii
1517 667 1760 725 sorore,
1809 648 1876 711 in
1937 648 2168 714 Sicilia
2208 649 2494 714 donatus
2537 636 2697 728 est‚⁶

495 755 831 837 chlamysv
860 760 928 818 et
969 753 1238 830 fibula?
1268 752 1426 815 item
1469 752 1668 816 bullae
1690 758 1721 784 ¹
1749 770 2000 827 aureae,
2033 752 2294 830 durant,
2328 754 2693 818 ostendun-

493 862 730 941 turque
756 857 974 922 adhuc
1007 856 1220 920 Baiis.
1295 855 1488 919 Post
1519 856 1798 919 reditum
1823 855 1893 918 in
1925 854 2180 919 Urbem
2213 877 2255 921 a
2289 856 2388 919 M.
2418 856 2695 921 Gallioy

494 961 819 1026 Senatore
880 965 1269 1025 testamento
1328 960 1739 1042 adoptatus,²
1811 959 2199 1023 haereditate
2260 958 2467 1037 adita,
2528 979 2698 1031 mox

496 1064 770 1128 nomine
801 1063 1165 1142 abstinuit3
1213 1061 1395 1147 quod
1428 1060 1702 1126 Gallius
1734 1061 2167 1126 adversarum
2196 1060 2507 1143 Augusto
2540 1083 2694 1146 par-

491 1166 657 1230 tium
691 1167 927 1233 fuerat.
1016 1165 1285 1230 Novem
1316 1171 1512 1230 natus
1543 1173 1797 1229 annos⁸
1850 1163 2233 1228 defunctum
2272 1171 2531 1248 patrem
2565 1184 2692 1248 pro,

493 1267 760 1335 Rostris
816 1268 1136 1334 laudavit.
1227 1269 1527 1333 Dehinc⁷
1578 1269 1959 1352 pubescens
2005 1266 2296 1333 Actiaco
2353 1268 2690 1351 triumpho

495 1390 759 1436 currum
809 1370 1100 1454 Augusti
1157 1371 1519 1435 comitatus
1569 1375 1694 1448 est,
1745 1370 2148 1443 sinisteriore
2192 1370 2404 1435 funali
2457 1369 2692 1455 equo,b

1360 403 1420 451 G.
1467 400 1759 461 suss'ron
1775 402 1834 450 11

1405 1570 1764 1591 OOOOOOOO‘O‘O

494 1708 541 1752 1.
603 1703 787 1754 Statim
807 1704 959 1754 Vind.
981 1709 1031 1754 2.
1051 1719 1167 1754 cnm
1193 1706 1334 1757 Cort.
1358 1708 1483 1756 daut
1518 1708 1842 1757 aburerentur.
1843 1708 1942 1752 —6
1977 1705 2067 1753 Est
2100 1717 2201 1753 non
2237 1703 2431 1775 legitur
2468 1704 2519 1752 in
2558 1703 2694 1755 Edd.

494 1770 641 1817 Rom.
661 1769 799 1818 idest
820 1770 913 1818 chl.
948 1771 1064 1833 Cuj.
1098 1773 1261 1821 clamis
1296 1774 1345 1821 in
1366 1774 1497 1835 aliis,
1528 1776 1689 1823 clavus
1711 1774 1869 1821 Fouc.
1934 1771 2063 1821 Tum
2083 1784 2240 1819 aureoe
2258 1784 2362 1832 11«oe
2377 1770 2569 1818 durant
2576 1770 2692 1821 Me

492 1833 592 1884 dic.
619 1839 663 1883 1.
689 1835 817 1897 Cop-
838 1837 982 1886 Cort.
1004 1836 1160 1886 Vind.
1183 1842 1232 1887 2.
1300 1839 1427 1888 Mox
1451 1839 1599 1889 deest
1624 1838 1768 1887 Baiis
1793 1838 1932 1886 Dun.
1954 1836 2072 1898 Cuj.
2095 1843 2149 1882 et
2172 1833 2362 1883 habent
2393 1833 2695 1886 Urbecort.

491 1899 626 1949 Edd.
649 1850 799 1949 Romp
784 1905 895 1950 .-7
919 1901 1051 1951 Dein
1074 1916 1235 1967 marg.
1255 1903 1405 1955 Torr.
1455 1905 1579 1954 Mox
1603 1905 1731 1954 Exc·
1764 1902 1878 1966 Cuj.
1913 1901 2040 1950 dant
2059 1900 2210 1995 furiali
2232 1900 2308 1949 cel
2336 1899 2498 1950 sinist.
2513 1902 2693 1985 reden

1481 2082 1695 2134 NOTAE

555 2202 578 2232 V
614 2202 859 2267 chlamys]
913 2205 1091 2257 Vestis
1142 2215 1258 2258 erat
1311 2209 1548 2258 militaris
1628 2221 1702 2255 vs.
1723 2210 1806 2256 20.
1849 2204 2166 2257 ‘Jussistiin
2193 2201 2523 2267 splendorem
2568 2201 2685 2251 dari

490 2291 594 2326 una
625 2285 681 2330 et
705 2281 936 2347 puerilis,
960 2290 1018 2333 ut
1041 2290 1265 2334 testatur
1294 2285 1544 2349 Virgilius

489 2354 555 2404 de
579 2354 939 2409 Andromache
963 2361 1288 2427 chlamydem
1323 2363 1547 2413 Ascanio

489 2432 735 2497 donante,
754 2437 843 2488 lib.
871 2450 961 2487 ιιι.
978 2434 1182 2490 AEneid.

552 2517 586 2544 w
619 2512 820 2577 Fibula]
854 2515 1059 2580 Cinguli
1085 2524 1444 2568 ornamentum
1478 2517 1545 2566 ad

488 2597 686 2640 vestem
701 2591 1076 2656 subligandam.
1103 2594 1354 2659 Virgilius
1376 2613 1388 2642 z
1408 2597 1424 2624 ⁴
1440 2595 1547 2645 Au-

487 2680 577 2715 rea
601 2681 908 2731 purpuream
942 2670 1209 2722 subnectit
1241 2672 1400 2722 fibula
1434 2688 1551 2722 ves-

489 2742 630 2791 tem.’
696 2744 1054 2796 Comoedorum
1086 2754 1142 2797 et
1196 2751 1547 2813 tragoedorum

486 2818 660 2871 fibutae
706 2821 843 2872 aliud
890 2824 1012 2888 quid
1054 2835 1224 2885 erant,
1257 2826 1324 2876 de
1362 2826 1546 2891 quibus

486 2896 678 2946 videsis
716 2898 1026 2951 Juvenalem
1060 2902 1171 2952 Sat.
1195 2917 1273 2953 vr.
1330 2904 1547 2953 Martia-

484 2974 584 3022 lem
607 2975 760 3038 Epig.
783 2981 865 3026 81.
888 2978 977 3028 lib.
1003 2991 1106 3028 vu.
1139 2989 1192 3028 et
1218 2980 1427 3043 passim.

547 3056 574 3081 ¹
608 3049 795 3113 Bunae]
849 3053 932 3102 De
975 3052 1051 3101 his
1091 3054 1142 3103 in
1192 3056 1335 3107 Julio
1381 3072 1427 3105 c.
1460 3061 1544 3107 84.

486 3123 615 3172 Cum
640 3132 810 3174 autem
834 3127 885 3175 in
909 3130 1323 3191 pluralinumero
1347 3133 1541 3184 dixerit

483 3199 710 3261 ‘bullae,’
763 3201 882 3250 ideo
924 3217 1025 3252 non
1066 3202 1291 3268 pueriles
1338 3215 1540 3258 tantum

481 3276 595 3325 illas
619 3276 881 3342 intelligit,
897 3280 989 3330 sed
1010 3286 1067 3331 et
1086 3297 1172 3331 eas
1190 3283 1376 3348 quibus
1393 3286 1540 3351 quasi

481 3353 746 3403 clavorum
784 3358 1101 3422 quorundam
1144 3375 1411 3411 aureorum
1455 3379 1541 3414 ca-

481 3430 675 3494 pitibus
748 3434 1067 3486 ornabantur
1116 3438 1269 3487 etiam
1317 3440 1541 3491 virorum

481 3506 687 3571 cingula
716 3518 767 3559 et
793 3512 967 3561 baltei.
1033 3516 1151 3565 Quo
1184 3530 1338 3567 sensu
1360 3517 1536 3582 Virgi-

480 3584 578 3633 lius
618 3586 821 3637 AEneid.
877 3602 963 3637 lx.
1019 3591 1186 3642 dixit:
1253 3595 1533 3647 ‘Phaleras

480 3660 784 3711 Rhamnetis
816 3672 873 3712 et
908 3679 1064 3715 aurea
1096 3666 1251 3717 bullis
1275 3670 1535 3733 Cingula!

479 3739 549 3787 Et
568 3738 655 3787 lib.
681 3752 783 3788 xn.
802 3738 853 3789 iu
877 3739 1013 3791 fine:
1057 3744 1243 3795 ‘Notis
1277 3746 1535 3799 fulserunt

478 3815 681 3878 cingula
713 3814 902 3866 bullis.’
968 3818 1054 3870 Sic
1092 3821 1250 3871 etiam
1274 3823 1460 3874 Cicero
1484 3826 1535 3874 in

476 3891 710 3942 Verrinis
778 3895 1012 3957 appellat
1067 3898 1241 3961 capita
1296 3902 1535 3964 qtiaedam

479 3971 739 4021 clavorum
784 3974 1147 4033 eminentiora,
1178 3978 1360 4043 quibus
1396 3979 1534 4031 fores

389 4095 390 4098 ,
478 4047 821 4113 adornantur3
879 4052 1092 4102 Verrem
1130 4056 1265 4104 enim
1306 4066 1538 4119 accusat,

479 4124 568 4188 qui
587 4126 719 4174 tales
735 4142 799 4175 ex
824 4129 983 4178 valvis
1004 4131 1183 4195 templi
1209 4134 1535 4198 magnificen-

475 4201 659 4250 tissimi
704 4202 969 4253 detractas
1003 4207 1295 4258 abstulerit.
1363 4212 1447 4261 Ita
1481 4223 1537 4262 et

474 4279 694 4330 Plautus
728 4279 779 4329 in
801 4279 1039 4331 Asinaria
1064 4282 1183 4333 Act.
1217 4300 1280 4337 11.
1312 4287 1463 4347 Scen.
1485 4294 1535 4339 4.

1626 2282 1790 2332 bullas
1813 2283 1903 2331 has
1925 2282 2123 2331 foribus
2147 2279 2375 2334 nostris?

1685 2366 1708 2401 1
1745 2359 1931 2422 Gallio]
1980 2360 2153 2421 Supra
2189 2359 2243 2407 in
2291 2346 2528 2421 Augusto
2565 2370 2684 2419 cap.

1623 2440 1707 2486 27.
1742 2437 1936 2486 mentio
1962 2435 2019 2486 fit
2039 2437 2305 2501 quusdam
2331 2435 2514 2496 Gallii,
2535 2449 2690 2501 quem

1625 2513 1893 2576 Augustus
1945 2513 2111 2563 occidi
2141 2513 2327 2577 jussit3
2403 2512 2542 2561 unde
2587 2525 2690 2560 non

1627 2590 1811 2640 mirum
1846 2590 1995 2654 hujus
2041 2587 2258 2639 fratrem
2319 2590 2401 2638 vel
2445 2589 2691 2651 gentilem

1628 2668 1855 2733 aliquem
1903 2668 2138 2732 Augusto
2193 2667 2541 2727 adversatum,
2595 2679 2692 2715 nec

1627 2745 1738 2808 ejus
1790 2759 1977 2794 nomen
2032 2759 2063 2793 a
2132 2744 2341 2794 Tiberio
2393 2748 2691 2805 acceptum,

1628 2822 1858 2887 quamvis
1881 2822 2105 2886 jubente
2130 2820 2425 2871 testamenti
2451 2821 2590 2883 lege.

1690 2892 1718 2933 z‘
1749 2901 2045 2950 Testamenta
2066 2896 2340 2964 adoptatus]
2377 2899 2463 2948 De
2494 2898 2573 2946 his
2599 2896 2687 2946 ad-

1627 2977 1924 3040 optionibus
1936 2978 2044 3040 jam
2078 2991 2236 3041 supra
2256 2977 2308 3026 in
2330 2975 2471 3027 Julio
2491 2990 2538 3025 c.
2563 2979 2612 3024 8.
2634 2981 2689 3024 et

1627 3054 1864 3116 Augusto
1887 3071 1934 3105 c.
1960 3055 2162 3104 ultimo.
2688 3045 2697 3050 ’

1690 3139 1714 3163 ²
1749 3132 1930 3180 Novem
1953 3136 2093 3179 natus
2127 3128 2298 3191 annos]
2344 3128 2491 3177 Idem
2531 3125 2688 3177 officii

1622 3208 1778 3259 Juliae
1820 3209 1950 3257 aviae
1983 3224 2086 3257 suae
2135 3206 2365 3256 reddidit
2417 3205 2682 3267 Augustus

1623 3285 1892 3335 duodecim
1936 3292 2089 3335 natus
2126 3298 2322 3344 annos;
2356 3280 2493 3331 idem
2530 3289 2587 3331 et
2622 3282 2686 3331 de

1623 3364 1967 3433 praetextatisx
1998 3362 2303 3429 quibusdam
2363 3360 2551 3425 fertur,
2593 3362 2683 3411 sed

1623 3441 1936 3493 orationibus
1948 3456 2074 3506 quas
2090 3441 2260 3489 aliena
2277 3439 2529 3488 industria
2547 3453 2687 3488 com-

1616 3521 1812 3583 positas
1832 3516 1992 3567 fuisse
2020 3518 2100 3565 vel
2124 3531 2188 3565 ex
2214 3518 2312 3565 hoc
2333 3530 2435 3564 uno
2451 3516 2684 3579 suspice·

1615 3597 1705 3655 ris,
1729 3598 1866 3663 quod
1901 3597 2043 3646 Nero
2070 3610 2359 3659 quanquam
2402 3595 2683 3657 septimum

1616 3682 1670 3724 et
1693 3674 1951 3723 decimum
1990 3673 2159 3721 aetatis
2185 3687 2375 3722 annum
2399 3673 2683 3735 attigisset,

1615 3761 1675 3804 ut
1719 3752 1858 3803 infra
1910 3754 1961 3802 in
1997 3755 2108 3817 ejus
2145 3753 2252 3802 vita
2284 3768 2330 3802 c.
2362 3757 2414 3801 8.
2452 3752 2682 3802 oratione

1617 3841 1790 3883 tamen
1826 3833 2074 3882 aSeneca
2106 3830 2394 3894 composita
2428 3830 2682 3896 laudatio·

1616 3925 1731 3958 nem
1751 3910 1956 3958 Claudii
1980 3909 2353 3972 pronuntiavit,
2370 3915 2430 3957 ut
2444 3916 2595 3971 patet
2614 3922 2677 3957 ex

1614 3986 1794 4036 Tacito
1821 3986 1973 4034 initio
1999 3985 2086 4034 lib.
2110 3997 2233 4034 xnr.
2257 3983 2555 4050 Annalium.

1681 4066 1701 4094 ὴ
1739 4064 1912 4113 Funali
1958 4065 2091 4128 equo]
2148 4061 2394 4111 'l‘urnebo
2428 4062 2519 4111 lib.
2563 4075 2674 4110 xrv.

1617 4140 2049 4191 Adversariorum
2085 4155 2132 4191 c.
2174 4143 2253 4189 17.
2285 4136 2478 4187 funalis
2517 4152 2670 4204 equus

1618 4219 1825 4279 dicitur,
1866 4218 1950 4283 qui
1987 4223 2137 4267 extra
2162 4217 2346 4280 jugum
2383 4224 2466 4266 est
2499 4223 2555 4265 et
2588 4216 2671 4279 ju-

1620 4295 1721 4359 gali
1758 4295 2053 4360 opponitur.
2117 4294 2390 4345 Tor-tentio
2434 4292 2666 4359 quivise·
