3019 4922
2350 436 2479 503 259

295 607 409 671 per
461 604 747 671 quorum
796 597 1191 652 numerump
1235 589 1507 655 decreta
1560 590 1796 657 confici
1847 601 2171 677 possent:
2216 594 2476 680 sibique

292 691 573 755 instituit
617 691 898 755 consilia
945 692 1169 756 sortiri
1214 694 1611 772 semestria,⁸
1631 703 1679 750 ¹³·
1699 714 1852 760 cum
1898 697 2137 781 quibus
2168 697 2254 762 de
2281 718 2479 782 nego-2

289 793 399 857 tiis
427 794 515 859 ad
543 793 954 877 frequentem
987 795 1308 859 Senatum
1336 797 1695 861 referendis
1728 802 1878 864 ante
1904 805 2243 865 tractaret.
2310 800 2479 866 Sen-

289 897 526 961 tentias
576 895 660 960 de
709 896 959 978 majore
1006 899 1272 981 negotio
1324 918 1459 963 non
1512 901 1694 964 more
1745 908 1993 985 atque⁹
2035 898 2477 977 ordine‚¹''sed

286 1003 488 1081 prout
530 1000 871 1078 libuisset,
918 1002 1364 1083 perrogabat,³
1419 1008 1493 1067 ut
1534 1003 1806 1086 perinde
1848 1004 2135 1090 quisque
2181 1007 2477 1071 animum

284 1098 664 1177 intenderet,
719 1119 800 1165 ac
848 1100 909 1164 si
953 1101 1347 1165 censendum
1370 1102 1388 1138 ²
1431 1104 1671 1186 magiS,
1719 1124 1918 1187 quam
1947 1141 1948 1144 π
1975 1107 2477 1172 assentiendum

194 1240 201 1247 -
287 1208 491 1263 esset.
580 1200 740 1281 [36]
757 1198 1014 1266 Auctor
1045 1209 1114 1267 et
1141 1203 1422 1267 aliarum
1453 1207 1672 1270 rerum
1696 1204 1868 1272 fuit:
1896 1207 1969 1271 in
1999 1209 2172 1293 quis,
2200 1229 2287 1274 ne
2316 1216 2475 1274 acta

286 1301 579 1368 Senatus
628 1303 1120 1387 publicarentur
1147 1326 1163 1369 :
1187 1314 1214 1341 ¹²
1266 1326 1352 1370 ne
1395 1307 1894 1390 magistratus?
1925 1310 2233 1395 deposito
2256 1318 2310 1349 ¹⁰
2340 1301 2473 1375 'ho-

1179 442 1575 497 oc'rAles.

1180 1489 1209 1509 0
1455 1489 1544 1509 ΝΟ

181 1600 188 1608 ’
281 1603 331 1650 2.
366 1603 415 1648 ³.
446 1598 618 1660 Lugd.
639 1604 695 1647 et
716 1599 893 1649 multae
919 1604 1039 1650 ante
1063 1601 1280 1652 Casanb.
1305 1604 1391 1669 qui
1419 1603 1597 1667 ejecit,
1622 1605 2015 1669 astipulantibus
2036 1606 2354 1657 membb.-8
2388 1605 2473 1656 Se-

279 1663 506 1713 menstria
544 1664 755 1714 Merum.
787 1664 982 1715 Medic.
1018 1673 1144 1728 tres,
1179 1669 1309 1731 Cop.
1341 1674 1396 1718 et
1428 1669 1598 1719 al.-9
1632 1670 1795 1733 Neque
1816 1672 1976 1720 ordine
2009 1671 2205 1722 Medic.
2228 1675 2277 1720 1.
2301 1671 2471 1721 Periz.

280 1727 415 1777 Edd.
441 1726 575 1776 Ven.
598 1736 665 1778 tr.
690 1729 823 1778 Bon.
856 1729 1074 1782 Medici.
1108 1732 1273 1795 Lugd.
1312 1733 1459 1782 Junt.
1493 1732 1614 1784 Ald.
1651 1734 1854 1798 Gryph.
1891 1736 2065 1784 Plant.
2102 1736 2224 1784 Bas.
2258 1740 2313 1784 et
2336 1734 2474 1786 aliae.

277 1791 631 1848 Emendarunt
654 1794 892 1858 Polit.sset
913 1797 1059 1846 Torr.
1082 1811 1113 1844 e
1134 1798 1238 1846 suis
1255 1798 1406 1846 codd.
1429 1804 1488 1846 nt
1514 1806 1571 1848 et
1593 1813 1711 1848 mox
1728 1801 2035 1862 perrogabat.
2052 1799 2169 1849 loco
2185 1800 2325 1861 vulg.
2345 1800 2471 1850 lect.

272 1857 588 1920 praerogabat.
654 1858 717 1907 Iu
741 1859 909 1907 Periz.
931 1859 1164 1911 Harlem.
1200 1860 1336 1912 Edd.
1368 1863 1501 1912 Veu.
1538 1869 1607 1912 tr.
1641 1863 1786 1918 Med.
1821 1863 1967 1913 Cald.
1992 1869 2073 1913 est
2102 1863 2473 1926 prorogabun—

280 1926 339 1971 10
373 1923 621 1986 Deposito
641 1923 796 1974 Fonc.
820 1925 1032 1975 Memm.
1056 1925 1252 1976 Medic.
1275 1931 1325 1978 3.
1360 1925 1515 1978 Huls.
1547 1928 1685 1992 Cop'c
1706 1923 1855 1978 Voss.
1875 1928 2122 1980 Dunelm.
2152 1929 2289 1978 Dein
2310 1926 2470 1978 noille-

1262 2092 1482 2144 NOTAE

335 2192 362 2227 Ρ
397 2187 686 2253 Numerum]
717 2188 892 2241 Livius
922 2191 1013 2241 lib.
1037 2204 1122 2241 lx.
1147 2190 1336 2242 decad.
1482 2197 1502 2223 ¹·
1533 2190 1651 2239 Non
1693 2203 1820 2241 mere
1853 2195 1993 2255 atque
2027 2188 2214 2252 ordine]
2250 2188 2383 2241 Vide
2415 2191 2470 2241 in

272 2274 311 2311 1.
333 2276 435 2312 non
460 2264 629 2314 minus
663 2272 871 2315 centum
907 2268 1171 2333 requirere
1194 2268 1332 2318 vide·
1415 2267 1527 2319 Jul.
1551 2280 1599 2315 c.
1621 2271 1705 2316 21.

273 2343 386 2387 tur:
425 2341 440 2367 ‘
463 2341 674 2391 Praetor
717 2343 966 2393 Senatum
1020 2346 1332 2408 consuleret,

269 2414 323 2465 si
342 2417 390 2467 ei
417 2418 725 2482 permissum
743 2427 897 2486 esset,
933 2435 1049 2472 cum
1084 2422 1136 2471 in
1170 2422 1329 2474 Sena·

271 2499 324 2543 tu
359 2502 575 2549 centum
610 2512 708 2547 non
741 2499 910 2549 minus
934 2507 1127 2557 essent,
1161 2501 1239 2550 ita
1277 2501 1329 2551 id

269 2583 470 2622 sacrum
491 2572 892 2640 (Bacchanalia)
931 2574 1167 2627 faceret.’
1234 2577 1331 2627 As<

269 2647 447 2697 conius
487 2655 661 2699 tamen
705 2649 1022 2714 Cornelium,
1060 2652 1326 2702 Ciceronis

267 2727 527 2786 tempore,
560 2726 728 2789 legem
748 2727 925 2776 tulisse
947 2727 1096 2789 dicit,
1121 2743 1188 2778 ne
1212 2729 1327 2792 quis

266 2796 314 2846 iu
336 2799 538 2850 Senatu
557 2801 755 2864 legibus
782 2805 1091 2869 solveretur,
1111 2805 1209 2854 nisi
1234 2805 1327 2856 du·

266 2877 406 2924 centi
439 2874 726 2928 affuissent.
790 2879 893 2929 Dio
933 2894 961 2929 e
1007 2887 1189 2931 contra
1232 2881 1323 2931 lib.

267 2966 385 3003 nv.
421 2954 825 3019 quadringentos
860 2957 1102 3021 requirit,
1124 2971 1189 3007 ex
1214 2959 1326 3022 qui-

267 3027 362 3079 bus
408 3031 657 3094 colligere
680 3038 777 3090 est,
815 3033 1013 3082 varium
1049 3047 1144 3097 pro
1182 3033 1325 3082 vario

266 3117 438 3155 rernm
464 3120 658 3169 genere
680 3121 947 3156 numerum
970 3107 1229 3172 extitisse,
1269 3113 1327 3157 nt

261 3187 414 3232 notat
453 3197 521 3232 ex
561 3183 745 3233 Dionis
775 3183 865 3234 lib.
902 3197 987 3234 nv·
1024 3185 1329 3248 pererudite

265 3256 620 3308 casaubonus.

323 3340 351 3373 ¹1
390 3326 639 3382 Consilia
667 3334 835 3383 sortiri
883 3335 1159 3398 sommi-ia]
1209 3335 1327 3385 Hoc

264 3416 366 3471 est,
390 3416 540 3461 sexto
565 3410 767 3476 quoque
802 3426 976 3462 mense
1010 3411 1326 3463 sortiebatur

263 3486 628 3548 consiliarios„
675 3487 749 3536 Hi
769 3487 835 3538 ab
857 3489 1008 3538 initio
1029 3488 1324 3552 quindecim

262 3557 547 3608 Senatores
567 3560 876 3624 fuerunt‚.et
898 3578 964 3612 ex
987 3563 1200 3626 singulis
1218 3576 1324 3610 ma·

262 3635 575 3698 gistratibns
606 3635 680 3701 (si
704 3639 850 3689 Coss.
874 3638 1130 3704 excipias)
1162 3653 1322 3698 unus;

263 3717 324 3761 ut
356 3719 539 3781 narrat
560 3713 668 3763 Dio
705 3713 795 3765 lib.
819 3729 941 3766 nm.
973 3717 1027 3764 in
1051 3715 1181 3779 actis
1205 3714 1325 3763 anni

264 3791 386 3837 729.
438 3788 609 3838 senior
644 3804 766 3840 vero
803 3789 975 3841 factus
1009 3793 1193 3854 viginti
1223 3789 1325 3840 sibi

262 3862 588 3913 consiliarios
604 3878 797 3915 annuos
816 3868 1019 3930 petivit,
1032 3869 1325 3918 decretum·

263 3953 388 4003 que,
408 3944 474 3988 ut
496 3952 831 4003 qnaecumque
851 3955 971 3992 ,cum
992 3941 1072 3991 his
1103 3942 1324 3992 consuli-

262 4015 491 4079 busque,
519 4020 573 4063 et
598 4015 686 4079 qni
708 4014 965 4080 designati
986 4020 1222 4068 consules
1244 4033 1325 4067 es·

265 4097 405 4154 sent,
430 4089 643 4153 egisset,
673 4104 793 4141 non.
814 4093 980 4142 minus
1016 4101 1130 4144 rata
1154 4101 1328 4144 essent

263 4181 424 4231 quam
463 4180 576 4230 quae
611 4166 665 4215 in
700 4165 892 4217 Senatu
929 4173 1047 4218 acta
1068 4167 1328 4229 fuissent;

262 4250 325 4294 ut
361 4248 513 4293 notat
534 4258 600 4294 ex
631 4243 833 4297 Dionis.
850 4245 942 4299 lib.
963 4257 1076 4297 nvi.
1101 4246 1324 4298 Torren-

267 4319 391 4369 tius.
434 4358 447 4371 .
482 4366 505 4371 „
581 4364 599 4371 ..

1479 2351 1498 2376 ⁸
1529 2342 1830 2405 Peru-agabae
1875 2342 2226 2408 [praerogabat]
2277 2344 2469 2398 Casan·

1411 2420 1580 2471 bonus
1609 2420 1689 2469 ⁴in
1732 2419 2049 2477 viterbiensi
2103 2434 2163 2470 ae
2206 2419 2467 2484 plerisque

1410 2501 1544 2549 Mss.
1569 2504 1626 2548 et
1643 2497 1904 2548 Schildius
1933 2498 1985 2547 in
2025 2497 2360 2558 Salmasiano',
2395 2496 2468 2546 le·

1409 2581 1540 2638 gunt
1560 2573 1861 2637 pen-rogabat.
1927 2573 2047 2623 Hoc
2088 2579 2171 2622 est
2209 2571 2274 2621 ad
2307 2580 2467 2621 ‘unam
2540 2575 2576 2637 ’ς

1408 2666 1583 2702 omnes
1607 2652 1843 2716 rogabat,
1864 2651 1998 2717 quod
2023 2651 2145 2702 huic
2168 2651 2285 2700 loco
2308 2649 2468 2699 maxi-

1407 2743 1489 2778 me
1507 2727 1770 2778 convenit.

1469 2806 1486 2837 ‘
1521 2802 1838 2865 Ceaseadum]
1889 2802 2067 2866 Major
2105 2802 2158 2851 in
2204 2800 2465 2852 censendo

1406 2877 1685 2928 difficultas
1702 2878 1920 2942 qnamin
1948 2877 2302 2928 assentiendo.
2360 2877 2468 2943 Qui

1407 2955 1541 3004 enim
1568 2959 1767 3016 censet,
1784 2955 1827 3004 is
1845 2956 2162 3004 sententiam
2184 2967 2327 3002 suam
2354 2966 2468 3001 ver·

1406 3024 1485 3083 bis
1520 3032 1804 3096 explicare,
1849 3036 1905 3080 et
1949 3030 2232 3089 rationibus
2277 3042 2466 3093 appro-

1407 3107 1535 3159 bare
1560 3108 1889 3158 audientibus
1905 3105 2084 3171 debet,
2109 3105 2246 3171 quod
2281 3104 2464 3154 decer-

1406 3199 1532 3247 nere
1556 3184 1815 3234 dixerunt.
1882 3182 1984 3235 Qui
2020 3196 2144 3233 vero
2172 3181 2468 3255 assentitur,
2575 3176 2576 3179 ’

1407 3261 1451 3311 is
1476 3261 1701 3311 alienam
1732 3267 1934 3311 tantum
1970 3259 2285 3310 sententiam
2319 3272 2466 3314 voce,

1406 3352 1577 3400 mann,
1607 3338 1697 3387 uel
1737 3337 1958 3401 pedibus
2000 3335 2222 3399 probat:
2267 3335 2319 3382 in
2352 3334 2474 3387 Tib.

1407 3416 1558 3461 c.81.
1626 3412 1768 3460 Hinc
1791 3426 1901 3460 mos
1939 3411 1990 3458 in
2028 3408 2270 3459 faciendo
2306 3409 2466 3456 Sena-

1408 3487 1729 3547 tusconsulto
1788 3484 2109 3546 ascribendi,
2162 3498 2263 3547 quo
2330 3479 2463 3528 refe·-

1407 3569 1576 3624 rente,
1602 3576 1701 3625 quo
1736 3561 2073 3620 decernente,
2106 3572 2207 3622 quo
2243 3557 2463 3620 priunum
2569 3554 2576 3559 “

1409 3634 1729 3688 assentiente
1747 3635 1942 3686 factum
1965 3639 2119 3684 esset.

1471 3720 1496 3747 “
1531 3715 1610 3763 Ns
1656 3718 1763 3761 acta
1817 3711 2024 3761 Senatus
2085 3705 2463 3772 publicarentur]

1402 3780 1544 3855 'Vide
1566 3791 1618 3840 in
1639 3790 1746 3843 Jul.
1769 3803 1818 3837 c.
1836 3792 1917 3838 20.

1471 3870 1505 3900 V—
1531 3867 1610 3915 Ne
1625 3863 1959 3927 magistratus]
1983 3861 2045 3910 Id
2067 3861 2230 3924 ipsum
2256 3874 2286 3907 a
2308 3858 2463 3913 Pom·

1409 3941 1547 4005 peis,
1583 3941 1877 3995 consulatu.
1919 3951 2072 4001 quem
2114 3935 2252 4001 selus
2284 3934 2464 3998 gessit,

1408 4017 1474 4067 de
1499 4031 1602 4081 quo
1625 4017 1675 4064 in
1698 4016 1804 4067 Jul.
1830 4019 1974 4065 c.26.
1996 4010 2264 4072 statutuni,
2284 4016 2463 4059 auctor

1410 4099 1493 4143 est
1514 4094 1619 4143 Dio
1642 4092 1729 4141 lib.
1751 4105 1839 4142 11..
1864 4104 2071 4153 nempe,
2090 4095 2148 4137 ut
2169 4087 2257 4151 qni
2280 4088 2458 4150 magis·

1409 4175 1553 4218 tratu
1599 4168 1825 4217 abissent
1880 4164 2015 4214 infra
2059 4164 2461 4229 quinquennium

1409 4245 1715 4309 proximum,
1737 4252 1943 4293 exteras
1963 4239 2251 4304 provincias
2270 4253 2334 4287 ne
2356 4252 2461 4286 sor-

1312 4372 1319 4379 ,
1408 4322 1645 4373 tirentur.
1668 4388 1675 4396 ι
1698 4319 1913 4371 Sublata
1925 4317 2062 4369 enim
2083 4314 2459 4381 provinciarum
