<?xml version="1.0" encoding="UTF-8"?>
<!DOCTYPE html PUBLIC "-//W3C//DTD XHTML 1.0 Transitional//EN"
    "http://www.w3.org/TR/xhtml1/DTD/xhtml1-transitional.dtd">
<html xmlns="http://www.w3.org/1999/xhtml" xml:lang="en" lang="en">
 <head>
  <title>
</title>
<meta http-equiv="Content-Type" content="text/html;charset=utf-8" />
  <meta name='ocr-system' content='tesseract 3.04.00' />
  <meta name='ocr-capabilities' content='ocr_page ocr_carea ocr_par ocr_line ocrx_word'/>
</head>
<body>
  <div class='ocr_page' id='page_1' title='image "./operaomniaexedi04suetgoog_0327.png"; bbox 0 0 3019 4922; ppageno 0'>
   <div class='ocr_carea' id='block_1_1' title="bbox 2358 411 2492 479">
    <p class='ocr_par' dir='ltr' id='par_1_1' title="bbox 2358 411 2492 479">
     <span class='ocr_line' id='line_1_1' title="bbox 2358 411 2492 479; baseline 0.015 -2"><span class='ocrx_word' id='word_1_1' title='bbox 2358 411 2492 479; x_wconf 71' lang='lat'><strong>317</strong></span> 
     </span>
    </p>
   </div>
   <div class='ocr_carea' id='block_1_2' title="bbox 295 570 2499 1588">
    <p class='ocr_par' dir='ltr' id='par_1_2' title="bbox 295 570 2499 1588">
     <span class='ocr_line' id='line_1_2' title="bbox 297 570 2490 656; baseline 0 -19"><span class='ocrx_word' id='word_1_2' title='bbox 297 570 716 651; x_wconf 78' lang='lat' dir='ltr'><strong>elaboravit,³</strong></span> <span class='ocrx_word' id='word_1_3' title='bbox 748 588 952 656; x_wconf 82' lang='lat' dir='ltr'><strong>quam</strong></span> <span class='ocrx_word' id='word_1_4' title='bbox 981 577 1055 638; x_wconf 90' lang='lat' dir='ltr'><strong>ut</strong></span> <span class='ocrx_word' id='word_1_5' title='bbox 1105 570 1521 637; x_wconf 83' lang='lat' dir='ltr'><strong>imitarentur</strong></span> <span class='ocrx_word' id='word_1_6' title='bbox 1549 571 2055 656; x_wconf 78' lang='lat' dir='ltr'>chirographum</span> <span class='ocrx_word' id='word_1_7' title='bbox 2087 590 2303 637; x_wconf 87' lang='lat' dir='ltr'><strong>suum.</strong></span> <span class='ocrx_word' id='word_1_8' title='bbox 2353 572 2490 638; x_wconf 86' lang='lat' dir='ltr'><strong>Ne·</strong></span> 
     </span>
     <span class='ocr_line' id='line_1_3' title="bbox 297 668 2492 761; baseline 0.001 -22"><span class='ocrx_word' id='word_1_9' title='bbox 297 694 421 760; x_wconf 89' lang='lat' dir='ltr'><strong>que</strong></span> <span class='ocrx_word' id='word_1_10' title='bbox 450 674 755 741; x_wconf 83' lang='lat' dir='ltr'><strong>coenavit</strong></span> <span class='ocrx_word' id='word_1_11' title='bbox 779 668 933 753; x_wconf 84' lang='lat' dir='ltr'><strong>una,</strong></span> <span class='ocrx_word' id='word_1_12' title='bbox 965 674 1096 739; x_wconf 90' lang='lat' dir='ltr'><strong>nisi</strong></span> <span class='ocrx_word' id='word_1_13' title='bbox 1126 678 1248 738; x_wconf 71' lang='lat' dir='ltr'><strong>ut*</strong></span> <span class='ocrx_word' id='word_1_14' title='bbox 1297 674 1368 739; x_wconf 93' lang='lat' dir='ltr'><strong>in</strong></span> <span class='ocrx_word' id='word_1_15' title='bbox 1418 676 1557 739; x_wconf 92' lang='lat' dir='ltr'><strong>imo</strong></span> <span class='ocrx_word' id='word_1_16' title='bbox 1588 675 1761 741; x_wconf 82' lang='lat' dir='ltr'><strong>lecto</strong></span> <span class='ocrx_word' id='word_1_17' title='bbox 1791 675 2169 740; x_wconf 80' lang='lat' dir='ltr'><strong>assiderent</strong></span> <span class='ocrx_word' id='word_1_18' title='bbox 2198 675 2236 741; x_wconf 74' lang='lat'><strong>:²</strong></span> <span class='ocrx_word' id='word_1_19' title='bbox 2279 696 2492 761; x_wconf 88' lang='lat' dir='ltr'><strong>neque</strong></span> 
     </span>
     <span class='ocr_line' id='line_1_4' title="bbox 296 774 2494 864; baseline 0.001 -24"><span class='ocrx_word' id='word_1_20' title='bbox 296 774 423 843; x_wconf 83' lang='lat' dir='ltr'><strong>iter</strong></span> <span class='ocrx_word' id='word_1_21' title='bbox 464 776 654 854; x_wconf 73' lang='lat' dir='ltr'><strong>fecit,</strong></span> <span class='ocrx_word' id='word_1_22' title='bbox 682 776 817 841; x_wconf 88' lang='lat' dir='ltr'><strong>nisi</strong></span> <span class='ocrx_word' id='word_1_23' title='bbox 844 784 917 843; x_wconf 91' lang='lat' dir='ltr'><strong>ut</strong></span> <span class='ocrx_word' id='word_1_24' title='bbox 945 776 1253 842; x_wconf 85' lang='lat' dir='ltr'><strong>vehiculo</strong></span> <span class='ocrx_word' id='word_1_25' title='bbox 1280 777 1621 855; x_wconf 77' lang='lat' dir='ltr'><strong>anteirent,</strong></span> <span class='ocrx_word' id='word_1_26' title='bbox 1653 776 1983 843; x_wconf 76' lang='lat' dir='ltr'><strong>aut-circa</strong></span> <span class='ocrx_word' id='word_1_27' title='bbox 2011 779 2494 864; x_wconf 88' lang='lat' dir='ltr'><strong>adequitarent.</strong></span> 
     </span>
     <span class='ocr_line' id='line_1_5' title="bbox 295 878 2495 965; baseline 0 -19"><span class='ocrx_word' id='word_1_28' title='bbox 295 879 458 962; x_wconf 58' lang='grc' dir='ltr'><strong>[δᾶ]</strong></span> <span class='ocrx_word' id='word_1_29' title='bbox 503 880 640 945; x_wconf 88' lang='lat' dir='ltr'><strong>Sed</strong></span> <span class='ocrx_word' id='word_1_30' title='bbox 670 878 902 945; x_wconf 79' lang='lat' dir='ltr'><strong>laetum</strong></span> <span class='ocrx_word' id='word_1_31' title='bbox 931 886 1130 959; x_wconf 83' lang='lat' dir='ltr'><strong>eum,⁵</strong></span> <span class='ocrx_word' id='word_1_32' title='bbox 1181 886 1387 965; x_wconf 84' lang='lat' dir='ltr'><strong>atque</strong></span> <span class='ocrx_word' id='word_1_33' title='bbox 1439 880 1752 946; x_wconf 86' lang='lat' dir='ltr'><strong>fidentem</strong></span> <span class='ocrx_word' id='word_1_34' title='bbox 1793 886 1858 946; x_wconf 86' lang='lat' dir='ltr'><strong>et</strong></span> <span class='ocrx_word' id='word_1_35' title='bbox 1898 882 2131 947; x_wconf 88' lang='lat' dir='ltr'><strong>sobole</strong></span> <span class='ocrx_word' id='word_1_36' title='bbox 2171 889 2241 950; x_wconf 90' lang='lat' dir='ltr'><strong>et</strong></span> <span class='ocrx_word' id='word_1_37' title='bbox 2291 882 2495 948; x_wconf 87' lang='lat' dir='ltr'><strong>disci·</strong></span> 
     </span>
     <span class='ocr_line' id='line_1_6' title="bbox 298 981 2495 1070; baseline 0.002 -22"><span class='ocrx_word' id='word_1_38' title='bbox 298 982 485 1066; x_wconf 82' lang='lat' dir='ltr'><strong>plina</strong></span> <span class='ocrx_word' id='word_1_39' title='bbox 530 981 789 1062; x_wconf 86' lang='lat' dir='ltr'><strong>domus,</strong></span> <span class='ocrx_word' id='word_1_40' title='bbox 828 981 1182 1049; x_wconf 88' lang='lat' dir='ltr'><strong>Fortuna⁶</strong></span> <span class='ocrx_word' id='word_1_41' title='bbox 1227 983 1555 1050; x_wconf 83' lang='lat' dir='ltr'><strong>destituit.</strong></span> <span class='ocrx_word' id='word_1_42' title='bbox 1629 984 1879 1066; x_wconf 82' lang='lat' dir='ltr'><strong>Julias,</strong></span> <span class='ocrx_word' id='word_1_43' title='bbox 1910 985 2166 1050; x_wconf 90' lang='lat' dir='ltr'><strong>filiam⁷</strong></span> <span class='ocrx_word' id='word_1_44' title='bbox 2216 994 2286 1052; x_wconf 89' lang='lat' dir='ltr'><strong>et</strong></span> <span class='ocrx_word' id='word_1_45' title='bbox 2333 1006 2495 1070; x_wconf 89' lang='lat' dir='ltr'><strong>nep-</strong></span> 
     </span>
     <span class='ocr_line' id='line_1_7' title="bbox 298 1086 2498 1171; baseline 0.003 -22"><span class='ocrx_word' id='word_1_46' title='bbox 298 1092 461 1164; x_wconf 88' lang='lat' dir='ltr'><strong>tem,</strong></span> <span class='ocrx_word' id='word_1_47' title='bbox 493 1086 811 1153; x_wconf 86' lang='lat' dir='ltr'><strong>omnibus</strong></span> <span class='ocrx_word' id='word_1_48' title='bbox 839 1088 1106 1171; x_wconf 84' lang='lat' dir='ltr'><strong>probris</strong></span> <span class='ocrx_word' id='word_1_49' title='bbox 1138 1087 1654 1168; x_wconf 87' lang='lat' dir='ltr'><strong>contaminatas,</strong></span> <span class='ocrx_word' id='word_1_50' title='bbox 1687 1088 2057 1171; x_wconf 84' lang='lat' dir='ltr'><strong>relegavit.¹¹</strong></span> <span class='ocrx_word' id='word_1_51' title='bbox 2142 1088 2385 1155; x_wconf 83' lang='lat' dir='ltr'><strong>Caium</strong></span> <span class='ocrx_word' id='word_1_52' title='bbox 2427 1096 2498 1156; x_wconf 85' lang='lat' dir='ltr'><strong>et</strong></span> 
     </span>
     <span class='ocr_line' id='line_1_8' title="bbox 300 1186 2496 1277; baseline 0.001 -23"><span class='ocrx_word' id='word_1_53' title='bbox 300 1186 585 1256; x_wconf 83' lang='lat' dir='ltr'><strong>Lucium</strong></span> <span class='ocrx_word' id='word_1_54' title='bbox 642 1190 715 1255; x_wconf 93' lang='lat' dir='ltr'><strong>in</strong></span> <span class='ocrx_word' id='word_1_55' title='bbox 766 1189 1219 1274; x_wconf 84' lang='lat' dir='ltr'><strong>duodeviginti</strong></span> <span class='ocrx_word' id='word_1_56' title='bbox 1279 1192 1603 1257; x_wconf 86' lang='lat' dir='ltr'><strong>mensium</strong></span> <span class='ocrx_word' id='word_1_57' title='bbox 1661 1192 1892 1277; x_wconf 89' lang='lat' dir='ltr'><strong>spatio</strong></span> <span class='ocrx_word' id='word_1_58' title='bbox 1952 1192 2179 1258; x_wconf 88' lang='lat' dir='ltr'><strong>amisit</strong></span> <span class='ocrx_word' id='word_1_59' title='bbox 2237 1194 2496 1271; x_wconf 74' lang='lat' dir='ltr'><strong>amboS,</strong></span> 
     </span>
     <span class='ocr_line' id='line_1_9' title="bbox 301 1291 2497 1379; baseline 0.002 -21"><span class='ocrx_word' id='word_1_60' title='bbox 301 1291 473 1359; x_wconf 85' lang='lat' dir='ltr'><strong>Caio</strong></span> <span class='ocrx_word' id='word_1_61' title='bbox 502 1295 574 1359; x_wconf 89' lang='lat' dir='ltr'><strong>in</strong></span> <span class='ocrx_word' id='word_1_62' title='bbox 604 1293 870 1379; x_wconf 65' lang='lat' dir='ltr'><strong>Lycia:</strong></span> <span class='ocrx_word' id='word_1_63' title='bbox 900 1295 1117 1361; x_wconf 88' lang='lat' dir='ltr'><strong>Lucio</strong></span> <span class='ocrx_word' id='word_1_64' title='bbox 1147 1293 1554 1374; x_wconf 64' lang='lat' dir='ltr'><strong>Massiliae,w</strong></span> <span class='ocrx_word' id='word_1_65' title='bbox 1598 1294 1953 1362; x_wconf 60' lang='lat' dir='ltr'><strong>defunctis</strong></span> <span class='ocrx_word' id='word_1_66' title='bbox 2039 1295 2341 1361; x_wconf 86' lang='lat' dir='ltr'><strong>Tertium</strong></span> <span class='ocrx_word' id='word_1_67' title='bbox 2383 1317 2497 1362; x_wconf 81' lang='lat' dir='ltr'><strong>nc·-</strong></span> 
     </span>
     <span class='ocr_line' id='line_1_10' title="bbox 300 1394 2499 1484; baseline 0.001 -22"><span class='ocrx_word' id='word_1_68' title='bbox 300 1402 546 1480; x_wconf 81' lang='lat' dir='ltr'><strong>potem,</strong></span> <span class='ocrx_word' id='word_1_69' title='bbox 571 1394 967 1482; x_wconf 88' lang='lat' dir='ltr'><strong>Agrippam,</strong></span> <span class='ocrx_word' id='word_1_70' title='bbox 998 1397 1328 1482; x_wconf 88' lang='lat' dir='ltr'><strong>simulque</strong></span> <span class='ocrx_word' id='word_1_71' title='bbox 1367 1397 1771 1484; x_wconf 79' lang='lat' dir='ltr'><strong>privignum,</strong></span> <span class='ocrx_word' id='word_1_72' title='bbox 1811 1398 2178 1476; x_wconf 87' lang='lat' dir='ltr'><strong>Tiberium,</strong></span> <span class='ocrx_word' id='word_1_73' title='bbox 2218 1399 2499 1484; x_wconf 79' lang='lat' dir='ltr'><strong>adopta·</strong></span> 
     </span>
     <span class='ocr_line' id='line_1_11' title="bbox 300 1498 2498 1588; baseline 0.001 -24"><span class='ocrx_word' id='word_1_74' title='bbox 300 1498 397 1572; x_wconf 76' lang='lat' dir='ltr'><strong>vit</strong></span> <span class='ocrx_word' id='word_1_75' title='bbox 424 1499 495 1564; x_wconf 91' lang='lat' dir='ltr'><strong>in</strong></span> <span class='ocrx_word' id='word_1_76' title='bbox 541 1501 717 1567; x_wconf 89' lang='lat' dir='ltr'><strong>Foro</strong></span> <span class='ocrx_word' id='word_1_77' title='bbox 745 1502 893 1585; x_wconf 84' lang='lat' dir='ltr'><strong>lege</strong></span> <span class='ocrx_word' id='word_1_78' title='bbox 923 1499 1251 1574; x_wconf 83' lang='lat' dir='ltr'><strong>Curiata.&#39;‘</strong></span> <span class='ocrx_word' id='word_1_79' title='bbox 1338 1500 1450 1566; x_wconf 89' lang='lat' dir='ltr'><strong>Ex</strong></span> <span class='ocrx_word' id='word_1_80' title='bbox 1479 1501 1728 1585; x_wconf 88' lang='lat' dir='ltr'><strong>quibus</strong></span> <span class='ocrx_word' id='word_1_81' title='bbox 1757 1498 2134 1588; x_wconf 82' lang='lat' dir='ltr'><strong>Agrippam</strong></span> <span class='ocrx_word' id='word_1_82' title='bbox 2180 1502 2367 1567; x_wconf 87' lang='lat' dir='ltr'><strong>brevi</strong></span> <span class='ocrx_word' id='word_1_83' title='bbox 2408 1504 2498 1568; x_wconf 91' lang='lat' dir='ltr'><strong>ob</strong></span> 
     </span>
    </p>
   </div>
   <div class='ocr_carea' id='block_1_3' title="bbox 1194 425 1597 476">
    <p class='ocr_par' dir='ltr' id='par_1_3' title="bbox 1194 425 1597 476">
     <span class='ocr_line' id='line_1_12' title="bbox 1194 425 1597 476; baseline 0.002 -1"><span class='ocrx_word' id='word_1_84' title='bbox 1194 425 1597 476; x_wconf 75' lang='lat' dir='ltr'><strong>oc&#39;rAans.</strong></span> 
     </span>
    </p>
   </div>
   <div class='ocr_carea' id='block_1_4' title="bbox 1215 1656 1586 1688">
    <p class='ocr_par' dir='ltr' id='par_1_4' title="bbox 1215 1656 1586 1688">
     <span class='ocr_line' id='line_1_13' title="bbox 1215 1656 1586 1688; baseline -0.003 0"><span class='ocrx_word' id='word_1_85' title='bbox 1215 1667 1246 1688; x_wconf 71' lang='lat' dir='ltr'><em>e</em></span> <span class='ocrx_word' id='word_1_86' title='bbox 1555 1656 1586 1687; x_wconf 67' lang='grc' dir='ltr'><em>ὁ</em></span> 
     </span>
    </p>
   </div>
   <div class='ocr_carea' id='block_1_5' title="bbox 1248 1665 1553 1688">
    <p class='ocr_par' dir='ltr' id='par_1_5' title="bbox 1248 1665 1553 1688">
     <span class='ocr_line' id='line_1_14' title="bbox 1248 1665 1553 1688; baseline 0 3234"><span class='ocrx_word' id='word_1_87' title='bbox 1248 1665 1553 1688; x_wconf 95' lang='lat' dir='ltr'><strong> </strong></span> 
     </span>
    </p>
   </div>
   <div class='ocr_carea' id='block_1_6' title="bbox 301 1779 2504 2044">
    <p class='ocr_par' dir='ltr' id='par_1_6' title="bbox 301 1779 2504 2044">
     <span class='ocr_line' id='line_1_15' title="bbox 301 1779 2502 1848; baseline -0.002 -14"><span class='ocrx_word' id='word_1_88' title='bbox 301 1780 456 1847; x_wconf 78' lang='lat' dir='ltr'><strong>gend.</strong></span> <span class='ocrx_word' id='word_1_89' title='bbox 480 1788 663 1834; x_wconf 87' lang='lat' dir='ltr'><strong>censet</strong></span> <span class='ocrx_word' id='word_1_90' title='bbox 683 1789 737 1834; x_wconf 72' lang='lat' dir='ltr'><strong>at</strong></span> <span class='ocrx_word' id='word_1_91' title='bbox 753 1788 937 1835; x_wconf 67' lang='lat' dir='ltr'><strong>mare.</strong></span> <span class='ocrx_word' id='word_1_92' title='bbox 1009 1783 1138 1833; x_wconf 88' lang='lat' dir='ltr'><strong>Mox</strong></span> <span class='ocrx_word' id='word_1_93' title='bbox 1156 1784 1366 1848; x_wconf 78' lang='lat' dir='ltr'><strong>aliasque</strong></span> <span class='ocrx_word' id='word_1_94' title='bbox 1388 1790 1468 1844; x_wconf 84' lang='lat' dir='ltr'><strong>est</strong></span> <span class='ocrx_word' id='word_1_95' title='bbox 1491 1782 1547 1831; x_wconf 88' lang='lat' dir='ltr'><strong>in</strong></span> <span class='ocrx_word' id='word_1_96' title='bbox 1568 1779 1761 1831; x_wconf 84' lang='lat' dir='ltr'><strong>Medic.</strong></span> <span class='ocrx_word' id='word_1_97' title='bbox 1786 1783 1929 1831; x_wconf 76' lang='grc'><strong>1.-3</strong></span> <span class='ocrx_word' id='word_1_98' title='bbox 1962 1780 2051 1831; x_wconf 90' lang='lat' dir='ltr'><strong>Sic</strong></span> <span class='ocrx_word' id='word_1_99' title='bbox 2075 1787 2373 1832; x_wconf 74' lang='lat' dir='ltr'><strong>constanter</strong></span> <span class='ocrx_word' id='word_1_100' title='bbox 2394 1797 2502 1834; x_wconf 88' lang='lat' dir='ltr'><strong>om.</strong></span> 
     </span>
     <span class='ocr_line' id='line_1_16' title="bbox 301 1846 2500 1913; baseline 0 -15"><span class='ocrx_word' id='word_1_101' title='bbox 301 1863 393 1899; x_wconf 88' lang='lat' dir='ltr'><strong>nes</strong></span> <span class='ocrx_word' id='word_1_102' title='bbox 412 1846 526 1898; x_wconf 82' lang='lat' dir='ltr'><strong>fere</strong></span> <span class='ocrx_word' id='word_1_103' title='bbox 544 1849 711 1900; x_wconf 90' lang='lat' dir='ltr'><strong>Codd.</strong></span> <span class='ocrx_word' id='word_1_104' title='bbox 726 1855 781 1899; x_wconf 89' lang='lat' dir='ltr'><strong>et</strong></span> <span class='ocrx_word' id='word_1_105' title='bbox 804 1849 935 1899; x_wconf 86' lang='lat' dir='ltr'><strong>Edd.</strong></span> <span class='ocrx_word' id='word_1_106' title='bbox 956 1849 1104 1899; x_wconf 82' lang='lat' dir='ltr'><strong>Vett.</strong></span> <span class='ocrx_word' id='word_1_107' title='bbox 1126 1863 1288 1913; x_wconf 86' lang='lat' dir='ltr'><strong>usque</strong></span> <span class='ocrx_word' id='word_1_108' title='bbox 1304 1848 1368 1897; x_wconf 88' lang='lat' dir='ltr'><strong>ad</strong></span> <span class='ocrx_word' id='word_1_109' title='bbox 1388 1848 1512 1897; x_wconf 89' lang='lat' dir='ltr'><strong>Bas.</strong></span> <span class='ocrx_word' id='word_1_110' title='bbox 1533 1853 1671 1909; x_wconf 74' lang='lat' dir='ltr'><strong>post.</strong></span> <span class='ocrx_word' id='word_1_111' title='bbox 1689 1846 1813 1897; x_wconf 88' lang='lat' dir='ltr'><strong>Ant.</strong></span> <span class='ocrx_word' id='word_1_112' title='bbox 1833 1846 2035 1911; x_wconf 83' lang='lat' dir='ltr'><strong>Gryph.</strong></span> <span class='ocrx_word' id='word_1_113' title='bbox 2057 1853 2112 1896; x_wconf 92' lang='lat' dir='ltr'><strong>et</strong></span> <span class='ocrx_word' id='word_1_114' title='bbox 2135 1855 2358 1899; x_wconf 80' lang='lat' dir='ltr'><strong>recentt.</strong></span> <span class='ocrx_word' id='word_1_115' title='bbox 2384 1865 2500 1912; x_wconf 83' lang='lat' dir='ltr'><strong>quae</strong></span> 
     </span>
     <span class='ocr_line' id='line_1_17' title="bbox 301 1911 2504 1979; baseline 0.001 -17"><span class='ocrx_word' id='word_1_116' title='bbox 301 1913 550 1964; x_wconf 76' lang='lat' dir='ltr'><strong>laboravit.</strong></span> <span class='ocrx_word' id='word_1_117' title='bbox 589 1914 721 1965; x_wconf 86' lang='lat' dir='ltr'><strong>lllud</strong></span> <span class='ocrx_word' id='word_1_118' title='bbox 746 1914 921 1979; x_wconf 83' lang='lat' dir='ltr'><strong>placet</strong></span> <span class='ocrx_word' id='word_1_119' title='bbox 945 1914 1119 1965; x_wconf 78' lang='lat' dir='ltr'><strong>Graev,</strong></span> <span class='ocrx_word' id='word_1_120' title='bbox 1138 1914 1301 1965; x_wconf 83' lang='lat' dir='ltr'><strong>Gron.</strong></span> <span class='ocrx_word' id='word_1_121' title='bbox 1326 1914 1503 1963; x_wconf 88' lang='lat' dir='ltr'><strong>Burm.</strong></span> <span class='ocrx_word' id='word_1_122' title='bbox 1522 1912 1661 1963; x_wconf 87' lang='lat' dir='ltr'><strong>Oud.</strong></span> <span class='ocrx_word' id='word_1_123' title='bbox 1684 1911 1840 1961; x_wconf 82' lang='lat' dir='ltr'><strong>Wolf.</strong></span> <span class='ocrx_word' id='word_1_124' title='bbox 1874 1922 1931 1960; x_wconf 88' lang='lat' dir='ltr'><strong>et</strong></span> <span class='ocrx_word' id='word_1_125' title='bbox 1952 1912 2170 1975; x_wconf 77' lang='lat' dir='ltr'><strong>Baumg.</strong></span> <span class='ocrx_word' id='word_1_126' title='bbox 2198 1913 2295 1963; x_wconf 89' lang='lat' dir='ltr'><strong>hoc</strong></span> <span class='ocrx_word' id='word_1_127' title='bbox 2329 1923 2504 1978; x_wconf 79' lang='lat' dir='ltr'><strong>servat</strong></span> 
     </span>
     <span class='ocr_line' id='line_1_18' title="bbox 304 1977 2504 2044; baseline -0 -15"><span class='ocrx_word' id='word_1_128' title='bbox 304 1979 430 2029; x_wconf 82' lang='lat' dir='ltr'><strong>Ern.</strong></span> <span class='ocrx_word' id='word_1_129' title='bbox 455 1994 572 2030; x_wconf 89' lang='lat' dir='ltr'><strong>cum</strong></span> <span class='ocrx_word' id='word_1_130' title='bbox 595 1977 660 2029; x_wconf 88' lang='lat' dir='ltr'><strong>Bi</strong></span> <span class='ocrx_word' id='word_1_131' title='bbox 702 1978 1008 2031; x_wconf 77' lang='lat' dir='ltr'><strong>ontinis.—4</strong></span> <span class='ocrx_word' id='word_1_132' title='bbox 1041 1978 1209 2029; x_wconf 83' lang='lat' dir='ltr'><strong>Abest</strong></span> <span class='ocrx_word' id='word_1_133' title='bbox 1229 1977 1291 2027; x_wconf 75' lang='grc' dir='ltr'><strong>τὸ</strong></span> <span class='ocrx_word' id='word_1_134' title='bbox 1309 1983 1364 2028; x_wconf 73' lang='lat' dir='ltr'><strong>ut</strong></span> <span class='ocrx_word' id='word_1_135' title='bbox 1384 1993 1415 2027; x_wconf 88' lang='lat' dir='ltr'><strong>a</strong></span> <span class='ocrx_word' id='word_1_136' title='bbox 1435 1978 1633 2027; x_wconf 77' lang='lat' dir='ltr'><strong>Medic.</strong></span> <span class='ocrx_word' id='word_1_137' title='bbox 1654 1978 1776 2028; x_wconf 87' lang='lat' dir='ltr'><strong>trib.</strong></span> <span class='ocrx_word' id='word_1_138' title='bbox 1800 1978 1949 2026; x_wconf 85' lang='lat' dir='ltr'><strong>Voss.</strong></span> <span class='ocrx_word' id='word_1_139' title='bbox 1984 1978 2128 2028; x_wconf 86' lang='lat' dir='ltr'><strong>Cort.</strong></span> <span class='ocrx_word' id='word_1_140' title='bbox 2155 1977 2286 2027; x_wconf 86' lang='lat' dir='ltr'><strong>Edd.</strong></span> <span class='ocrx_word' id='word_1_141' title='bbox 2316 1979 2504 2044; x_wconf 81' lang='lat' dir='ltr'><strong>camp.</strong></span> 
     </span>
    </p>
   </div>
   <div class='ocr_carea' id='block_1_7' title="bbox 304 2041 2504 2110">
    <p class='ocr_par' dir='ltr' id='par_1_7' title="bbox 304 2041 2504 2110">
     <span class='ocr_line' id='line_1_19' title="bbox 304 2041 2504 2110; baseline 0.001 -17"><span class='ocrx_word' id='word_1_142' title='bbox 304 2041 487 2095; x_wconf 88' lang='lat' dir='ltr'><strong>Dolet.</strong></span> <span class='ocrx_word' id='word_1_143' title='bbox 512 2045 636 2095; x_wconf 82' lang='lat' dir='ltr'><strong>Bas.</strong></span> <span class='ocrx_word' id='word_1_144' title='bbox 710 2046 839 2095; x_wconf 86' lang='lat' dir='ltr'><strong>lant.</strong></span> <span class='ocrx_word' id='word_1_145' title='bbox 876 2045 1080 2110; x_wconf 83' lang='lat' dir='ltr'><strong>Gryph.</strong></span> <span class='ocrx_word' id='word_1_146' title='bbox 1115 2045 1264 2095; x_wconf 86' lang='lat' dir='ltr'><strong>Torr.</strong></span> <span class='ocrx_word' id='word_1_147' title='bbox 1313 2044 1469 2093; x_wconf 87' lang='lat' dir='ltr'><strong>Malit</strong></span> <span class='ocrx_word' id='word_1_148' title='bbox 1504 2042 1644 2093; x_wconf 88' lang='lat' dir='ltr'><strong>Oud.</strong></span> <span class='ocrx_word' id='word_1_149' title='bbox 1666 2044 1716 2092; x_wconf 78' lang='lat' dir='ltr'><strong>in</strong></span> <span class='ocrx_word' id='word_1_150' title='bbox 1749 2041 1916 2091; x_wconf 88' lang='lat' dir='ltr'><strong>deleri</strong></span> <span class='ocrx_word' id='word_1_151' title='bbox 1946 2057 2061 2091; x_wconf 92' lang='lat' dir='ltr'><strong>cum</strong></span> <span class='ocrx_word' id='word_1_152' title='bbox 2085 2042 2242 2093; x_wconf 88' lang='lat' dir='ltr'><strong>Viud.</strong></span> <span class='ocrx_word' id='word_1_153' title='bbox 2266 2048 2313 2094; x_wconf 92' lang='lat' dir='ltr'><strong>l.</strong></span> <span class='ocrx_word' id='word_1_154' title='bbox 2341 2045 2504 2095; x_wconf 90' lang='lat' dir='ltr'><strong>Fouc.</strong></span> 
     </span>
    </p>
   </div>
   <div class='ocr_carea' id='block_1_8' title="bbox 295 2106 2507 2504">
    <p class='ocr_par' dir='ltr' id='par_1_8' title="bbox 295 2106 2507 2504">
     <span class='ocr_line' id='line_1_20' title="bbox 304 2106 2507 2174; baseline 0.001 -16"><span class='ocrx_word' id='word_1_155' title='bbox 304 2109 543 2174; x_wconf 79' lang='lat' dir='ltr'><strong>aliisque,</strong></span> <span class='ocrx_word' id='word_1_156' title='bbox 565 2117 780 2161; x_wconf 85' lang='lat' dir='ltr'><strong>auctore</strong></span> <span class='ocrx_word' id='word_1_157' title='bbox 805 2110 950 2173; x_wconf 87' lang='lat' dir='ltr'><strong>Lips.</strong></span> <span class='ocrx_word' id='word_1_158' title='bbox 972 2110 1035 2160; x_wconf 87' lang='lat' dir='ltr'><strong>ad</strong></span> <span class='ocrx_word' id='word_1_159' title='bbox 1055 2110 1227 2160; x_wconf 82' lang='lat' dir='ltr'><strong>Tacit.</strong></span> <span class='ocrx_word' id='word_1_160' title='bbox 1252 2122 1378 2159; x_wconf 83' lang='lat' dir='ltr'><strong>xm.</strong></span> <span class='ocrx_word' id='word_1_161' title='bbox 1402 2112 1484 2158; x_wconf 85' lang='grc'><strong>16.</strong></span> <span class='ocrx_word' id='word_1_162' title='bbox 1531 2109 1660 2157; x_wconf 77' lang='lat' dir='ltr'><strong>Mox</strong></span> <span class='ocrx_word' id='word_1_163' title='bbox 1682 2123 1773 2156; x_wconf 77' lang='lat' dir='ltr'><strong>uno</strong></span> <span class='ocrx_word' id='word_1_164' title='bbox 1795 2108 1914 2156; x_wconf 80' lang='lat' dir='ltr'><strong>lecto</strong></span> <span class='ocrx_word' id='word_1_165' title='bbox 1937 2107 1989 2156; x_wconf 90' lang='lat' dir='ltr'><strong>in</strong></span> <span class='ocrx_word' id='word_1_166' title='bbox 2026 2106 2186 2157; x_wconf 89' lang='lat' dir='ltr'><strong>Vind.</strong></span> <span class='ocrx_word' id='word_1_167' title='bbox 2205 2111 2255 2160; x_wconf 80' lang='lat'><strong>2.</strong></span> <span class='ocrx_word' id='word_1_168' title='bbox 2280 2125 2311 2158; x_wconf 87' lang='lat' dir='ltr'><strong>a</strong></span> <span class='ocrx_word' id='word_1_169' title='bbox 2333 2125 2402 2158; x_wconf 88' lang='lat' dir='ltr'><strong>m.</strong></span> <span class='ocrx_word' id='word_1_170' title='bbox 2424 2125 2507 2173; x_wconf 84' lang='lat' dir='ltr'><strong>pr.</strong></span> 
     </span>
     <span class='ocr_line' id='line_1_21' title="bbox 303 2170 2507 2241; baseline 0.001 -18"><span class='ocrx_word' id='word_1_171' title='bbox 303 2173 482 2225; x_wconf 84' lang='lat' dir='ltr'><strong>Periz.</strong></span> <span class='ocrx_word' id='word_1_172' title='bbox 512 2176 642 2239; x_wconf 87' lang='lat' dir='ltr'><strong>Cop.</strong></span> <span class='ocrx_word' id='word_1_173' title='bbox 664 2176 899 2226; x_wconf 83' lang='lat' dir='ltr'><strong>Harlem.</strong></span> <span class='ocrx_word' id='word_1_174' title='bbox 928 2182 1150 2241; x_wconf 84' lang='lat' dir='ltr'><strong>quatuor</strong></span> <span class='ocrx_word' id='word_1_175' title='bbox 1183 2170 1538 2225; x_wconf 79' lang='lat' dir='ltr'><strong>Torrentianis</strong></span> <span class='ocrx_word' id='word_1_176' title='bbox 1561 2180 1616 2223; x_wconf 83' lang='lat' dir='ltr'><strong>et</strong></span> <span class='ocrx_word' id='word_1_177' title='bbox 1636 2172 1772 2223; x_wconf 86' lang='lat' dir='ltr'><strong>Edd.</strong></span> <span class='ocrx_word' id='word_1_178' title='bbox 1796 2173 1945 2223; x_wconf 89' lang='lat' dir='ltr'><strong>Rom.</strong></span> <span class='ocrx_word' id='word_1_179' title='bbox 1980 2174 2111 2223; x_wconf 84' lang='lat' dir='ltr'><strong>Ven.</strong></span> <span class='ocrx_word' id='word_1_180' title='bbox 2130 2173 2346 2224; x_wconf 84' lang='lat' dir='ltr'><strong>Mediol.</strong></span> <span class='ocrx_word' id='word_1_181' title='bbox 2374 2175 2507 2226; x_wconf 89' lang='lat' dir='ltr'><strong>Bon.</strong></span> 
     </span>
     <span class='ocr_line' id='line_1_22' title="bbox 307 2238 2504 2303; baseline 0 -13"><span class='ocrx_word' id='word_1_182' title='bbox 307 2239 476 2303; x_wconf 78' lang='lat' dir='ltr'><strong>Lugd.</strong></span> <span class='ocrx_word' id='word_1_183' title='bbox 512 2242 653 2291; x_wconf 84' lang='lat' dir='ltr'><strong>Dein</strong></span> <span class='ocrx_word' id='word_1_184' title='bbox 675 2245 759 2290; x_wconf 71' lang='lat' dir='ltr'><strong>aut</strong></span> <span class='ocrx_word' id='word_1_185' title='bbox 780 2241 928 2291; x_wconf 70' lang='lat' dir='ltr'><strong>celsio.</strong></span> <span class='ocrx_word' id='word_1_186' title='bbox 952 2242 1097 2291; x_wconf 86' lang='lat' dir='ltr'><strong>Cort.</strong></span> <span class='ocrx_word' id='word_1_187' title='bbox 1128 2255 1188 2291; x_wconf 91' lang='lat' dir='ltr'><strong>ac</strong></span> <span class='ocrx_word' id='word_1_188' title='bbox 1210 2240 1387 2291; x_wconf 76' lang='lat' dir='ltr'><strong>circum</strong></span> <span class='ocrx_word' id='word_1_189' title='bbox 1420 2239 1575 2288; x_wconf 83' lang='lat' dir='ltr'><strong>vind.</strong></span> <span class='ocrx_word' id='word_1_190' title='bbox 1596 2243 1743 2288; x_wconf 82' lang='lat'><strong>1.—5</strong></span> <span class='ocrx_word' id='word_1_191' title='bbox 1781 2238 1905 2287; x_wconf 73' lang='lat' dir='ltr'><strong>Eum</strong></span> <span class='ocrx_word' id='word_1_192' title='bbox 1939 2238 2120 2288; x_wconf 87' lang='lat' dir='ltr'><strong>abesse</strong></span> <span class='ocrx_word' id='word_1_193' title='bbox 2145 2239 2300 2290; x_wconf 85' lang='lat' dir='ltr'><strong>vellet</strong></span> <span class='ocrx_word' id='word_1_194' title='bbox 2322 2239 2504 2291; x_wconf 89' lang='lat' dir='ltr'><strong>Burm.</strong></span> 
     </span>
     <span class='ocr_line' id='line_1_23' title="bbox 304 2303 2504 2370; baseline 0.001 -17"><span class='ocrx_word' id='word_1_195' title='bbox 304 2306 395 2354; x_wconf 87' lang='lat' dir='ltr'><strong>sed</strong></span> <span class='ocrx_word' id='word_1_196' title='bbox 427 2314 714 2370; x_wconf 79' lang='lat' dir='ltr'><strong>agnoscunt</strong></span> <span class='ocrx_word' id='word_1_197' title='bbox 735 2307 864 2357; x_wconf 84' lang='lat' dir='ltr'><strong>Mss.</strong></span> <span class='ocrx_word' id='word_1_198' title='bbox 889 2305 957 2355; x_wconf 92' lang='grc' dir='ltr'><strong>Ο.</strong></span> <span class='ocrx_word' id='word_1_199' title='bbox 1002 2307 1134 2356; x_wconf 86' lang='lat' dir='ltr'><strong>Tum</strong></span> <span class='ocrx_word' id='word_1_200' title='bbox 1167 2306 1322 2356; x_wconf 77' lang='lat' dir='ltr'><strong>subole</strong></span> <span class='ocrx_word' id='word_1_201' title='bbox 1356 2306 1488 2355; x_wconf 85' lang='lat' dir='ltr'><strong>Exc.</strong></span> <span class='ocrx_word' id='word_1_202' title='bbox 1525 2304 1676 2353; x_wconf 87' lang='lat' dir='ltr'><strong>Voss.</strong></span> <span class='ocrx_word' id='word_1_203' title='bbox 1711 2309 1766 2352; x_wconf 88' lang='lat' dir='ltr'><strong>et</strong></span> <span class='ocrx_word' id='word_1_204' title='bbox 1801 2303 1936 2352; x_wconf 90' lang='lat' dir='ltr'><strong>Edd.</strong></span> <span class='ocrx_word' id='word_1_205' title='bbox 1970 2303 2326 2368; x_wconf 64' lang='lat' dir='ltr'><strong>quaedam-6</strong></span> <span class='ocrx_word' id='word_1_206' title='bbox 2360 2306 2504 2355; x_wconf 74' lang='lat' dir='ltr'><strong>Dom-</strong></span> 
     </span>
     <span class='ocr_line' id='line_1_24' title="bbox 307 2368 2507 2436; baseline 0 -17"><span class='ocrx_word' id='word_1_207' title='bbox 307 2370 447 2420; x_wconf 74' lang='lat' dir='ltr'><strong>Fore.</strong></span> <span class='ocrx_word' id='word_1_208' title='bbox 471 2371 626 2435; x_wconf 84' lang='lat' dir='ltr'><strong>jungi</strong></span> <span class='ocrx_word' id='word_1_209' title='bbox 663 2372 835 2436; x_wconf 87' lang='lat' dir='ltr'><strong>placet</strong></span> <span class='ocrx_word' id='word_1_210' title='bbox 866 2371 1021 2421; x_wconf 83' lang='lat' dir='ltr'><strong>Nicb.</strong></span> <span class='ocrx_word' id='word_1_211' title='bbox 1053 2371 1276 2435; x_wconf 84' lang='lat' dir='ltr'><strong>Hopsio,</strong></span> <span class='ocrx_word' id='word_1_212' title='bbox 1308 2375 1537 2420; x_wconf 86' lang='lat' dir='ltr'><strong>testante</strong></span> <span class='ocrx_word' id='word_1_213' title='bbox 1568 2368 1807 2420; x_wconf 51' lang='lat' dir='ltr'><strong>ouda-7</strong></span> <span class='ocrx_word' id='word_1_214' title='bbox 1845 2368 2089 2432; x_wconf 80' lang='lat' dir='ltr'><strong>optimus</strong></span> <span class='ocrx_word' id='word_1_215' title='bbox 2127 2369 2258 2419; x_wconf 88' lang='lat' dir='ltr'><strong>liber</strong></span> <span class='ocrx_word' id='word_1_216' title='bbox 2284 2370 2429 2419; x_wconf 84' lang='lat' dir='ltr'><strong>Torr.</strong></span> <span class='ocrx_word' id='word_1_217' title='bbox 2460 2374 2507 2420; x_wconf 77' lang='lat' dir='ltr'><strong>et</strong></span> 
     </span>
     <span class='ocr_line' id='line_1_25' title="bbox 295 2433 2507 2504; baseline -0 -17"><span class='ocrx_word' id='word_1_218' title='bbox 295 2434 474 2500; x_wconf 78' lang='lat' dir='ltr'><strong>filiam.</strong></span> <span class='ocrx_word' id='word_1_219' title='bbox 531 2436 662 2488; x_wconf 84' lang='lat' dir='ltr'><strong>Mox</strong></span> <span class='ocrx_word' id='word_1_220' title='bbox 699 2452 908 2488; x_wconf 77' lang='lat' dir='ltr'><strong>mensum</strong></span> <span class='ocrx_word' id='word_1_221' title='bbox 941 2438 1069 2490; x_wconf 81' lang='lat' dir='ltr'><strong>Exc.</strong></span> <span class='ocrx_word' id='word_1_222' title='bbox 1106 2437 1224 2504; x_wconf 86' lang='lat' dir='ltr'><strong>Cuj.</strong></span> <span class='ocrx_word' id='word_1_223' title='bbox 1262 2434 1400 2488; x_wconf 87' lang='lat' dir='ltr'><strong>sicut</strong></span> <span class='ocrx_word' id='word_1_224' title='bbox 1433 2436 1485 2487; x_wconf 90' lang='lat' dir='ltr'><strong>in</strong></span> <span class='ocrx_word' id='word_1_225' title='bbox 1519 2434 1782 2501; x_wconf 75' lang='lat' dir='ltr'><strong>antiquiss.</strong></span> <span class='ocrx_word' id='word_1_226' title='bbox 1805 2433 1971 2485; x_wconf 89' lang='lat' dir='ltr'><strong>Codd.</strong></span> <span class='ocrx_word' id='word_1_227' title='bbox 1995 2441 2128 2486; x_wconf 88' lang='lat' dir='ltr'><strong>teste</strong></span> <span class='ocrx_word' id='word_1_228' title='bbox 2152 2434 2290 2487; x_wconf 89' lang='lat' dir='ltr'><strong>Oud.</strong></span> <span class='ocrx_word' id='word_1_229' title='bbox 2312 2442 2507 2486; x_wconf 81' lang='lat' dir='ltr'><strong>exarat.</strong></span> 
     </span>
    </p>
   </div>
   <div class='ocr_carea' id='block_1_9' title="bbox 1296 2617 1523 2670">
    <p class='ocr_par' dir='ltr' id='par_1_9' title="bbox 1296 2617 1523 2670">
     <span class='ocr_line' id='line_1_26' title="bbox 1296 2617 1523 2670; baseline -0.013 0"><span class='ocrx_word' id='word_1_230' title='bbox 1296 2617 1523 2670; x_wconf 78' lang='lat' dir='ltr'>NOTAE</span> 
     </span>
    </p>
   </div>
   <div class='ocr_carea' id='block_1_10' title="bbox 313 2729 2519 4026">
    <p class='ocr_par' dir='ltr' id='par_1_10' title="bbox 313 2729 2519 4026">
     <span class='ocr_line' id='line_1_27' title="bbox 375 2729 2508 2799; baseline -0.002 -13"><span class='ocrx_word' id='word_1_231' title='bbox 375 2735 393 2767; x_wconf 75' lang='lat'>²</span> <span class='ocrx_word' id='word_1_232' title='bbox 422 2733 731 2799; x_wconf 58' lang='lat' dir='ltr'><strong>assiderent]</strong></span> <span class='ocrx_word' id='word_1_233' title='bbox 783 2734 1052 2786; x_wconf 77' lang='lat' dir='ltr'><strong>Sedebant</strong></span> <span class='ocrx_word' id='word_1_234' title='bbox 1072 2734 1238 2799; x_wconf 85' lang='lat' dir='ltr'><strong>pueri,</strong></span> <span class='ocrx_word' id='word_1_235' title='bbox 1263 2748 1367 2785; x_wconf 89' lang='lat' dir='ltr'><strong>non</strong></span> <span class='ocrx_word' id='word_1_236' title='bbox 1445 2732 1500 2782; x_wconf 90' lang='lat' dir='ltr'><strong>in</strong></span> <span class='ocrx_word' id='word_1_237' title='bbox 1523 2729 1710 2791; x_wconf 86' lang='lat' dir='ltr'><strong>lectis,&#39;</strong></span> <span class='ocrx_word' id='word_1_238' title='bbox 1745 2730 1844 2780; x_wconf 68' lang='grc' dir='ltr'><strong>διο.</strong></span> <span class='ocrx_word' id='word_1_239' title='bbox 1909 2730 1978 2780; x_wconf 86' lang='lat' dir='ltr'><strong>Et</strong></span> <span class='ocrx_word' id='word_1_240' title='bbox 2005 2729 2194 2778; x_wconf 87' lang='lat' dir='ltr'><strong>Horat.</strong></span> <span class='ocrx_word' id='word_1_241' title='bbox 2212 2729 2321 2779; x_wconf 89' lang='lat' dir='ltr'><strong>Sat.</strong></span> <span class='ocrx_word' id='word_1_242' title='bbox 2346 2733 2393 2781; x_wconf 89' lang='lat'><strong>8.</strong></span> <span class='ocrx_word' id='word_1_243' title='bbox 2414 2729 2508 2781; x_wconf 90' lang='lat' dir='ltr'><strong>lib.</strong></span> 
     </span>
     <span class='ocr_line' id='line_1_28' title="bbox 313 2808 2388 2876; baseline -0.002 -14"><span class='ocrx_word' id='word_1_244' title='bbox 313 2810 712 2875; x_wconf 86' lang='lat' dir='ltr'><strong>accumbebant,</strong></span> <span class='ocrx_word' id='word_1_245' title='bbox 731 2819 788 2863; x_wconf 90' lang='lat' dir='ltr'><strong>ut</strong></span> <span class='ocrx_word' id='word_1_246' title='bbox 803 2811 970 2863; x_wconf 77' lang='lat' dir='ltr'><strong>adnue</strong></span> <span class='ocrx_word' id='word_1_247' title='bbox 992 2813 1046 2867; x_wconf 88' lang='lat' dir='ltr'><strong>in</strong></span> <span class='ocrx_word' id='word_1_248' title='bbox 1060 2811 1242 2863; x_wconf 81' lang='lat' dir='ltr'><strong>Claud.</strong></span> <span class='ocrx_word' id='word_1_249' title='bbox 1256 2827 1374 2876; x_wconf 87' lang='lat' dir='ltr'><strong>cap.</strong></span> <span class='ocrx_word' id='word_1_250' title='bbox 1448 2824 1512 2862; x_wconf 85' lang='lat'><strong>11.</strong></span> <span class='ocrx_word' id='word_1_251' title='bbox 1538 2824 1613 2859; x_wconf 86' lang='lat' dir='ltr'><strong>vs.</strong></span> <span class='ocrx_word' id='word_1_252' title='bbox 1634 2814 1716 2860; x_wconf 75' lang='lat'><strong>40.</strong></span> <span class='ocrx_word' id='word_1_253' title='bbox 1739 2814 1796 2860; x_wconf 91' lang='lat' dir='ltr'><strong>et</strong></span> <span class='ocrx_word' id='word_1_254' title='bbox 1816 2808 1970 2874; x_wconf 84' lang='lat' dir='ltr'><strong>epist.</strong></span> <span class='ocrx_word' id='word_1_255' title='bbox 1994 2813 2045 2858; x_wconf 90' lang='grc'><strong>2.</strong></span> <span class='ocrx_word' id='word_1_256' title='bbox 2067 2808 2130 2857; x_wconf 86' lang='lat' dir='ltr'><strong>ad</strong></span> <span class='ocrx_word' id='word_1_257' title='bbox 2153 2808 2388 2858; x_wconf 86' lang='lat' dir='ltr'><strong>Lollium.</strong></span> 
     </span>
     <span class='ocr_line' id='line_1_29' title="bbox 313 2888 2512 2953; baseline -0 -15"><span class='ocrx_word' id='word_1_258' title='bbox 313 2891 392 2938; x_wconf 77' lang='grc'><strong>32.</strong></span> <span class='ocrx_word' id='word_1_259' title='bbox 440 2888 870 2953; x_wconf 86' lang='lat' dir='ltr'><strong>quemadmodum</strong></span> <span class='ocrx_word' id='word_1_260' title='bbox 921 2896 980 2941; x_wconf 91' lang='lat' dir='ltr'><strong>et</strong></span> <span class='ocrx_word' id='word_1_261' title='bbox 1023 2889 1269 2947; x_wconf 67' lang='lat' dir='ltr'><strong>foeminae,</strong></span> <span class='ocrx_word' id='word_1_262' title='bbox 1314 2895 1374 2940; x_wconf 89' lang='lat' dir='ltr'><strong>ut</strong></span> <span class='ocrx_word' id='word_1_263' title='bbox 1515 2899 1537 2924; x_wconf 81' lang='lat'><strong>¹¹</strong></span> <span class='ocrx_word' id='word_1_264' title='bbox 1573 2889 1851 2953; x_wconf 79' lang='lat' dir='ltr'><strong>Relegavit]</strong></span> <span class='ocrx_word' id='word_1_265' title='bbox 1897 2890 1960 2939; x_wconf 89' lang='lat' dir='ltr'><strong>In</strong></span> <span class='ocrx_word' id='word_1_266' title='bbox 1982 2891 2100 2939; x_wconf 88' lang='lat' dir='ltr'><strong>loca</strong></span> <span class='ocrx_word' id='word_1_267' title='bbox 2122 2889 2275 2951; x_wconf 85' lang='lat' dir='ltr'><strong>longe</strong></span> <span class='ocrx_word' id='word_1_268' title='bbox 2298 2888 2512 2941; x_wconf 82' lang='lat' dir='ltr'><strong>dissita:</strong></span> 
     </span>
     <span class='ocr_line' id='line_1_30' title="bbox 313 2963 2512 3018; baseline -0 -4"><span class='ocrx_word' id='word_1_269' title='bbox 313 2965 493 3015; x_wconf 77' lang='lat' dir='ltr'><strong>Valet.</strong></span> <span class='ocrx_word' id='word_1_270' title='bbox 517 2965 664 3015; x_wconf 82' lang='lat' dir='ltr'><strong>Max.</strong></span> <span class='ocrx_word' id='word_1_271' title='bbox 694 2966 787 3015; x_wconf 90' lang='lat' dir='ltr'><strong>lib.</strong></span> <span class='ocrx_word' id='word_1_272' title='bbox 819 2981 884 3018; x_wconf 85' lang='lat'><strong>11.</strong></span> <span class='ocrx_word' id='word_1_273' title='bbox 924 2981 973 3016; x_wconf 86' lang='lat' dir='ltr'><strong>c.</strong></span> <span class='ocrx_word' id='word_1_274' title='bbox 1010 2970 1059 3017; x_wconf 91' lang='lat'><strong>1.</strong></span> <span class='ocrx_word' id='word_1_275' title='bbox 1091 2966 1371 3017; x_wconf 75' lang='lat' dir='ltr'><strong>‘Foeminae</strong></span> <span class='ocrx_word' id='word_1_276' title='bbox 1447 2965 1608 3018; x_wconf 85' lang='lat' dir='ltr'><strong>filiam</strong></span> <span class='ocrx_word' id='word_1_277' title='bbox 1644 2967 1849 3016; x_wconf 87' lang='lat' dir='ltr'><strong>scilicet</strong></span> <span class='ocrx_word' id='word_1_278' title='bbox 1882 2966 1934 3015; x_wconf 90' lang='lat' dir='ltr'><strong>in</strong></span> <span class='ocrx_word' id='word_1_279' title='bbox 1966 2966 2179 3016; x_wconf 81' lang='lat' dir='ltr'><strong>insulam</strong></span> <span class='ocrx_word' id='word_1_280' title='bbox 2202 2963 2512 3013; x_wconf 86' lang='lat' dir='ltr'><strong>Pandateri-</strong></span> 
     </span>
     <span class='ocr_line' id='line_1_31' title="bbox 315 3041 2512 3109; baseline 0 -18"><span class='ocrx_word' id='word_1_281' title='bbox 315 3054 431 3091; x_wconf 87' lang='lat' dir='ltr'><strong>cum</strong></span> <span class='ocrx_word' id='word_1_282' title='bbox 476 3041 602 3091; x_wconf 81' lang='lat' dir='ltr'><strong>viris</strong></span> <span class='ocrx_word' id='word_1_283' title='bbox 641 3043 952 3094; x_wconf 79' lang='lat' dir='ltr'><strong>cubantibus</strong></span> <span class='ocrx_word' id='word_1_284' title='bbox 989 3041 1231 3093; x_wconf 83' lang='lat' dir='ltr'><strong>sedentes</strong></span> <span class='ocrx_word' id='word_1_285' title='bbox 1270 3054 1374 3092; x_wconf 86' lang='lat' dir='ltr'><strong>coe·</strong></span> <span class='ocrx_word' id='word_1_286' title='bbox 1450 3059 1555 3109; x_wconf 86' lang='lat' dir='ltr'><strong>am,</strong></span> <span class='ocrx_word' id='word_1_287' title='bbox 1577 3049 1637 3093; x_wconf 89' lang='lat' dir='ltr'><strong>ut</strong></span> <span class='ocrx_word' id='word_1_288' title='bbox 1663 3043 1824 3092; x_wconf 79' lang='lat' dir='ltr'><strong>tradit</strong></span> <span class='ocrx_word' id='word_1_289' title='bbox 1861 3043 1961 3092; x_wconf 88' lang='lat' dir='ltr'><strong>Dio</strong></span> <span class='ocrx_word' id='word_1_290' title='bbox 2001 3042 2053 3092; x_wconf 88' lang='lat' dir='ltr'><strong>in</strong></span> <span class='ocrx_word' id='word_1_291' title='bbox 2090 3041 2222 3092; x_wconf 84' lang='lat' dir='ltr'><strong>actis</strong></span> <span class='ocrx_word' id='word_1_292' title='bbox 2255 3041 2374 3090; x_wconf 88' lang='lat' dir='ltr'><strong>anni</strong></span> <span class='ocrx_word' id='word_1_293' title='bbox 2396 3045 2512 3091; x_wconf 80' lang='lat'><strong>758.</strong></span> 
     </span>
     <span class='ocr_line' id='line_1_32' title="bbox 313 3116 2515 3185; baseline 0 -20"><span class='ocrx_word' id='word_1_294' title='bbox 313 3116 592 3180; x_wconf 78' lang='lat' dir='ltr'><strong>nitaebant,</strong></span> <span class='ocrx_word' id='word_1_295' title='bbox 631 3132 746 3183; x_wconf 83' lang='lat' dir='ltr'><strong>quae</strong></span> <span class='ocrx_word' id='word_1_296' title='bbox 780 3117 1102 3169; x_wconf 83' lang='lat' dir='ltr'><strong>consuetudo</strong></span> <span class='ocrx_word' id='word_1_297' title='bbox 1127 3133 1194 3169; x_wconf 89' lang='lat' dir='ltr'><strong>ex</strong></span> <span class='ocrx_word' id='word_1_298' title='bbox 1212 3119 1375 3169; x_wconf 90' lang='lat' dir='ltr'><strong>bomi—</strong></span> <span class='ocrx_word' id='word_1_299' title='bbox 1448 3122 1606 3171; x_wconf 86' lang='lat' dir='ltr'><strong>hodie</strong></span> <span class='ocrx_word' id='word_1_300' title='bbox 1630 3121 1917 3171; x_wconf 77' lang='lat' dir='ltr'><strong>Palmatain</strong></span> <span class='ocrx_word' id='word_1_301' title='bbox 1936 3120 2062 3170; x_wconf 87' lang='lat' dir='ltr'><strong>mari</strong></span> <span class='ocrx_word' id='word_1_302' title='bbox 2074 3119 2369 3185; x_wconf 76' lang='lat' dir='ltr'><strong>Tyrrhen03</strong></span> <span class='ocrx_word' id='word_1_303' title='bbox 2390 3133 2515 3184; x_wconf 88' lang='lat' dir='ltr'><strong>nep-</strong></span> 
     </span>
     <span class='ocr_line' id='line_1_33' title="bbox 314 3194 2516 3260; baseline 0.001 -17"><span class='ocrx_word' id='word_1_304' title='bbox 314 3202 435 3244; x_wconf 80' lang='lat' dir='ltr'><strong>num</strong></span> <span class='ocrx_word' id='word_1_305' title='bbox 473 3195 717 3246; x_wconf 81' lang='lat' dir='ltr'><strong>convictu</strong></span> <span class='ocrx_word' id='word_1_306' title='bbox 740 3194 807 3245; x_wconf 85' lang='lat' dir='ltr'><strong>ad</strong></span> <span class='ocrx_word' id='word_1_307' title='bbox 844 3195 1022 3245; x_wconf 85' lang='lat' dir='ltr'><strong>divina</strong></span> <span class='ocrx_word' id='word_1_308' title='bbox 1044 3194 1375 3260; x_wconf 84' lang='lat' dir='ltr'><strong>penetravit‚&#39;</strong></span> <span class='ocrx_word' id='word_1_309' title='bbox 1457 3206 1564 3249; x_wconf 89' lang='lat' dir='ltr'><strong>tem</strong></span> <span class='ocrx_word' id='word_1_310' title='bbox 1585 3212 1708 3248; x_wconf 84' lang='lat' dir='ltr'><strong>vero</strong></span> <span class='ocrx_word' id='word_1_311' title='bbox 1722 3199 1773 3248; x_wconf 89' lang='lat' dir='ltr'><strong>in</strong></span> <span class='ocrx_word' id='word_1_312' title='bbox 1787 3198 1998 3247; x_wconf 88' lang='lat' dir='ltr'><strong>insulam</strong></span> <span class='ocrx_word' id='word_1_313' title='bbox 2012 3197 2316 3255; x_wconf 85' lang='lat' dir='ltr'><strong>Trimerum,</strong></span> <span class='ocrx_word' id='word_1_314' title='bbox 2331 3203 2390 3247; x_wconf 91' lang='lat' dir='ltr'><strong>nt</strong></span> <span class='ocrx_word' id='word_1_315' title='bbox 2411 3194 2516 3246; x_wconf 83' lang='lat' dir='ltr'><strong>Ta-</strong></span> 
     </span>
     <span class='ocr_line' id='line_1_34' title="bbox 314 3270 2518 3336; baseline 0 -15"><span class='ocrx_word' id='word_1_316' title='bbox 314 3273 412 3322; x_wconf 86' lang='lat' dir='ltr'><strong>&amp;c.</strong></span> <span class='ocrx_word' id='word_1_317' title='bbox 482 3270 624 3321; x_wconf 88' lang='lat' dir='ltr'><strong>Imus</strong></span> <span class='ocrx_word' id='word_1_318' title='bbox 647 3272 812 3322; x_wconf 85' lang='lat' dir='ltr'><strong>lectus</strong></span> <span class='ocrx_word' id='word_1_319' title='bbox 835 3272 924 3322; x_wconf 84' lang='lat' dir='ltr'><strong>ille</strong></span> <span class='ocrx_word' id='word_1_320' title='bbox 938 3280 1038 3334; x_wconf 87' lang='lat' dir='ltr'><strong>est,</strong></span> <span class='ocrx_word' id='word_1_321' title='bbox 1056 3286 1206 3336; x_wconf 88' lang='lat' dir='ltr'><strong>quem</strong></span> <span class='ocrx_word' id='word_1_322' title='bbox 1233 3272 1374 3322; x_wconf 80' lang='lat' dir='ltr'><strong>dicto</strong></span> <span class='ocrx_word' id='word_1_323' title='bbox 1457 3275 1595 3324; x_wconf 88' lang='lat' dir='ltr'><strong>citus</strong></span> <span class='ocrx_word' id='word_1_324' title='bbox 1636 3272 1826 3323; x_wconf 88' lang='lat' dir='ltr'><strong>Annal.</strong></span> <span class='ocrx_word' id='word_1_325' title='bbox 1864 3284 1942 3323; x_wconf 77' lang='lat' dir='ltr'><strong>lv.</strong></span> <span class='ocrx_word' id='word_1_326' title='bbox 1976 3273 2126 3322; x_wconf 85' lang='lat' dir='ltr'><strong>hodie</strong></span> <span class='ocrx_word' id='word_1_327' title='bbox 2163 3273 2216 3322; x_wconf 88' lang='lat' dir='ltr'><strong>S.</strong></span> <span class='ocrx_word' id='word_1_328' title='bbox 2254 3272 2422 3322; x_wconf 81' lang='lat' dir='ltr'><strong>Maria</strong></span> <span class='ocrx_word' id='word_1_329' title='bbox 2465 3274 2518 3322; x_wconf 76' lang='lat' dir='ltr'><strong>di</strong></span> 
     </span>
     <span class='ocr_line' id='line_1_35' title="bbox 317 3346 2516 3414; baseline 0 -16"><span class='ocrx_word' id='word_1_330' title='bbox 317 3347 524 3398; x_wconf 80' lang='lat' dir='ltr'><strong>Claudii</strong></span> <span class='ocrx_word' id='word_1_331' title='bbox 546 3349 658 3398; x_wconf 90' lang='lat' dir='ltr'><strong>loco</strong></span> <span class='ocrx_word' id='word_1_332' title='bbox 680 3350 696 3377; x_wconf 80' lang='lat'><em>⁴</em></span> <span class='ocrx_word' id='word_1_333' title='bbox 716 3347 880 3399; x_wconf 79' lang='lat' dir='ltr'><strong>fulcra</strong></span> <span class='ocrx_word' id='word_1_334' title='bbox 900 3349 1149 3398; x_wconf 87' lang='lat' dir='ltr'><strong>lectorum</strong></span> <span class='ocrx_word' id='word_1_335' title='bbox 1163 3346 1178 3370; x_wconf 86' lang='lat'><strong>¹</strong></span> <span class='ocrx_word' id='word_1_336' title='bbox 1199 3347 1377 3411; x_wconf 83' lang='lat' dir='ltr'><strong>appel·</strong></span> <span class='ocrx_word' id='word_1_337' title='bbox 1459 3350 1662 3400; x_wconf 78' lang='lat' dir='ltr'><strong>Tremiti</strong></span> <span class='ocrx_word' id='word_1_338' title='bbox 1683 3351 1734 3399; x_wconf 87' lang='lat' dir='ltr'><strong>in</strong></span> <span class='ocrx_word' id='word_1_339' title='bbox 1758 3348 2032 3400; x_wconf 84' lang='lat' dir='ltr'><strong>Adriatico</strong></span> <span class='ocrx_word' id='word_1_340' title='bbox 2052 3348 2199 3414; x_wconf 87' lang='lat' dir='ltr'><strong>mari,</strong></span> <span class='ocrx_word' id='word_1_341' title='bbox 2228 3356 2351 3399; x_wconf 86' lang='lat' dir='ltr'><strong>ante</strong></span> <span class='ocrx_word' id='word_1_342' title='bbox 2375 3363 2516 3399; x_wconf 88' lang='lat' dir='ltr'><strong>mon-</strong></span> 
     </span>
     <span class='ocr_line' id='line_1_36' title="bbox 314 3425 2128 3491; baseline 0 -19"><span class='ocrx_word' id='word_1_343' title='bbox 314 3425 407 3475; x_wconf 77' lang='lat' dir='ltr'><strong>iat.</strong></span> <span class='ocrx_word' id='word_1_344' title='bbox 462 3434 465 3437; x_wconf 77' lang='grc'>’</span> <span class='ocrx_word' id='word_1_345' title='bbox 491 3426 631 3479; x_wconf 82' lang='lat' dir='ltr'><strong>Quin</strong></span> <span class='ocrx_word' id='word_1_346' title='bbox 652 3432 708 3476; x_wconf 89' lang='lat' dir='ltr'><strong>et</strong></span> <span class='ocrx_word' id='word_1_347' title='bbox 729 3425 791 3475; x_wconf 89' lang='lat' dir='ltr'><strong>iis</strong></span> <span class='ocrx_word' id='word_1_348' title='bbox 815 3425 1127 3490; x_wconf 84' lang='lat' dir='ltr'><strong>peculiarem</strong></span> <span class='ocrx_word' id='word_1_349' title='bbox 1150 3437 1377 3473; x_wconf 88' lang='lat' dir='ltr'><strong>mensam</strong></span> <span class='ocrx_word' id='word_1_350' title='bbox 1456 3435 1563 3478; x_wconf 79' lang='lat' dir='ltr'><strong>tem</strong></span> <span class='ocrx_word' id='word_1_351' title='bbox 1589 3428 1903 3491; x_wconf 74' lang='lat' dir='ltr'><strong>Garganum.</strong></span> <span class='ocrx_word' id='word_1_352' title='bbox 2125 3472 2128 3475; x_wconf 73' lang='grc'><em>,</em></span> 
     </span>
     <span class='ocr_line' id='line_1_37' title="bbox 313 3500 2518 3569; baseline 0.001 -18"><span class='ocrx_word' id='word_1_353' title='bbox 313 3500 527 3553; x_wconf 83' lang='lat' dir='ltr'><strong>Tacitus</strong></span> <span class='ocrx_word' id='word_1_354' title='bbox 568 3503 799 3569; x_wconf 84' lang='lat' dir='ltr'><strong>assignat</strong></span> <span class='ocrx_word' id='word_1_355' title='bbox 830 3501 1022 3553; x_wconf 88' lang='lat' dir='ltr'><strong>Annal.</strong></span> <span class='ocrx_word' id='word_1_356' title='bbox 1063 3514 1192 3551; x_wconf 83' lang='lat' dir='ltr'><strong>xm.</strong></span> <span class='ocrx_word' id='word_1_357' title='bbox 1231 3502 1247 3528; x_wconf 80' lang='lat'>⁸</span> <span class='ocrx_word' id='word_1_358' title='bbox 1267 3514 1376 3550; x_wconf 86' lang='lat' dir='ltr'><strong>mos</strong></span> <span class='ocrx_word' id='word_1_359' title='bbox 1519 3510 1543 3536; x_wconf 79' lang='lat' dir='ltr'>v</span> <span class='ocrx_word' id='word_1_360' title='bbox 1577 3504 1695 3553; x_wconf 83' lang='lat' dir='ltr'><strong>Caio</strong></span> <span class='ocrx_word' id='word_1_361' title='bbox 1717 3504 1768 3553; x_wconf 81' lang='lat' dir='ltr'><strong>in</strong></span> <span class='ocrx_word' id='word_1_362' title='bbox 1793 3503 1967 3568; x_wconf 80' lang='lat' dir='ltr'><strong>Lycia]</strong></span> <span class='ocrx_word' id='word_1_363' title='bbox 2000 3505 2084 3553; x_wconf 91' lang='lat' dir='ltr'><strong>De</strong></span> <span class='ocrx_word' id='word_1_364' title='bbox 2109 3503 2206 3553; x_wconf 83' lang='lat' dir='ltr'><strong>boc</strong></span> <span class='ocrx_word' id='word_1_365' title='bbox 2229 3503 2282 3551; x_wconf 90' lang='lat' dir='ltr'><strong>in</strong></span> <span class='ocrx_word' id='word_1_366' title='bbox 2307 3503 2518 3554; x_wconf 86' lang='lat' dir='ltr'><strong>Tiberio</strong></span> 
     </span>
     <span class='ocr_line' id='line_1_38' title="bbox 313 3578 2517 3645; baseline 0 -17"><span class='ocrx_word' id='word_1_367' title='bbox 313 3578 625 3639; x_wconf 82' lang='lat' dir='ltr'><strong>habebatur,</strong></span> <span class='ocrx_word' id='word_1_368' title='bbox 641 3579 932 3645; x_wconf 88' lang='lat' dir='ltr'><strong>principum</strong></span> <span class='ocrx_word' id='word_1_369' title='bbox 948 3579 1136 3628; x_wconf 83' lang='lat' dir='ltr'><strong>liberos</strong></span> <span class='ocrx_word' id='word_1_370' title='bbox 1155 3591 1272 3629; x_wconf 86' lang='lat' dir='ltr'><strong>cum</strong></span> <span class='ocrx_word' id='word_1_371' title='bbox 1290 3591 1377 3626; x_wconf 89' lang='lat' dir='ltr'><strong>ce·</strong></span> <span class='ocrx_word' id='word_1_372' title='bbox 1453 3594 1573 3644; x_wconf 86' lang='lat' dir='ltr'><strong>cap.</strong></span> <span class='ocrx_word' id='word_1_373' title='bbox 1611 3583 1691 3629; x_wconf 82' lang='lat'><strong>12.</strong></span> <span class='ocrx_word' id='word_1_374' title='bbox 1733 3583 1810 3629; x_wconf 76' lang='lat' dir='ltr'><strong>ta.</strong></span> <span class='ocrx_word' id='word_1_375' title='bbox 1853 3583 1932 3629; x_wconf 86' lang='lat'><strong>15.</strong></span> <span class='ocrx_word' id='word_1_376' title='bbox 1971 3578 2134 3643; x_wconf 81' lang='lat' dir='ltr'><strong>Lycia</strong></span> <span class='ocrx_word' id='word_1_377' title='bbox 2164 3584 2340 3628; x_wconf 88' lang='lat' dir='ltr'><strong>autern</strong></span> <span class='ocrx_word' id='word_1_378' title='bbox 2375 3578 2517 3629; x_wconf 79' lang='lat' dir='ltr'><strong>Asiae</strong></span> 
     </span>
     <span class='ocr_line' id='line_1_39' title="bbox 315 3653 2518 3722; baseline 0.001 -19"><span class='ocrx_word' id='word_1_379' title='bbox 315 3656 442 3706; x_wconf 80' lang='lat' dir='ltr'><strong>teris</strong></span> <span class='ocrx_word' id='word_1_380' title='bbox 464 3655 693 3719; x_wconf 83' lang='lat' dir='ltr'><strong>ejusdem</strong></span> <span class='ocrx_word' id='word_1_381' title='bbox 718 3657 890 3707; x_wconf 81' lang='lat' dir='ltr'><strong>aetatis</strong></span> <span class='ocrx_word' id='word_1_382' title='bbox 909 3653 1164 3706; x_wconf 87' lang='lat' dir='ltr'><strong>nobilibus</strong></span> <span class='ocrx_word' id='word_1_383' title='bbox 1194 3654 1377 3704; x_wconf 84' lang='lat' dir='ltr'><strong>seden-</strong></span> <span class='ocrx_word' id='word_1_384' title='bbox 1459 3658 1625 3722; x_wconf 86' lang='lat' dir='ltr'><strong>regio,</strong></span> <span class='ocrx_word' id='word_1_385' title='bbox 1647 3658 1698 3706; x_wconf 90' lang='lat' dir='ltr'><strong>in</strong></span> <span class='ocrx_word' id='word_1_386' title='bbox 1718 3671 1807 3706; x_wconf 88' lang='lat' dir='ltr'><strong>ora</strong></span> <span class='ocrx_word' id='word_1_387' title='bbox 1828 3657 2073 3708; x_wconf 84' lang='lat' dir='ltr'><strong>australi:</strong></span> <span class='ocrx_word' id='word_1_388' title='bbox 2099 3656 2251 3707; x_wconf 83' lang='lat' dir='ltr'><strong>bodie</strong></span> <span class='ocrx_word' id='word_1_389' title='bbox 2267 3657 2518 3716; x_wconf 73' lang='lat' dir='ltr'><strong>Aldinelli,</strong></span> 
     </span>
     <span class='ocr_line' id='line_1_40' title="bbox 314 3730 1841 3799; baseline 0.003 -18"><span class='ocrx_word' id='word_1_390' title='bbox 314 3738 415 3798; x_wconf 86' lang='lat' dir='ltr'><strong>tes,</strong></span> <span class='ocrx_word' id='word_1_391' title='bbox 452 3731 594 3782; x_wconf 83' lang='lat' dir='ltr'><strong>vesci</strong></span> <span class='ocrx_word' id='word_1_392' title='bbox 625 3731 680 3781; x_wconf 87' lang='lat' dir='ltr'><strong>in</strong></span> <span class='ocrx_word' id='word_1_393' title='bbox 719 3738 938 3796; x_wconf 87' lang='lat' dir='ltr'><strong>aspectu</strong></span> <span class='ocrx_word' id='word_1_394' title='bbox 974 3730 1378 3795; x_wconf 87' lang='lat' dir='ltr'><strong>propinquorum</strong></span> <span class='ocrx_word' id='word_1_395' title='bbox 1459 3735 1573 3785; x_wconf 81' lang='lat' dir='ltr'><strong>aliis</strong></span> <span class='ocrx_word' id='word_1_396' title='bbox 1595 3734 1841 3799; x_wconf 79' lang='lat' dir='ltr'><strong>Bricquia.</strong></span> 
     </span>
     <span class='ocr_line' id='line_1_41' title="bbox 316 3807 2518 3876; baseline 0 -17"><span class='ocrx_word' id='word_1_397' title='bbox 316 3809 536 3873; x_wconf 79' lang='lat' dir='ltr'><strong>propria</strong></span> <span class='ocrx_word' id='word_1_398' title='bbox 578 3816 635 3858; x_wconf 84' lang='lat' dir='ltr'><strong>et</strong></span> <span class='ocrx_word' id='word_1_399' title='bbox 676 3808 913 3874; x_wconf 89' lang='lat' dir='ltr'><strong>parciore</strong></span> <span class='ocrx_word' id='word_1_400' title='bbox 959 3807 1175 3859; x_wconf 85' lang='lat' dir='ltr'><strong>mensa.&#39;</strong></span> <span class='ocrx_word' id='word_1_401' title='bbox 1241 3807 1380 3858; x_wconf 87' lang='lat' dir='ltr'><strong>Hinc</strong></span> <span class='ocrx_word' id='word_1_402' title='bbox 1523 3821 1557 3846; x_wconf 76' lang='lat' dir='ltr'><strong>w</strong></span> <span class='ocrx_word' id='word_1_403' title='bbox 1593 3811 1850 3876; x_wconf 67' lang='lat' dir='ltr'><strong>Massilia]</strong></span> <span class='ocrx_word' id='word_1_404' title='bbox 1918 3809 2001 3860; x_wconf 89' lang='lat' dir='ltr'><strong>Ibi</strong></span> <span class='ocrx_word' id='word_1_405' title='bbox 2042 3809 2289 3874; x_wconf 84' lang='lat' dir='ltr'><strong>inglorius</strong></span> <span class='ocrx_word' id='word_1_406' title='bbox 2335 3810 2518 3861; x_wconf 86' lang='lat' dir='ltr'><strong>morbo</strong></span> 
     </span>
     <span class='ocr_line' id='line_1_42' title="bbox 315 3884 2519 3956; baseline -0.003 -22"><span class='ocrx_word' id='word_1_407' title='bbox 315 3884 406 3935; x_wconf 81' lang='lat' dir='ltr'><strong>imi</strong></span> <span class='ocrx_word' id='word_1_408' title='bbox 445 3885 676 3937; x_wconf 87' lang='lat' dir='ltr'><strong>subsellii</strong></span> <span class='ocrx_word' id='word_1_409' title='bbox 712 3887 877 3935; x_wconf 75' lang='lat' dir='ltr'><strong>virum</strong></span> <span class='ocrx_word' id='word_1_410' title='bbox 906 3885 1041 3935; x_wconf 85' lang='lat' dir='ltr'><strong>dixit</strong></span> <span class='ocrx_word' id='word_1_411' title='bbox 1074 3885 1294 3935; x_wconf 84' lang='lat' dir='ltr'><strong>Plautus</strong></span> <span class='ocrx_word' id='word_1_412' title='bbox 1326 3885 1380 3934; x_wconf 90' lang='lat' dir='ltr'><strong>in</strong></span> <span class='ocrx_word' id='word_1_413' title='bbox 1456 3890 1635 3956; x_wconf 81' lang='lat' dir='ltr'><strong>periit,</strong></span> <span class='ocrx_word' id='word_1_414' title='bbox 1670 3889 1953 3955; x_wconf 84' lang='lat' dir='ltr'><strong>Hispanias</strong></span> <span class='ocrx_word' id='word_1_415' title='bbox 1976 3896 2182 3954; x_wconf 85' lang='lat' dir='ltr'><strong>petens,</strong></span> <span class='ocrx_word' id='word_1_416' title='bbox 2208 3895 2266 3938; x_wconf 86' lang='lat' dir='ltr'><strong>ut</strong></span> <span class='ocrx_word' id='word_1_417' title='bbox 2298 3889 2373 3940; x_wconf 77' lang='lat' dir='ltr'><strong>ait</strong></span> <span class='ocrx_word' id='word_1_418' title='bbox 2394 3891 2519 3940; x_wconf 71' lang='lat' dir='ltr'><strong>vel-</strong></span> 
     </span>
     <span class='ocr_line' id='line_1_43' title="bbox 317 3957 2448 4026; baseline 0.001 -12"><span class='ocrx_word' id='word_1_419' title='bbox 317 3962 499 4014; x_wconf 85' lang='lat' dir='ltr'><strong>Sticho</strong></span> <span class='ocrx_word' id='word_1_420' title='bbox 528 3961 655 4013; x_wconf 84' lang='lat' dir='ltr'><strong>Act.</strong></span> <span class='ocrx_word' id='word_1_421' title='bbox 684 3977 771 4013; x_wconf 89' lang='grc' dir='ltr'><strong>ιιι.</strong></span> <span class='ocrx_word' id='word_1_422' title='bbox 796 3964 883 4013; x_wconf 87' lang='lat' dir='ltr'><strong>Sc.</strong></span> <span class='ocrx_word' id='word_1_423' title='bbox 909 3967 959 4012; x_wconf 85' lang='grc'><strong>2.</strong></span> <span class='ocrx_word' id='word_1_424' title='bbox 988 3977 1064 4014; x_wconf 84' lang='lat' dir='ltr'><strong>vs.</strong></span> <span class='ocrx_word' id='word_1_425' title='bbox 1084 3966 1166 4013; x_wconf 75' lang='lat'><strong>33.</strong></span> <span class='ocrx_word' id='word_1_426' title='bbox 1189 3963 1384 4026; x_wconf 75' lang='lat' dir='ltr'><strong>pat-asi·</strong></span> <span class='ocrx_word' id='word_1_427' title='bbox 1453 3967 1586 4016; x_wconf 88' lang='lat' dir='ltr'><strong>leius</strong></span> <span class='ocrx_word' id='word_1_428' title='bbox 1607 3965 1695 4015; x_wconf 85' lang='lat' dir='ltr'><strong>lib.</strong></span> <span class='ocrx_word' id='word_1_429' title='bbox 1722 3979 1786 4015; x_wconf 88' lang='grc' dir='ltr'><strong>ιι.</strong></span> <span class='ocrx_word' id='word_1_430' title='bbox 2443 3957 2448 3961; x_wconf 67' lang='grc'>’</span> 
     </span>
    </p>
   </div>
   <div class='ocr_carea' id='block_1_11' title="bbox 319 4038 1384 4411">
    <p class='ocr_par' dir='ltr' id='par_1_11' title="bbox 319 4038 1384 4411">
     <span class='ocr_line' id='line_1_44' title="bbox 320 4038 1384 4104; baseline 0 -15"><span class='ocrx_word' id='word_1_431' title='bbox 320 4046 430 4089; x_wconf 92' lang='lat' dir='ltr'><strong>tum</strong></span> <span class='ocrx_word' id='word_1_432' title='bbox 453 4039 679 4103; x_wconf 85' lang='lat' dir='ltr'><strong>scilicet,</strong></span> <span class='ocrx_word' id='word_1_433' title='bbox 700 4041 716 4068; x_wconf 91' lang='lat'>‘</span> <span class='ocrx_word' id='word_1_434' title='bbox 738 4039 893 4090; x_wconf 83' lang='lat' dir='ltr'><strong>Haud</strong></span> <span class='ocrx_word' id='word_1_435' title='bbox 919 4041 1124 4103; x_wconf 85' lang='lat' dir='ltr'><strong>postulo</strong></span> <span class='ocrx_word' id='word_1_436' title='bbox 1140 4038 1384 4104; x_wconf 84' lang='lat' dir='ltr'><strong>equidem</strong></span> 
     </span>
     <span class='ocr_line' id='line_1_45' title="bbox 319 4116 1383 4179; baseline 0.001 -14"><span class='ocrx_word' id='word_1_437' title='bbox 319 4130 515 4166; x_wconf 85' lang='lat' dir='ltr'><strong>summo</strong></span> <span class='ocrx_word' id='word_1_438' title='bbox 540 4118 594 4166; x_wconf 88' lang='lat' dir='ltr'><strong>in</strong></span> <span class='ocrx_word' id='word_1_439' title='bbox 625 4117 764 4167; x_wconf 89' lang='lat' dir='ltr'><strong>lecto</strong></span> <span class='ocrx_word' id='word_1_440' title='bbox 797 4116 1127 4179; x_wconf 84' lang='lat' dir='ltr'><strong>accumbere,</strong></span> <span class='ocrx_word' id='word_1_441' title='bbox 1150 4116 1266 4166; x_wconf 88' lang='lat' dir='ltr'><strong>Scis</strong></span> <span class='ocrx_word' id='word_1_442' title='bbox 1300 4130 1383 4166; x_wconf 88' lang='lat' dir='ltr'><strong>me</strong></span> 
     </span>
     <span class='ocr_line' id='line_1_46' title="bbox 323 4191 1384 4244; baseline 0.002 -3"><span class='ocrx_word' id='word_1_443' title='bbox 323 4191 516 4242; x_wconf 85' lang='lat' dir='ltr'><strong>dudum</strong></span> <span class='ocrx_word' id='word_1_444' title='bbox 540 4205 656 4242; x_wconf 86' lang='lat' dir='ltr'><strong>esse</strong></span> <span class='ocrx_word' id='word_1_445' title='bbox 679 4193 767 4242; x_wconf 85' lang='lat' dir='ltr'><strong>imi</strong></span> <span class='ocrx_word' id='word_1_446' title='bbox 789 4192 1014 4243; x_wconf 88' lang='lat' dir='ltr'><strong>subsellii</strong></span> <span class='ocrx_word' id='word_1_447' title='bbox 1045 4192 1245 4244; x_wconf 63' lang='lat' dir='ltr'><strong>virum!</strong></span> <span class='ocrx_word' id='word_1_448' title='bbox 1313 4194 1384 4243; x_wconf 89' lang='lat' dir='ltr'><strong>Et</strong></span> 
     </span>
     <span class='ocr_line' id='line_1_47' title="bbox 324 4266 1381 4320; baseline 0 -3"><span class='ocrx_word' id='word_1_449' title='bbox 324 4266 459 4318; x_wconf 85' lang='lat' dir='ltr'><strong>infra</strong></span> <span class='ocrx_word' id='word_1_450' title='bbox 474 4269 598 4320; x_wconf 88' lang='lat' dir='ltr'><strong>Act.</strong></span> <span class='ocrx_word' id='word_1_451' title='bbox 621 4283 673 4319; x_wconf 85' lang='lat' dir='ltr'><strong>v.</strong></span> <span class='ocrx_word' id='word_1_452' title='bbox 694 4270 783 4319; x_wconf 84' lang='lat' dir='ltr'><strong>Sc.</strong></span> <span class='ocrx_word' id='word_1_453' title='bbox 804 4274 855 4320; x_wconf 84' lang='grc'><strong>4.</strong></span> <span class='ocrx_word' id='word_1_454' title='bbox 874 4285 949 4320; x_wconf 83' lang='lat' dir='ltr'><strong>vs.</strong></span> <span class='ocrx_word' id='word_1_455' title='bbox 973 4274 1056 4320; x_wconf 88' lang='grc'><strong>22.</strong></span> <span class='ocrx_word' id='word_1_456' title='bbox 1089 4270 1105 4296; x_wconf 80' lang='lat'>⁸</span> <span class='ocrx_word' id='word_1_457' title='bbox 1121 4268 1308 4320; x_wconf 87' lang='lat' dir='ltr'><strong>Potius</strong></span> <span class='ocrx_word' id='word_1_458' title='bbox 1330 4268 1381 4317; x_wconf 92' lang='lat' dir='ltr'><strong>in</strong></span> 
     </span>
     <span class='ocr_line' id='line_1_48' title="bbox 326 4345 1381 4411; baseline 0.002 -17"><span class='ocrx_word' id='word_1_459' title='bbox 326 4345 566 4397; x_wconf 84' lang='lat' dir='ltr'><strong>subsellio</strong></span> <span class='ocrx_word' id='word_1_460' title='bbox 610 4346 807 4410; x_wconf 82' lang='lat' dir='ltr'><strong>Cynice</strong></span> <span class='ocrx_word' id='word_1_461' title='bbox 857 4346 1176 4410; x_wconf 64' lang='lat' dir='ltr'><strong>accipientur</strong></span> <span class='ocrx_word' id='word_1_462' title='bbox 1229 4359 1381 4411; x_wconf 89' lang='lat' dir='ltr'><strong>quam</strong></span> 
     </span>
    </p>
   </div>
   <div class='ocr_carea' id='block_1_12' title="bbox 1457 4041 2522 4412">
    <p class='ocr_par' dir='ltr' id='par_1_12' title="bbox 1457 4041 2522 4412">
     <span class='ocr_line' id='line_1_49' title="bbox 1523 4041 2522 4107; baseline 0 -14"><span class='ocrx_word' id='word_1_463' title='bbox 1523 4051 1550 4077; x_wconf 83' lang='lat'>¹</span> <span class='ocrx_word' id='word_1_464' title='bbox 1583 4042 1715 4104; x_wconf 80' lang='lat' dir='ltr'><strong>Lege</strong></span> <span class='ocrx_word' id='word_1_465' title='bbox 1760 4041 1985 4106; x_wconf 74' lang='lat' dir='ltr'><strong>Curiata]</strong></span> <span class='ocrx_word' id='word_1_466' title='bbox 2042 4041 2160 4092; x_wconf 90' lang='lat' dir='ltr'><strong>Hoc</strong></span> <span class='ocrx_word' id='word_1_467' title='bbox 2190 4046 2274 4093; x_wconf 90' lang='lat' dir='ltr'><strong>est</strong></span> <span class='ocrx_word' id='word_1_468' title='bbox 2295 4042 2522 4107; x_wconf 86' lang='lat' dir='ltr'><strong>Curiatis</strong></span> 
     </span>
     <span class='ocr_line' id='line_1_50' title="bbox 1457 4119 2518 4185; baseline 0.003 -16"><span class='ocrx_word' id='word_1_469' title='bbox 1457 4121 1568 4171; x_wconf 86' lang='lat' dir='ltr'><strong>lata</strong></span> <span class='ocrx_word' id='word_1_470' title='bbox 1590 4119 1834 4184; x_wconf 86' lang='lat' dir='ltr'><strong>comitiis,</strong></span> <span class='ocrx_word' id='word_1_471' title='bbox 1857 4120 1923 4169; x_wconf 90' lang='lat' dir='ltr'><strong>de</strong></span> <span class='ocrx_word' id='word_1_472' title='bbox 1949 4120 2136 4185; x_wconf 86' lang='lat' dir='ltr'><strong>quibus</strong></span> <span class='ocrx_word' id='word_1_473' title='bbox 2157 4120 2209 4171; x_wconf 89' lang='lat' dir='ltr'><strong>in</strong></span> <span class='ocrx_word' id='word_1_474' title='bbox 2231 4122 2339 4173; x_wconf 81' lang='lat' dir='ltr'><strong>Jul.</strong></span> <span class='ocrx_word' id='word_1_475' title='bbox 2362 4136 2412 4171; x_wconf 93' lang='lat' dir='ltr'><strong>c.</strong></span> <span class='ocrx_word' id='word_1_476' title='bbox 2438 4126 2518 4172; x_wconf 77' lang='lat'><strong>13.</strong></span> 
     </span>
     <span class='ocr_line' id='line_1_51' title="bbox 1459 4194 2517 4261; baseline 0 -16"><span class='ocrx_word' id='word_1_477' title='bbox 1459 4195 1681 4259; x_wconf 88' lang='lat' dir='ltr'><strong>ideoque</strong></span> <span class='ocrx_word' id='word_1_478' title='bbox 1705 4194 1913 4259; x_wconf 87' lang='lat' dir='ltr'><strong>publice</strong></span> <span class='ocrx_word' id='word_1_479' title='bbox 1931 4210 2032 4245; x_wconf 88' lang='lat' dir='ltr'><strong>non</strong></span> <span class='ocrx_word' id='word_1_480' title='bbox 2055 4194 2193 4246; x_wconf 87' lang='lat' dir='ltr'><strong>domi</strong></span> <span class='ocrx_word' id='word_1_481' title='bbox 2213 4196 2517 4261; x_wconf 86' lang='lat' dir='ltr'><strong>adoptavit:</strong></span> 
     </span>
     <span class='ocr_line' id='line_1_52' title="bbox 1461 4270 2518 4337; baseline -0.001 -18"><span class='ocrx_word' id='word_1_482' title='bbox 1461 4270 1584 4335; x_wconf 86' lang='lat' dir='ltr'><strong>quid</strong></span> <span class='ocrx_word' id='word_1_483' title='bbox 1601 4271 1713 4321; x_wconf 84' lang='lat' dir='ltr'><strong>ita?</strong></span> <span class='ocrx_word' id='word_1_484' title='bbox 1739 4270 1860 4337; x_wconf 89' lang='lat' dir='ltr'><strong>quia</strong></span> <span class='ocrx_word' id='word_1_485' title='bbox 1876 4285 2063 4336; x_wconf 87' lang='lat' dir='ltr'><strong>nempe</strong></span> <span class='ocrx_word' id='word_1_486' title='bbox 2081 4270 2132 4321; x_wconf 89' lang='lat' dir='ltr'><strong>hi</strong></span> <span class='ocrx_word' id='word_1_487' title='bbox 2152 4277 2298 4336; x_wconf 84' lang='lat' dir='ltr'><strong>patre</strong></span> <span class='ocrx_word' id='word_1_488' title='bbox 2315 4279 2518 4321; x_wconf 88' lang='lat' dir='ltr'><strong>mortuo</strong></span> 
     </span>
     <span class='ocr_line' id='line_1_53' title="bbox 1459 4338 2518 4412; baseline -0.003 -15"><span class='ocrx_word' id='word_1_489' title='bbox 1459 4344 1593 4399; x_wconf 81' lang='lat' dir='ltr'><strong>sacti</strong></span> <span class='ocrx_word' id='word_1_490' title='bbox 1624 4353 1775 4398; x_wconf 87' lang='lat' dir='ltr'><strong>erant</strong></span> <span class='ocrx_word' id='word_1_491' title='bbox 1810 4348 1888 4399; x_wconf 88' lang='lat' dir='ltr'><strong>sui</strong></span> <span class='ocrx_word' id='word_1_492' title='bbox 1915 4348 2067 4412; x_wconf 85' lang='lat' dir='ltr'><strong>juris,</strong></span> <span class='ocrx_word' id='word_1_493' title='bbox 2104 4356 2158 4399; x_wconf 91' lang='lat' dir='ltr'><strong>et</strong></span> <span class='ocrx_word' id='word_1_494' title='bbox 2192 4338 2518 4412; x_wconf 60' lang='lat' dir='ltr'><strong>patresfamiss</strong></span> 
     </span>
    </p>
   </div>
  </div>
 </body>
</html>
