3019 4922
1203 436 1498 490 sumus.
2363 425 2451 492 51

245 589 601 664 incertum,
631 589 906 651 metune
928 584 1197 672 judicii,
1227 588 1409 672 quod
1451 587 1725 674 privato
1750 588 2154 674 parabatur-,¹
2196 607 2282 655 an
2310 608 2448 675 quo

244 689 575 757 maturius
631 688 844 755 sociis
902 690 1461 773 implorantibus⁰
1534 690 1933 758 subveniret.
2052 690 2453 777 Pacataque

245 792 658 878 provincia,v
682 790 854 875 ‘pari
896 790 1347 872 festinatione,
1388 812 1522 858 non
1578 801 1944 879 expectato
1994 802 2455 875 successore,W

247 896 332 963 ad
358 894 827 979 triumphum¹
870 894 1074 961 simul
1118 896 1677 983 consulatumque
1706 897 2022 964 decessit.
2113 899 2249 964 Sed
2279 917 2454 978 cum,

246 999 489 1066 edictis
512 1006 595 1050 ⁹1
629 997 776 1084 jam
806 997 1124 1078 comitiiS,
1167 1000 1338 1075 ratio
1368 1000 1517 1086 ejus
1560 1001 1788 1067 haberi
1833 1021 1966 1067 non
2013 1007 2274 1086 posset,
2317 1001 2454 1066 nisi

248 1103 555 1187 privatus
585 1101 933 1167 introisset
961 1101 1292 1183 Urbem,¹0
1335 1109 1403 1169 et
1431 1105 1774 1185 ambienti,
1818 1111 1894 1170 ut
1934 1106 2198 1188 legibus
2239 1104 2457 1169 solve-

247 1213 481 1285 retur,²
524 1204 720 1271 multi
763 1205 1346 1286 contradicerent:
1387 1215 1670 1273 coactus
1713 1215 1842 1285 est,
1889 1206 2325 1291 triumphum,
2368 1225 2454 1273 ne

250 1309 606 1374 consulatu
637 1308 1132 1388 excluderetur,
1163 1308 1524 1375 dimittere.
1611 1310 1774 1392 [19.]
1803 1309 1864 1375 E
1890 1309 2151 1377 duobus
2179 1311 2456 1392 [consu-

249 1410 462 1493 latus]
474 1416 494 1446 ¹
518 1412 1141 1496 competitoribuS,†
1166 1412 1248 1479 L.
1270 1412 1588 1493 Lucceio,
1607 1413 1975 1499 Marcoque
1989 1412 2259 1491 Bibulo,
2275 1411 2456 1476 Luc·

253 1517 464 1580 ceium
497 1516 634 1582 sibi
667 1514 1026 1601 adjunxit:
1071 1521 1336 1601 pactus,
1365 1523 1439 1583 ut
1468 1518 1556 1596 is,
1584 1517 1899 1603 quoniam
1927 1516 2193 1581 inferior
2235 1512 2455 1598 gratia

257 1624 456 1698 esset,
503 1619 932 1704 pecuniaque
975 1619 1307 1704 polleret,²
1350 1639 1663 1686 nummos
1690 1619 1772 1684 de
1800 1639 1945 1698 suo,
1975 1617 2305 1684 communi
2332 1633 2456 1680 nos·

257 1722 454 1800 mine,
490 1742 621 1807 per
648 1722 989 1788 centurias
1012 1720 1038 1759 b
1082 1723 1584 1817 pronuntiaret?
1673 1719 1833 1801 Qua
1862 1722 2129 1804 cognita
2157 1740 2249 1800 re,
2280 1717 2454 1803 opti-

1172 1901 1203 1921 0
1206 1901 1539 1922 mmm

262 2000 370 2051 beat
382 2002 531 2053 Torr.
558 2000 781 2053 Casaub.
798 2002 979 2054 Bnrm.
1004 2003 1132 2055 Em.
1157 2002 1299 2054 Oud.
1322 2001 1480 2052 Wolf.
1502 2008 1558 2052 et
1579 2003 1901 2065 nauum—9
1934 1998 2218 2050 Ex'codice
2252 1998 2452 2050 Levant

264 2068 328 2116 sic
347 2067 579 2118 restituit
599 2068 753 2119 Torr.
793 2068 1165 2119 accedentibus
1204 2067 1429 2119 Casaub.
1465 2067 1606 2118 Oud.
1634 2075 1691 2118 et
1721 2068 1928 2118 Cruceo
1965 2065 2093 2130 Syll.
2117 2066 2249 2115 Crit.
2270 2072 2308 2115 t.
2331 2078 2370 2115 1.
2398 2080 2453 2128 p.

263 2135 361 2182 689.
425 2133 517 2183 lta
540 2134 696 2182 etiam
719 2133 978 2185 invenitur
1012 2134 1066 2182 iu
1104 2132 1275 2184 Periz.
1312 2132 1546 2184 Harlem.
1568 2133 1686 2182 Pal.
1712 2134 1894 2189 tribus,
1927 2132 2081 2181 Voss.
2106 2132 2288 2194 Camp·
2320 2130 2456 2180 Bon.

264 2195 381 2247 Veu.
403 2203 454 2248 l.
522 2197 680 2262 vulg.
714 2197 876 2258 editis,
911 2207 972 2249 ut
991 2199 1148 2248 etiam
1169 2198 1323 2247 Vind.
1347 2202 1395 2250 1.
1419 2199 1568 2249 Cort.
1592 2199 1781 2261 Copes.
1806 2196 2024 2246 Mediol.
2053 2195 2201 2246 Cald.
2269 2194 2453 2244 Edidit

264 2260 403 2311 Junk.
422 2263 641 2319 indictis,
675 2262 766 2312 sed
803 2264 940 2313 unde
963 2263 1258 2314 derivatum
1292 2263 1540 2313 nescitur.
1575 2264 1697 2313 Cant
1718 2262 1828 2324 jum
1857 2261 2027 2311 edictis
2065 2261 2354 2311 Eoum-10
2389 2259 2453 2308 In

264 2326 402 2376 utem
423 2327 674 2377 Huls.-l
711 2328 828 2378 Vox
858 2331 1127 2379 emulatus
1163 2343 1265 2377 non
1300 2327 1403 2379 fuit
1438 2329 1491 2378 in
1528 2328 1631 2378 Ms.
1656 2343 1759 2378 uno
1779 2327 2065 2386 'Pori-eutii,
2095 2340 2193 2375 nec
2230 2325 2279 2374 iu
2314 2322 2451 2373 Edu.

264 2405 329 2452 pr.
358 2393 507 2441 Rom.
539 2392 718 2457 itaque
752 2400 812 2444 ut
848 2408 1225 2458 supervacuum
1247 2408 1363 2443 cum
1388 2393 1529 2443 Oud·
1557 2393 1869 2458 ejiciendum
1911 2398 2080 2455 putat,
2113 2397 2171 2440 et
2208 2389 2353 2438 uncis
2372 2388 2450 2438 iu·

263 2457 397 2508 clusit
416 2459 546 2509 Ern.
564 2473 719 2523 quem
741 2467 948 2511 secutus
972 2469 1055 2511 est
1077 2460 1397 2524 Baumg.—2
1432 2459 1646 2509 Pecunia
1665 2460 1779 2524 poll.
1812 2459 1994 2523 steph.
2062 2454 2263 2507 Deinde
2284 2470 2376 2519 qua
2397 2469 2452 2505 re

1237 2615 1452 2667 NOTAE

311 2748 327 2779 ‘
356 2748 497 2804 Quod
526 2732 729 2812 privato'
740 2747 1026 2814 parabatur]
1060 2749 1306 2800 Delatum

260 2824 379 2874 euim
416 2824 518 2873 sibi
556 2825 911 2890 magistratum
953 2839 1054 2874 non
1099 2831 1308 2889 poterat

260 2912 512 2961 exercere,
534 2899 635 2949 nisi
664 2898 715 2949 in
750 2899 1037 2964 provincia,
1057 2914 1209 2965 qnam
1231 2900 1307 2949 iu·

260 2990 449 3039 gressus
473 2983 661 3039 utpote
692 2975 1019 3042 Reipublicae
1042 2991 1198 3027 cansa
1219 2976 1309 3027 ab·

258 3064 381 3115 sens,
401 3051 741 3101 condemnari
763 3066 865 3102 non
888 3059 1117 3119 poterat,
1138 3053 1314 3120 priva·

260 3135 432 3195 tusque
456 3142 575 3186 esse
599 3127 894 3179 desinebat.

312 3212 335 3238 ⁸
366 3204 525 3255 Sociis
544 3204 928 3271 implorantibus]
955 3204 1314 3256 Infestabatur

254 3282 381 3332 enim
403 3280 678 3347 provincia
707 3282 1014 3346 latrociniis,
1046 3281 1313 3333 dissentio-

249 3360 389 3409 nibus
412 3358 710 3419 civitatum,
731 3365 785 3407 et
808 3360 1098 3422 praesertim
1121 3360 1316 3409 excita-

246 3436 310 3486 tis
329 3436 596 3487 debitores
620 3436 760 3485 inter
792 3444 847 3486 et
874 3436 1160 3487 creditores
1189 3450 1310 3486 con-

244 3514 537 3564 troversiis.

301 3597 325 3623 '
360 3592 550 3641 Pacata
578 3588 845 3654 provincia]
873 3588 1196 3651 Compressis
1230 3602 1311 3637 ar·

240 3682 443 3719 morum
468 3669 520 3717 vi
541 3667 849 3730 latrociniis,
873 3674 929 3717 et
956 3665 1196 3731 prudenti
1221 3667 1306 3731 ju-

240 3744 550 3795 risdictione
570 3743 954 3793 controversiis.

303 3828 340 3853 ¹¹
377 3821 496 3870 Non
527 3826 773 3884 expectato
799 3811 1083 3884 sroecessore]
1118 3819 1307 3887 Neque

238 3909 389 3946 more
411 3912 586 3962 neque
599 3898 748 3963 jure:
787 3897 1016 3965 quisquis
1031 3898 1167 3947 enim
1191 3912 1309 3962 pro·

242 3971 435 4022 vinciae
462 3982 729 4037 praeesset,
749 3974 1016 4024 discedere
1042 3975 1182 4039 prius
1205 3989 1305 4025 non

244 4046 498 4109 debebat,
519 4063 673 4113 quam
696 4064 961 4100 successor
983 4050 1312 4102 accessisset.¹

250 4120 316 4171 1..
357 4128 373 4151 ·
398 4124 723 4174 meminisse.’
751 4144 804 4177 τ.
869 4128 956 4179 De
978 4126 1151 4180 officio
1189 4144 1309 4194 pro-

259 4199 509 4248 consulis.

332 4278 364 4305 ¹
400 4274 478 4323 Ad
504 4275 801 4343 triumphum]
846 4282 1137 4334 Debellatis
1171 4283 1309 4336 euim

279 4345 542 4400 Lusitanis
569 4352 631 4401 ad
662 4368 895 4411 oceanum
927 4375 1088 4430 usque
1122 4369 1317 4418 cuncta

1389 2747 1778 2813 perdomuerat.
1856 2747 1862 2754 '

1452 2832 1475 2868 5
1511 2824 1726 2888 Edictis]
1748 2823 1891 2874 Male
1911 2819 2121 2888 quidam
2146 2819 2326 2884 legunt
2349 2820 2452 2871 edi·

1387 2903 1471 2967 tis,
1495 2902 1611 2967 quis
1632 2902 1768 2951 enim
1789 2900 2002 2951 seusus?

1452 2987 1473 3011 ²
1514 2980 1582 3030 Ut
1596 2978 1777 3041 leg-ibus
1792 2975 2078 3040 solveretur]
2113 2973 2313 3027 Quibus
2327 2985 2450 3021 caii·

1390 3061 1498 3105 tum
1524 3061 1637 3105 erat
1662 3061 1720 3105 ut
1750 3053 2063 3117 triumphuni
2098 3055 2337 3117 petentes
2362 3062 2449 3096 ex-

1391 3137 1471 3182 tra
1495 3132 1674 3183 urbem
1708 3138 1995 3188 manerent,
2016 3129 2338 3180 consulatum
2361 3140 2451 3176 ve»

1391 3221 1467 3266 ro,
1498 3209 1551 3258 in
1575 3209 1706 3258 urbe
1732 3213 2016 3272 praeseutes
2039 3205 2312 3255 adessent:
2348 3211 2452 3266 qua

1390 3285 1705 3336 constitutus
1760 3285 1813 3334 in
1861 3283 2200 3347 ambiguitate
2257 3279 2454 3341 Caesar,

1392 3362 1652 3426 triumpho
1675 3362 1994 3412 consulatum
2016 3358 2333 3423 anteposuit.
2445 3422 2453 3429 ⁸

1457 3448 1481 3474 ⁸
1512 3441 1666 3491 Multi
1690 3437 2087 3501 contradicerent]
2137 3438 2290 3497 Cato,
2319 3449 2455 3506 prm-3

1394 3519 1573 3568 sertim
1599 3517 1818 3568 Caesaris
1840 3516 2165 3578 consiliorum
2194 3520 2251 3562 et
2280 3511 2451 3560 indus-

1393 3594 1507 3644 trioe
1541 3607 1752 3643 severus
1787 3592 1925 3642 idem
1964 3599 2019 3641 et
2058 3589 2332 3657 perspicax
2359 3599 2449 3635 ex-

1394 3674 1642 3738 plorator.

1455 3757 1477 3805 ’γ
1513 3747 1578 3798 A.
1602 3746 1669 3797 U.
1689 3746 1750 3798 C.
1772 3749 1891 3796 693.

1453 3823 1479 3858 ¹·
1514 3825 1611 3873 Per
1650 3821 1910 3886 centurias]
1960 3816 2277 3871 Centuriatis
2311 3805 2454 3868 euim'

1391 3898 1628 3951 comitiis
1668 3899 1889 3963 majores
1933 3894 2271 3960 magistratus
2310 3891 2450 3941 ordi·

1386 3977 1517 4028 narii
1533 3975 1863 4027 creabantur.
1884 3974 1971 4024 De
1990 3970 2212 4022 comitiis
2231 3984 2348 4034 cap.
2367 3971 2450 4019 15.

1451 4063 1475 4091 ⁰
1495 4050 1864 4114 Pronuntiaret]
1884 4050 2002 4101 Hoc
2019 4057 2118 4112 est,
2135 4048 2304 4113 palam
2329 4060 2449 4111 pro·

1388 4132 1654 4182 mitteret:
1690 4142 1794 4195 quo
1811 4142 1962 4177 seusu
1981 4132 2281 4190 usurpatum
2307 4121 2450 4184 vides

1388 4208 1468 4258 bis
1492 4205 1628 4257 infra
1661 4219 1780 4270 cap.
1817 4209 1900 4256 26.
1941 4204 1990 4253 in
2024 4202 2193 4252 Galba
2221 4215 2338 4264 cap.
2364 4201 2448 4247 16.

1389 4292 1445 4336 et
1467 4284 1519 4341 iu
1545 4284 1837 4340 Domitiano
1862 4283 2044 4351 cap-4.
2067 4283 2167 4332 ὅτε.
