3019 4922
530 360 660 432 124
1392 368 1456 415 c.
1501 361 1862 415 sun-:romi

528 519 832 597 totidem,
888 537 969 583 ac
1027 521 1353 602 praeterea
1409 509 1710 598 poiima,⁷
1794 505 1975 593 quod
2046 503 2429 571 inscribitur
2499 500 2723 569 ‘·Iter.’

534 624 843 705 Quorum
873 620 1188 686 librorum
1220 617 1471 703 primos
1500 615 1568 680 in
1597 611 1875 678 transitu
1903 607 2208 694 Alpium,
2238 626 2388 672 cum
2432 623 2522 670 ex
2568 606 2726 671 eite-

529 730 708 796 riore
740 725 1024 803 Gallia,¹²
1064 721 1500 795 conventibus
1531 716 1880 814 peracti&v
1924 713 2010 780 ad
2038 711 2410 778 exercitum
2439 709 2731 791 rediret3

534 835 885 918 sequentes
906 827 1029 892 sub
1051 830 1313 909 tempus
1331 818 1734 886 »Mundensis
1755 817 2026 903 praeliiw
2052 804 2247 895 feci‘tg
2272 814 2735 890 novissimum,

535 935 696 998 dum
721 932 808 997 ab
833 929 1018 995 Urbe
1046 928 1113 992 in
1137 927 1545 1011 Hispaniam
1571 924 1958 989 ulteriorem
1978 930 2006 957 ¹
2037 926 2278 1004 quarto
2302 923 2370 983 et
2391 913 2735 983 vicesimo*

538 1038 647 1103 die
667 1046 695 1083 δ’
748 1033 1077 1119 pervenit.
1165 1030 1490 1115 Epistolae
1527 1048 1798 1114 quoque
1828 1028 1975 1112 ejus
2007 1025 2093 1091 ad
2125 1024 2449 1089 Senatum
2482 1023 2737 1094 extant,

545 1160 716 1225 quas
747 1140 1045 1225 primus?
1090 1134 1353 1201 videtur
1377 1134 1461 1200 ad
1492 1132 1820 1219 paginas2
1865 1136 1934 1196 et
1962 1128 2239 1196 formam
2284 1123 2740 1191 memorialis?

1467 1298 1590 1319 0000
1597 1295 1836 1319 00000000

535 1423 620 1471 du.
643 1420 725 1470 lib.
761 1418 913 1469 Voss.
937 1417 1132 1468 Medic.
1155 1415 1324 1467 Periz.
1346 1415 1582 1466 Harlem.
1603 1412 1740 1465 Edd.
1757 1412 1978 1463 Mediol.
1995 1410 2144 1462 eald.
2168 1407 2304 1477 quod
2328 1403 2532 1471 recepit
2555 1404 2607 1455 in
2635 1411 2743 1460 tex·

545 1497 651 1536 tum
692 1484 831 1536 Oud.
896 1483 1030 1533 Item
1065 1499 1096 1532 a
1118 1483 1303 1548 Cujac.
1327 1483 1479 1532 abest
1499 1483 1686 1545 copula
1708 1486 1757 1529 et
1781 1487 1901 1529 ante
1921 1481 1981 1529 de
2007 1479 2106 1528 An.
2129 1490 2190 1526 ac
2213 1473 2525 1549 Anticatonis·
2539 1470 2747 1534 legebat

542 1550 696 1601 Miill.
720 1550 963 1600 laudante
985 1550 1301 1613 Baumg.-⁷
1341 1549 1470 1597 Post
1505 1562 1620 1597 voc.
1652 1546 1817 1610 po‘e'mo
1852 1545 2088 1595 relictum
2114 1549 2226 1592 erat
2263 1541 2489 1605 spatium
2511 1552 2565 1586 ιιι
2588 1538 2745 1586 Fonc.

539 1618 667 1670 Mox
688 1620 798 1680 ’pro
830 1616 952 1680 Iter,
984 1616 1196 1665 Memm.
1220 1616 1365 1664 inter.
1419 1612 1569 1662 -Cod.
1607 1613 1787 1662 Barth.
1824 1617 1941 1677 post
1974 1610 2120 1660 inser.
2145 1606 2434 1657 lacunulam
2480 1602 2659 1680 habet,
2690 1608 2746 1649 et

544 1690 655 1731 tum
688 1683 843 1732 inter.
864 1684 1232 1745 ..quorum—8
1264 1678 1353 1729 Ita
1388 1677 1609 1744 integris
1648 1677 1815 1727 literis
1855 1674 2108 1726 exhibent
2144 1673 2280 1723 Mss.
2329 1679 2385 1720 et
2419 1671 2748 1744 consentiunt

544 1746 680 1808 Edd.
714 1760 853 1796 omn.
884 1753 941 1797 et
974 1746 1049 1796 sic
1084 1744 1415 1796 scribendum
1448 1744 1640 1795 docent
1674 1742 1849 1794 Surita
1880 1748 1937 1792 et
1974 1739 2285 1802 Wesseling.
2307 1736 2372 1785 ad
2411 1736 2604 1786 Auton.
2627 1733 2749 1784 ltin.

546 1826 597 1875 p.
621 1816 734 1863 896.
791 1811 1013 1863 casaub.
1040 1819 1211 1861 tamen
1236 1825 1302 1860 ex
1322 1809 1500 1860 Strab.
1526 1807 1753 1859 malebat
1774 1807 1972 1872 septimo
1993 1811 2041 1855 et
2061 1806 2254 1856 vitu—9
2290 1803 2506 1853 Primum
2527 1800 2637 1860 alii,
2659 1796 2746 1847 sed

541 1878 670 1928 illud
708 1876 1029 1954 substituunt
1064 1892 1130 1927 ex
1163 1876 1317 1927 codd.
1352 1876 1500 1926 Torr.
1543 1875 1718 1925 Graev.
1741 1872 1962 1924 Casaub.
2001 1869 2115 1937 (qui
2148 1870 2307 1920 etiam
2338 1868 2452 1918 vult
2484 1863 2752 1931 primasio)

1543 2022 1757 2074 NOTAE

546 2133 883 2205 comparatio,
916 2138 1025 2190 sive
1067 2137 1339 2204 proportio
1382 2137 1614 2189 nomina·

546 2224 653 2268 tur.
718 2216 883 2283 Cujus
904 2217 1019 2267 haec
1044 2218 1121 2267 vis
1145 2223 1247 2281 est,
1279 2224 1337 2267 ut
1360 2217 1506 2283 quod
1523 2218 1614 2268 du-

544 2293 689 2344 bium
714 2299 813 2356 est,
838 2293 902 2343 ad
926 2294 1132 2364 aliquod
1156 2294 1321 2344 simile
1344 2293 1480 2359 quod
1513 2307 1614 2343 nou

546 2379 629 2423 est
650 2367 860 2424 dubium
884 2370 1165 2437 referatur,
1188 2381 1249 2423 ut
1269 2373 1471 2423 incerta
1500 2385 1612 2421 cer-

546 2450 615 2501 tis
655 2450 958 2515 probentur,
1003 2454 1106 2505 &c.
1140 2465 1259 2503 nam
1304 2448 1615 2515 regulariter

547 2534 648 2592 est,
673 2527 793 2577 dum
813 2526 1003 2592 quaeris
1024 2535 1197 2577 utrum
1220 2532 1397 2576 trames
1422 2540 1616 2576 mascu-

546 2604 709 2654 linum
745 2620 811 2654 au
842 2601 1164 2654 foemininum
1193 2604 1290 2666 sit;
1316 2603 1496 2654 similis
1532 2610 1616 2652 est

546 2683 623 2734 illi
647 2684 700 2733 in
724 2684 864 2734 omni
888 2682 1243 2735 declinatione
1261 2683 1415 2748 limes,
1438 2689 1494 2733 et
1515 2682 1619 2734 erit

549 2761 903 2813 masculinum.
990 2761 1126 2811 Item
1158 2759 1301 2823 funis
1342 2761 1385 2810 si
1427 2759 1619 2810 incerti

462 2886 470 2893 .
550 2843 757 2906 generis
802 2857 918 2892 esse
960 2840 1150 2903 credis,
1195 2839 1373 2891 similis
1418 2846 1499 2889 est
1544 2837 1625 2889 illi

547 2919 690 2983 ponis
709 2919 758 2968 in
785 2916 1155 2982 declinatione,
1177 2923 1234 2966 et
1256 2916 1361 2966 erit
1387 2914 1623 2965 masculi-

551 2992 712 3056 nam,’
730 2998 830 3043 διο.
888 2993 1089 3042 Extant
1112 2991 1251 3056 apud
1274 2990 1501 3041 Gellium
1525 2990 1618 3040 lib.

552 3085 673 3122 xrx.
706 3086 824 3135 cap.
845 3075 896 3122 8.
930 3070 1174 3120 nonnulla
1200 3084 1267 3120 ex
1300 3083 1364 3121 eo
1398 3068 1619 3120 Caesaris

548 3148 687 3198 libro
699 3144 965 3212 decerpta,
978 3151 1033 3195 et
1050 3145 1116 3196 ad
1128 3145 1437 3198 Ciceronem
1454 3144 1620 3211 scrip·

554 3232 665 3277 tum
703 3221 802 3274 boc
840 3238 972 3289 opus
1005 3222 1167 3274 fuisse
1205 3229 1393 3274 auctor
1427 3221 1620 3274 ibidem

555 3306 639 3352 est
664 3301 886 3363 Gellius,
903 3300 1050 3365 cnjus
1071 3299 1386 3351 auctoritate
1401 3300 1625 3352 Torren-

555 3378 662 3428 tius
704 3377 970 3428 existimat
1013 3375 1289 3428 referenda
1321 3378 1423 3428 huc
1468 3377 1629 3428 verba

550 3457 567 3485 ⁶
592 3456 657 3506 ad
684 3455 1029 3519 Ciceronem,’
1070 3471 1187 3522 quae
1221 3470 1343 3507 mox
1383 3456 1630 3526 leguntur

555 3532 713 3584 infra.
753 3532 944 3598 Angeli
970 3547 1092 3583 vero
1116 3532 1364 3584 Politiani
1385 3532 1521 3584 libe'r
1542 3534 1634 3583 ha-

558 3611 653 3661 bet
674 3613 691 3640 ‘
713 3609 779 3660 de
807 3609 1063 3674 Analogia
1088 3609 1151 3659 ad
1175 3608 1475 3673 Neronem,'
1496 3613 1598 3663 &c-

620 3690 638 3721 t
668 3686 1004 3750 Anticatones]
1063 3685 1174 3735 Hos
1214 3692 1402 3735 contra
1434 3683 1630 3735 editam

560 3767 774 3818 Catonis
797 3765 1147 3816 laudationem
1168 3763 1403 3827 scripsit,
1424 3762 1628 3827 vitupe-

562 3843 816 3893 rationem
842 3857 987 3891 suam
1022 3855 1137 3891 esse
1167 3840 1352 3890 laudes
1380 3840 1519 3890 illius
1541 3855 1627 3891 ex-

558 3919 809 3981 istimaus.
876 3920 965 3968 De
1006 3919 1189 3968 horum
1224 3931 1439 3968 numero
1473 3917 1630 3967 libro-

561 4009 677 4046 rum
709 3994 964 4045 Suetonio
982 3995 1295 4059 astipulatur
1324 3994 1630 4046 Juvenalisz

560 4073 577 4101 ⁴
600 4067 834 4137 Majores
858 4085 1009 4134 quam
1032 4071 1136 4120 sint
1159 4071 1262 4121 duo
1282 4071 1506 4122 Coesaria
1529 4069 1635 4121 An·

562 4145 861 4198 ticatone8.’

492 4266 504 4272 -
565 4226 725 4278 etiam
748 4225 984 4278 Plutarc.
1007 4224 1062 4275 in
1086 4225 1317 4289 Caesare,
1353 4226 1635 4279 statim0ab

567 4301 740 4357 initio.
914 4311 917 4314 ’

1759 2144 1782 2169 “
1820 2133 2058 2187 Citeriore
2103 2128 2290 2194 Gallia]
2353 2125 2625 2192 Cisalpina
2667 2136 2753 2173 seu

1660 2237 1665 2238 ⁷
1693 2214 1916 2279 Togata.
1955 2209 2252 2262 Lamban-die.

1758 2299 1782 2327 v
1809 2289 2131 2342 Conveutibus
2151 2283 2385 2352 peractis]
2420 2284 2506 2333 De
2527 2282 2609 2331 his
2633 2277 2751 2346 quid

1693 2371 1798 2421 sint
1818 2382 1975 2434 supra
1995 2383 2042 2417 c.
2065 2372 2114 2417 5.
2180 2362 2442 2414 Videntur
2459 2355 2578 2410 lraec
2601 2355 2756 2407 verba

1695 2463 1760 2500 ex
1783 2446 1935 2497 initio
1957 2443 2046 2496 lib.
2070 2457 2123 2495 v.
2153 2442 2444 2493 Comment.
2468 2440 2741 2500 excerpta.

1758 2533 1790 2559 '¹
1825 2521 2110 2574 Mundensis
2138 2517 2323 2585 proelii]
2361 2516 2609 2566 Omnium
2644 2511 2760 2562 ulti·

1693 2604 1763 2658 mi
1785 2621 1799 2654 τ
1834 2605 2074 2654 Lucanus
2096 2600 2190 2651 lib.
2212 2613 2251 2649 1.
2278 2597 2343 2648 ab
2367 2595 2520 2646 initio
2539 2601 2555 2623 ‘
2579 2590 2757 2643 ultima
2786 2602 2789 2609 ⁴

1695 2682 1906 2734 funesta
1937 2681 2253 2732 concurrant
2288 2673 2472 2741 praelia
2509 2669 2708 2724 Munda
2727 2664 2760 2718 τ’

1697 2760 1765 2811 de
1790 2774 1891 2826 quo
1909 2774 1958 2809 c.
1979 2761 2063 2809 35.
2089 2763 2142 2806 et
2167 2760 2250 2805 55.

1761 2844 1788 2875 ¹
1824 2835 2112 2900 Hispaniam
2135 2828 2430 2893 ulteriorem]
2463 2829 2598 2893 Cap.
2623 2831 2673 2878 7.
2726 2857 2728 2859 >

1765 2923 1786 2959 5
1822 2914 1917 2965 IV.
1941 2918 1989 2964 et
2014 2911 2142 2963 XX.
2162 2909 2267 2974 die]
2300 2908 2404 2959 Hic
2440 2907 2498 2957 in
2528 2903 2762 2957 omnibns

1701 2991 1969 3045 codicibus
2006 2985 2248 3039 mendum
2284 2984 2563 3048 irrepsisse
2588 2979 2770 3033 scribit

1702 3067 2058 3131 casaubonus,
2100 3071 2158 3116 et
2200 3061 2514 3115 auctoritate
2559 3059 2770 3109 Graeco·

1701 3163 1814 3200 rum
1856 3143 2127 3198 Strabonis
2163 3141 2385 3204 scilicet,
2424 3143 2483 3188 et
2515 3131 2768 3200 Appiani,

1700 3225 1946 3280 emendat
1981 3237 2090 3274 vn.
2132 3228 2189 3272 et
2231 3232 2331 3270 ΣΧ.
2368 3223 2596 3288 uterque
2635 3211 2773 3264 enim

1700 3303 1826 3355 ἑπτὰ
1847 3299 1928 3354 καὶ
1948 3300 2128 3352 εἴκοσιν
2143 3296 2332 3363 ἡμέραις
2353 3294 2587 3360 scripsit.
2620 3287 2773 3341 Unde

1700 3381 1873 3432 facilis
1907 3379 1961 3429 in
1994 3376 2205 3430 Latinos
2237 3385 2481 3425 numeros
2517 3382 2690 3431 error,
2718 3369 2778 3414 ut

1712 3459 1772 3509 V.
1809 3471 1905 3522 pro
1929 3455 2006 3504 ΙΙ.
2042 3451 2340 3516 exscriptor
2375 3445 2591 3518 quidam
2631 3455 2777 3493 acce·

1745 3534 1864 3584 erit.
2753 3526 2762 3535 ’

1708 3548 1742 3600 p
1769 3618 1792 3644 ²
1825 3610 1906 3660 Aa
1921 3605 2146 3672 pag-inas]
2172 3600 2395 3654 Casanb.
2413 3607 2471 3652 et
2485 3590 2779 3650 Tor-'iamal-

1705 3687 1818 3736 lent
1834 3685 1917 3734 hic
1936 3684 2139 3748 primus,
2166 3678 2304 3746 quod
2329 3685 2384 3728 et
2404 3674 2661 3742 cognovit
2681 3673 2779 3723 Ur·

1707 3763 1807 3816 sini
1848 3762 1954 3812 Me.
2034 3760 2162 3811 Cum
2193 3762 2377 3808 autem·
2404 3753 2649 3819 pluribus
2679 3765 2781 3801 non

1708 3846 1983 3890 uterentur
1996 3835 2047 3886 iu
2073 3823 2368 3894 scribendo,
2389 3828 2693 3895 praesertim
2715 3825 2780 3876 ad

1708 3917 1978 3979 Senatum,
2015 3912 2098 3962 vel
2135 3908 2406 3969 Consules,
2439 3905 2672 3972 paginis,
2692 3900 2784 3953 sed

1710 3995 1892 4045 charta
1911 3989 2133 4054 simplici
2156 3994 2468 4048 transversa,
2490 3990 2553 4032 nt
2586 3987 2700 4033 tota
2722 3978 2789 4029 si·

1712 4071 1819 4121 mul
1841 4071 1908 4119 ob
1930 4067 2105 4118 oculos
2121 4063 2345 4128 epistola
2363 4066 2681 4125 poneretur,-
2691 4059 2786 4107 hoc
2846 4126 2849 4131 ι

952 4145 1125 4210 Hujus
1173 4147 1351 4209 operis
1403 4146 1638 4198 meminit
1715 4147 1895 4199 Caesar
1932 4140 2245 4203 immutavit,
2277 4138 2464 4188 charta
2486 4139 2592 4201 sic,
2613 4142 2675 4186 ut
2695 4149 2789 4202 pq

1716 4224 1864 4291 ginas
1888 4222 2063 4286 plures
2086 4216 2340 4276 efficeret,
2365 4214 2711 4279 complicata.

1783 4308 1807 4336 ²
1839 4300 1910 4351 Ee
1923 4292 2135 4360 formam
2169 4290 2483 4357 memorialis]
2522 4290 2612 4345 An
2645 4290 2788 4343 char-
