3019 4922
1188 417 1589 473 oorAanS.
2356 422 2487 488 209

236 595 238 600 »
308 555 463 621 inter
507 556 815 623 haeredes
845 564 1273 644 nuncupati3‚·
1307 566 1708 650 reliquerat,i
1761 575 2276 656 aperiendum*
2318 584 2488 648 reci-

307 657 706 743 tandumque
753 680 876 744 pro
924 663 1239 729 concione
1292 670 1566 736 curavit.
1684 672 1978 742 Remisit
2040 687 2261 747 tamen
2307 684 2487 751 hosti

295 759 597 843 judicato
650 764 1217 831 necessitudines¹
1289 772 1684 859 amicosque
1739 797 1988 859 omneS,
2046 789 2247 868 atque
2317 787 2486 854 inter

303 865 467 929 alios
493 865 571 930 C.
595 866 861 932 Sosium
879 875 920 903 ¹¹¹
949 875 1018 934 et
1040 868 1193 934 Cn‘.⁶
1223 872 1652 956 Domitium,¹²
1681 887 1837 946 tunc
1863 882 2080 949 adhuc
2100 884 2480 956 Consules.t

303 967 837 1034 Bononiensibus
858 979 884 1005 ⁰
928 991 1192 1056 quoque
1223 976 1514 1058 publice,
1543 981 1720 1064 quod
1776 984 1842 1047 in
1878 983 2326 1055 Antoniorum
2361 994 2484 1058 cli-

301 1073 559 1136 entelav
604 1074 1017 1157 antiquitus⁷
1061 1087 1262 1150 erant,
1292 1081 1573 1161 gratiam
1620 1082 1786 1150 fecit
1836 1087 2232 1172 conjurandi
2254 1100 2282 1138 ‘1
2321 1113 2477 1160 cum

310 1223 313 1228 ⁴
357 1264 377 1288 ⁶
411 1256 738 1306 Nihilominus
770 1265 1016 1324 postquam
1038 1261 1284 1323 ,iudicatus
1321 1270 1390 1314 est
1424 1266 1577 1316 hostis
1613 1267 1759 1334 Reip.
1794 1274 2039 1336 Augustus
2056 1277 2238 1327 remisit
2260 1281 2322 1329 ud
2344 1279 2479 1330 illum

297 1335 399 1370 suos
419 1323 588 1387 qffines
607 1328 655 1373 et
672 1324 861 1375 amicos.

1206 1422 1537 1447 OOOOOOOOOOO
1542 1426 1570 1447 O

297 1534 402 1582 sine
424 1535 504 1583 de.
545 1534 758 1585 Habent
778 1536 922 1587 etiam
940 1544 989 1588 et
1008 1541 1066 1591 de
1084 1541 1344 1605 Cleopatrae
1366 1543 1561 1593 Medic.
1579 1548 1627 1594 1.
1646 1548 1695 1594 33
1717 1546 1874 1597 Polit.
1889 1550 2077 1614 Copes.
2093 1557 2149 1601 et
2164 1552 2315 1603 Torr.
2336 1554 2482 1605 etiam

294 1605 340 1647 et
358 1601 416 1649 de
438 1600 694 1663 Cleopatra
719 1601 929 1653 Memm.
952 1611 1008 1654 et
1029 1606 1100 1655 ita
1116 1607 1360 1657 Dunelm.
1385 1603 1572 1659 omisso
1589 1611 1661 1659 de.
1701 1612 1932 1665 Freinsb.
1954 1615 2249 1667 emendavit
2269 1621 2328 1669 de
2350 1621 2483 1669 Cleo-

289 1670 429 1725 patra
450 1670 503 1714 et
517 1665 701 1730 liberis,
716 1667 935 1718 Casaub.
955 1670 1100 1719 etium
1119 1674 1178 1723 de
1197 1674 1354 1736 Cleop-
1376 1680 1424 1724 et
1444 1677 1501 1724 de
1519 1676 1778 1738 cleopatrae
1790 1679 1873 1729 lib.
1895 1681 2146 1744 probante
2169 1683 2307 1733 Oud.
2342 1683 2479 1735 Item

297 1730 593 1793 corrigebat
627 1730 817 1783 Scbeff.
850 1736 992 1784 etiam
1024 1752 1086 1785 ex
1112 1738 1198 1787 Cle

1332 1754 1375 1787 ae
1395 1740 1477 1790 lib.
1541 1740 1648 1790 Pro
1670 1743 1813 1793 etiam
1832 1744 2009 1795 mallet
2037 1746 2253 1811 Banmg.
2274 1749 2480 1799 demum

295 1798 449 1844 et.—-5
492 1796 814 1858 aperiundum
836 1798 1002 1849 edidit
1026 1800 1164 1851 Oud.
1184 1802 1285 1851 fide
1308 1804 1521 1854 Memm.
1548 1805 1743 1856 Medic.
1764 1809 1919 1859 trium
1944 1817 1999 1859 et
2020 1810 2183 1861 Polit.
2251 1813 2379 1862 Tum
2400 1814 2477 1863 in-

294 1858 444 1907 dicato
472 1870 729 1924 perpetuo
753 1877 928 1913 errore
953 1866 1108 1915 Fouc.
1124 1864 1456 1919 Duuelm.—-6
1481 1869 1654 1933 Vulgo
1681 1873 1737 1923 T.
1756 1873 1941 1924 Domit.
1984 1874 2091 1925 Aut
2118 1877 2175 1927 T.
2186 1876 2480 1939 delendum,

297 1931 381 1976 ant
407 1926 507 1975 Cn.
531 1927 883 1989 reponendum
902 1933 1232 1982 consentiunt
1252 1948 1426 1984 omnes
1448 1935 1708 1986 Editores.
1742 1938 1869 1987 Cod.
1891 1940 2039 1990 Torr.
2063 1940 2155 1991 dat
2181 1942 2395 1993 anam.
2421 1951 2478 1995 et

292 1987 404 2040 Pal.
429 1997 506 2040 tr.
532 1991 720 2043 Caium.
784 1993 951 2045 Paulo
984 2003 1105 2046 ante
1144 1998 1358 2048 Cossium
1395 2000 1555 2050 vind.
1593 2006 1735 2053 1.—⁷
1764 2004 1934 2069 Autiq.
1968 2006 2144 2057 exulat
2178 2022 2207 2057 a
2234 2007 2393 2057 vind.
2428 2012 2477 2060 1.

1275 2162 1492 2215 NOTAE

351 2250 365 2283 ¹
394 2252 708 2317 Reliquerat]
743 2253 900 2318 Apud
934 2256 1196 2320 Vestales,
1229 2274 1348 2310 auc-

291 2336 399 2382 tore
422 2331 738 2396 Plutarcho,
768 2338 827 2383 ut
848 2341 904 2384 et
926 2335 1121 2398 Caesar,
1153 2336 1218 2387 de
1246 2352 1348 2402 quo

291 2406 342 2455 in
371 2408 519 2459 Julio
555 2422 603 2457 c.
639 2412 720 2458 83.
801 2409 901 2459 11ae
936 2419 1109 2463 autem
1147 2414 1347 2478 petenti

293 2482 532 2548 Angusto
573 2484 699 2534 illud
739 2500 841 2536 non
879 2489 1220 2553 tradiderunt,
1254 2492 1348 2542 sed

291 2562 546 2624 accipere,
560 2561 813 2636 siquidem
833 2564 1091 2616 adversari
1109 2582 1208 2618 non
1232 2575 1347 2633 pot-

294 2646 456 2699 erant,
492 2638 677 2688 invitae
697 2650 1083 2694 concesserunt.

349 2711 373 2745 k
405 2715 762 2765 Testamentum
871 2718 1195 2783 aperiendum]
1229 2721 1346 2771 Hoc

291 2786 507 2851 Augusti
532 2789 731 2840 factum
756 2794 926 2843 multis
952 2797 1232 2846 insectatur
1249 2799 1346 2853 Ca-

291 2865 582 2915 sanbonus:
621 2867 755 2930 quod
786 2869 858 2918 sit
884 2877 1068 2923 contra
1090 2872 1346 2924 Romano-

289 2952 396 2988 rum
429 2940 762 3005 religionem,
786 2945 874 3007 jin
909 2947 1075 3009 ipsum
1100 2950 1345 3012 gentium,

287 3013 683 3079 humanitatem,
733 3020 996 3086 ipsiusque
1044 3023 1256 3077 Antonii
1290 3034 1349 3078 et

287 3105 592 3158 magnorum
633 3095 873 3147 virorum.
901 3103 1214 3165 exemplum,
1260 3105 1350 3169 qut

286 3183 349 3220 ne
387 3170 748 3235 deprehensas
786 3175 990 3238 quidem
1028 3179 1349 3232 inimicorum

287 3259 491 3297 suorum
511 3247 692 3298 literas
707 3250 881 3314 legere
894 3255 1176 3307 voluerunt·
1210 3261 1349 3312 Quin

216 3351 223 3358 ·
283 3330 338 3371 et
361 3325 733 3387 deportatione
760 3327 968 3392 dignum
990 3341 1125 3397 erat,
1159 3334 1202 3384 si
1222 3336 1350 3400 legi-

287 3399 377 3450 bus
401 3402 656 3453 Romanis
674 3406 978 3472 aestimetur,
996 3411 1236 3462 Cornelia
1252 3415 1350 3464 sci-

281 3477 427 3537 licet,
459 3487 525 3529 ut
553 3488 701 3543 patet
723 3497 790 3532 ex
822 3485 937 3549 lege
979 3491 1025 3536 1.
1058 3487 1117 3539 ff.
1148 3489 1212 3538 ad
1244 3491 1348 3555 leg.

285 3551 496 3628 cornel.
535 3554 605 3605 de
644 3555 816 3609 falsis:
867 3561 949 3611 ‘is
984 3565 1070 3628 qui
1109 3565 1214 3614 vivi
1248 3573 1348 3617 tes-

284 3632 576 3680 tamentum
611 3635 894 3696 aperuerit,
930 3637 1058 3702 legis
1096 3641 1349 3692 Corneliae

282 3718 434 3766 poena
452 3709 704 3766 tenetur?
727 3717 783 3761 et
801 3712 893 3763 lib.
912 3727 1160 3767 xxxvm.
1179 3718 1205 3781 §
1223 3722 1274 3769 7.
1296 3717 1351 3769 ff.
1376 3732 1383 3737 ⁵

188 3830 191 3833 ,
284 3781 386 3831 §de
409 3783 621 3847 pomis-³

339 3857 355 3890 ¹
393 3860 812 3927 Necessitudines]
844 3865 959 3916 Vox
985 3869 1097 3919 haec
1120 3876 1224 3919 tam
1248 3871 1349 3936 sig·

282 3933 470 3987 nificat
497 3937 641 4001 quod
663 3953 933 3992 necessum
955 3953 1054 4008 est,
1085 3962 1236 4012 quam
1260 3949 1348 4011 jus

283 4017 337 4060 et
359 4012 627 4063 vinculum
649 4017 905 4080 quoddam
940 4022 1192 4085 religiosa
1225 4038 1349 4074 con-

274 4084 574 4148 junctionis
592 4098 680 4141 aut
700 4091 981 4160 affinitatis,
1003 4114 1106 4164 quo
1130 4108 1347 4167 utroque

284 4175 442 4212 sensu
482 4166 771 4225 necessitas
814 4186 1014 4237 quoque
1056 4185 1349 4240 usurpatur,

268 4239 522 4300 quamvis
586 4248 842 4302 postremo
904 4246 1204 4314 frequenter
1254 4252 1349 4302 mi-

282 4327 399 4376 nus,
433 4323 657 4367 auctore
680 4320 851 4373 Gellio
874 4324 964 4376 lib.
988 4342 1112 4381 xm.
1135 4345 1182 4380 c.
1205 4334 1253 4381 3.

413 4398 601 4462 Delph.
621 4406 666 4448 et
692 4401 806 4453 ναν.
832 4405 959 4466 Clas.

1491 2269 1529 2296 ¹¹¹
1553 2263 1611 2314 C.
1634 2263 1844 2331 Sosium]
1868 2255 2028 2332 Huic,
2050 2281 2166 2318 cum
2188 2267 2480 2333 Publicola,

1428 2353 1606 2390 curam
1642 2340 1875 2393 Actiacas
1920 2357 2107 2408 puguae
2149 2346 2481 2402 commiserat

1428 2414 1700 2468 Antonius.

1490 2500 1517 2526 ¹¹
1552 2493 1622 2542 Et
1662 2495 1754 2545 Cu.
1789 2494 1901 2560 [12]
1940 2497 2228 2562 Domitium]
2257 2500 2336 2548 Ex
2374 2514 2478 2550 uno

1427 2570 1611 2620 codice
1634 2578 1689 2621 et
1712 2572 2021 2636 Capitolinis
2057 2573 2314 2638 lapidibus
2347 2575 2477 2625 Tor-

1425 2648 1625 2697 rentius
1657 2654 1713 2698 et
1745 2649 1902 2712 juxta
1939 2651 2103 2713 ipsum
2145 2651 2476 2702 casaubonus

1424 2722 1719 2780 emendant,
1745 2726 1835 2773 Cu.
1861 2725 2044 2776 Domit.
2066 2728 2148 2789 ⁸5⁶·
2185 2740 2285 2790 quo
2304 2727 2476 2790 posito

1425 2798 1560 2847 idem
1592 2798 1679 2847 ille
1716 2798 1880 2850 fuisse
1913 2801 2015 2852 dici
2048 2805 2295 2895 gemuit,
2326 2817 2477 2868 quem

1424 2874 1660 2924 Velleius
1693 2874 1823 2926 dicit
1857 2879 2086 2928 ultimum
2123 2878 2373 2931 defecisse
2409 2881 2475 2931 ab

1426 2949 1653 2999 Antonio
1688 2951 1756 3000 ad
1790 2951 2099 3026 Augustum,
2141 2955 2237 3005 sub
2272 2962 2477 3021 tempus

1422 3024 1631 3077 Actiaci
1655 3029 1837 3092 proelii.

1506 3111 1532 3137 0
1567 3105 1966 3170 Bononiensibus]
2019 3107 2255 3158 Bononia
2293 3108 2481 3160 civitas

1428 3179 1621 3231 Galliae
1636 3181 1934 3247 Cisalpinae,
1954 3183 2107 3234 hodie
2126 3185 2361 3248 Belem.
2394 3186 2479 3236 Ex

1429 3255 1817 3309 Halicarnassei
1860 3261 1955 3312 lib.
1997 3275 2084 3312 ιιι.
2130 3269 2333 3312 constat
2374 3276 2478 3312 non

1427 3338 1627 3383 tantum
1649 3335 1703 3385 iu
1725 3336 1841 3401 ipsa
1860 3338 1989 3388 urbe
2011 3339 2214 3403 plebem
2235 3339 2483 3405 patricio-

1426 3424 1541 3460 rum
1567 3413 1856 3475 patrocinio
1873 3413 2160 3478 defensam,
2190 3415 2283 3464 sed
2306 3422 2362 3466 et
2395 3429 2482 3465 co-

1426 3485 1696 3548 loniarum,
1717 3488 1989 3550 sociarum,
2019 3505 2082 3540 ac
2107 3490 2384 3540 amicarum
2407 3491 2479 3540 ci·

1428 3562 1669 3625 vitatum,
1701 3569 1756 3613 et
1777 3563 1913 3614 bello
1933 3566 2261 3616 subactarum
2284 3565 2479 3615 unicui·

1426 3653 1529 3703 que
1563 3653 1682 3689 suos
1718 3638 1880 3690 fuisse
1919 3648 2185 3705 patronos,
2213 3639 2479 3690 ercivibus

1429 3715 1673 3764 Romanis
1709 3716 1903 3766 electos
1941 3716 2007 3766 ad
2038 3716 2256 3767 libitum.
2324 3715 2479 3780 Saepe

1427 3799 1605 3842 autem
1634 3791 1993 3857 contingebat,
2027 3798 2085 3843 nt
2106 3794 2480 3843 controversias

1425 3867 1657 3931 gentium
1677 3882 1737 3918 ac
1756 3868 2025 3920 civitatum
2051 3870 2271 3920 Senatus
2295 3869 2360 3918 ad
2399 3883 2480 3919 ea·

1425 3952 1540 3993 rum
1565 3950 1807 4008 patronos
1829 3946 2137 4004 remitteret,
2158 3944 2371 4012 rataque
2391 3947 2482 3996 ha·

1425 4017 1574 4068 beret
1598 4033 1775 4069 eorum
1789 4020 2003 4083 judicia.

1491 4104 1518 4139 Ρ
1556 4096 1813 4160 Clientelu]
1845 4097 1929 4147 De
1950 4099 2228 4150 cliemibus
2254 4099 2305 4149 in
2334 4097 2478 4150 Julio

1426 4189 1474 4225 c.
1493 4178 1546 4223 2.

1491 4258 1518 4293 ‘1
1541 4250 1767 4301 Gratiam
1776 4251 1902 4310 serit
1921 4252 2217 4316 εοήωωιάἰ]
2240 4251 2477 4303 Gratiam

1427 4332 1645 4396 alicujus
1663 4333 1738 4384 rei
1754 4331 1945 4392 facere,
1956 4349 2052 4399 pro
2065 4335 2329 4385 remittere
2349 4345 2481 4392 eam,

1302 4411 1495 4464 Sueten.
2297 4412 2346 4461 0
