3019 4922
1266 400 1565 449 sumus.
2384 389 2513 455 151

225 609 238 618 .
315 546 431 616 ses
468 569 578 614 res
625 548 916 611 urbanas
960 542 1514 611 administrarent.
1603 542 1830 607 Pridie
1874 548 2096 608 autem
2155 544 2510 617 Kalendas

316 653 724 720 Januariasss
769 647 1107 733 repentina
1137 643 1734 711 Consulismorteh
1779 652 2153 711 cessantem
2196 648 2509 715 honorem

314 760 387 822 in
417 774 682 841 paucas
712 754 907 816 horas
936 745 1224 833 petentii
1256 748 1457 813 dedit.
1535 747 1784 813 Eadem
1815 748 2109 826 licentia,
2132 758 2359 834 spreto
2390 772 2514 836 pa-

315 862 459 925 triae
480 858 508 900 ⁶
542 851 780 933 ιιιοιᾞ,ις
811 855 1240 936 magistratus
1271 852 1339 915 in
1371 852 1596 933 plures
1627 869 1840 914 annos
1872 851 2243 916 ordinavit:
2278 854 2514 920 decem

313 962 652 1049 praetoriis
685 959 843 1023 viris
873 956 1254 1021 consularia
1284 949 1708 1019 ornamenta¹
1734 1025 1737 1030 ⁵
1760 955 2027 1020 tribuit:
2076 956 2350 1022 civitate
2397 957 2516 1022 do·

314 1073 534 1145 natOS,
584 1070 651 1128 et
681 1061 1013 1147 quosdam
1063 1066 1145 1122 e⁷
1191 1058 1660 1121 semibarbaris
1706 1054 2114 1135 Gallorum,¹¹¹
2142 1061 2396 1144 recepit
2444 1063 2516 1126 in

1242 1258 1599 1279 OOOOOOOOOOOO

315 1402 347 1446 6
369 1397 455 1446 Sic
483 1396 616 1445 Mss.
637 1402 690 1443 et
711 1392 845 1443 Edd.
871 1400 1072 1443 tantum
1091 1408 1190 1443 non
1208 1407 1401 1444 omnes.
1469 1392 1680 1443 Habent
1700 1390 1942 1440 Dunelm.
1974 1388 2170 1439 Medic.
2206 1393 2250 1439 1.
2285 1393 2334 1439 3.
2369 1388 2516 1438 Cort.

318 1464 466 1511 Voss.
492 1470 548 1510 et
573 1460 709 1509 Edd.
739 1460 888 1508 Rom.
912 1475 1026 1509 cum
1052 1474 1128 1522 pr.
1148 1460 1324 1509 Graev.
1353 1458 1532 1522 patrio.
1597 1457 1730 1506 Dein
1749 1456 1902 1519 pluris
1922 1456 2135 1504 Memm.
2160 1454 2354 1504 Medic.
2377 1457 2427 1504 3.
2462 1455 2516 1503 iu

316 1543 415 1600 quo
450 1528 606 1576 etiam
644 1525 796 1574 annis.
869 1526 995 1574 Tum
1030 1525 1353 1574 ordinamenta
1388 1525 1664 1587 Cujac.—7
1701 1523 1786 1571 Ex
1815 1536 1928 1570 sem.
1962 1520 2120 1570 vind.
2152 1524 2201 1569 2.
2236 1521 2380 1570 Cort.
2447 1519 2514 1568 In

319 1594 552 1646 Harlem.
578 1588 726 1641 Edd:
742 1590 886 1640 Med.
912 1591 1056 1640 Cald.
1082 1590 1232 1641 deest
1257 1605 1479 1655 praepos.
1545 1589 1684 1638 Hinc
1718 1587 1769 1637 in
1806 1587 2041 1636 Harlem.
2073 1601 2104 1636 a
2136 1601 2205 1635 u».
2239 1600 2344 1637 sec.
2377 1584 2518 1634 semi-

1313 1781 1526 1832 NOTAE

381 1922 402 1953 f
435 1922 685 1970 Proesente
722 1920 794 1983 se]
825 1917 971 1966 Torr.
1014 1914 1144 1979 legit
1186 1914 1376 1964 absente

315 2017 384 2059 se,
409 1999 494 2048 vel
519 1998 666 2046 addit
688 1996 831 2044 etiam
862 1999 1095 2058 praesente
1125 2007 1192 2041 se.
1260 1991 1378 2055 Lip-

318 2080 420 2128 sius
456 2078 633 2126 Elect.
675 2075 764 2124 lib.
801 2086 866 2122 11.
907 2088 1023 2136 cap.
1067 2075 1148 2120 17.
1181 2085 1268 2134 pro
1310 2083 1377 2118 se.

319 2157 418 2206 Dio
442 2154 579 2202 euim
616 2152 704 2201 lib.
733 2164 880 2200 xmv.
905 2147 1069 2198 refert
1097 2147 1161 2196 ad
1186 2147 1376 2210 Hispa·
1426 2196 1434 2203 ,

321 2235 491 2282 uicum
530 2230 719 2278 bellum
756 2226 1171 2291 proficiscentem
1208 2226 1377 2274 Caesa·

320 2325 429 2359 rem
454 2306 674 2372 Lepido,
697 2303 1063 2369 praefectisque
1091 2302 1245 2359 illius,
1268 2314 1383 2350 cus-

320 2388 512 2436 todiam
554 2383 711 2442 urbis,
751 2380 1175 2445 negotiorumque
1206 2392 1380 2426 curam

322 2467 628 2530 reliquisse:
665 2476 834 2525 neque
876 2469 1048 2509 tamen
1088 2458 1184 2507 hoc
1229 2456 1383 2506 modo

323 2542 600 2592 convenire
636 2539 845 2588 videtur
880 2537 987 2586 Dio
1032 2550 1149 2585 cum
1193 2535 1381 2584 Sueto-

324 2623 439 2681 nio;
464 2620 547 2669 bic
563 2617 815 2681 siquidem
835 2629 934 2680 quo
955 2622 1188 2678 ternpore
1203 2611 1383 2660 habita

322 2702 553 2761 quaedam
581 2711 610 2743 a
633 2696 839 2744 camare
875 2691 1082 2741 comitia
1112 2696 1383 2752 memorat,

323 2777 499 2825 Romae
528 2780 650 2823 tuuc
683 2770 840 2821 fuisse
866 2769 991 2819 satis
1016 2768 1197 2830 innuit,
1220 2767 1382 2818 tribu·

322 2867 500 2901 norum
542 2857 714 2898 autem
757 2855 811 2897 et
845 2846 1072 2896 aedilium
1094 2845 1271 2894 habita
1307 2843 1381 2893 di-

324 2928 478 2978 sertis
514 2925 740 2976 affirmat
775 2923 959 2973 verbis.
1015 2922 1166 2971 Unde
1198 2918 1383 2986 praefe-

324 3004 484 3055 reuda
541 3002 750 3052 videtur
805 3000 1061 3065 posterior
1118 2998 1384 3048 Torrentii

323 3084 499 3140 lectio,
533 3081 677 3130 etiam
706 3084 941 3143 proesente
967 3093 1033 3140 se,
1051 3091 1255 3141 quaqua
1300 3076 1382 3125 via

326 3158 598 3223 ceteroqui
661 3156 971 3206 conveniant
1016 3160 1251 3204 auctores
1308 3153 1383 3204 illi

324 3253 424 3288 non
452 3239 551 3285 boc
576 3251 674 3284 uuo
698 3236 810 3284 loco
835 3233 1211 3296 discrepantes.

390 3324 413 3358 ἔ
450 3314 622 3364 Pridie
666 3313 913 3362 Kalendas
944 3307 1231 3372 Januarios]
1285 3308 1383 3359 His

327 3389 577 3442 Kalendis
613 3390 971 3452 magistratum
1008 3386 1387 3439 inibant‘desti-

331 3469 440 3519 nati
479 3469 592 3533 jam
626 3466 746 3515 iude
784 3481 813 3513 a
852 3479 1027 3513 mense
1074 3464 1292 3523 Sextili;
1327 3470 1388 3513 ut

329 3562 442 3611 cap.
467 3550 547 3596 14.
588 3551 643 3593 et
685 3548 765 3592 15.
800 3548 1034 3591 notatum
1069 3548 1189 3590 est:
1231 3555 1386 3604 quau·

333 3637 481 3686 quam
521 3635 624 3669 non
660 3628 917 3684 perpetuo
944 3619 1042 3668 hoc
1082 3617 1164 3666 die
1201 3616 1387 3679 magis·

333 3708 524 3749 tratum
558 3697 789 3758 inierint,
819 3702 876 3745 ut
912 3710 976 3744 ex
998 3710 1087 3745 111.
1124 3701 1178 3745 et
1202 3709 1280 3744 ιν.
1303 3694 1389 3742 Li·

330 3777 395 3834 vii
420 3775 667 3838 colligere
691 3778 791 3822 est.

391 3851 415 3884 ¹¹
456 3851 679 3901 Consulis
712 3847 885 3911 morte]
920 3848 1066 3900 Fabii
1122 3847 1278 3904 illius,
1324 3846 1390 3897 de

333 3929 549 3993 quoliic.

400 4003 414 4037 ¹
445 4005 505 4054 In
525 4019 702 4068 paucas
725 4004 865 4052 horos
892 4001 1095 4066 petenti]
1130 4001 1270 4052 Huic
1294 4001 1391 4051 Ca·

334 4081 497 4131 ninius
523 4081 740 4131 Rebilus
766 4094 948 4128 nomen
975 4077 1093 4135 fuit,
1123 4079 1250 4128 Ner.
1277 4093 1391 4141 cap.

336 4164 412 4209 15.
446 4159 511 4208 de
541 4175 643 4224 quo
679 4158 951 4220 Epist.3l.
989 4157 1082 4205 lib.
1107 4169 1208 4204 vu.
1242 4154 1390 4204 Cice·

1456 1910 1564 1960 sule
1589 1908 1711 1959 mali
1746 1907 1937 1958 factum
1961 1913 2073 1970 est;
2098 1904 2197 1955 fuit
2219 1906 2354 1958 euim
2376 1906 2516 1954 iniri-

1455 1988 1556 2037 fica
1580 1986 1858 2050 vigilantia,
1881 1985 1968 2049 qui
1994 1991 2104 2033 toto
2127 1998 2216 2031 suo
2240 1982 2515 2032 consulatu

1456 2078 1687 2115 somnum
1714 2077 1815 2111 uon
1837 2059 2064 2124 viderit,'
2097 2062 2195 2109 διο.
2217 2072 2314 2106 nec
2347 2057 2516 2108 miuus

1455 2143 1666 2206 elegans
1682 2140 1748 2189 de
1766 2139 1944 2188 eodem
1955 2137 2104 2201 jocus
2129 2134 2266 2199 apud
2281 2135 2519 2185 Macrob.

1458 2220 1551 2269 lib.
1578 2233 1642 2268 ιι.
1678 2229 1794 2282 cap.
1813 2221 1863 2268 2.
1897 2214 2121 2265 Pitholai
2146 2213 2302 2278 illins,
2324 2212 2392 2261 de
2414 2226 2516 2277 quo

1460 2315 1576 2363 cap.
1603 2299 1834 2363 proxime
1855 2293 2226 2360 praecedenti.‘
2252 2299 2376 2341 ante
2403 2289 2518 2340 Fla‘·

1460 2377 1645 2439 mines,
1669 2389 1805 2423 nuuc
1829 2372 2065 2422 consules
2085 2368 2266 2419 Diales
2283 2367 2452 2417 fiunt.’

1526 2454 1550 2490 ¹¹
1581 2454 1752 2518 Spreto
1767 2452 1939 2516 patrioe
1963 2448 2111 2512 more]
2145 2447 2210 2497 Id
2234 2447 2402 2511 ipsum
2428 2445 2519 2494 de·
2616 2494 2623 2501 ,

1460 2536 1634 2600 plorat
1654 2532 1845 2581 ibidem
1865 2528 2066 2578 Cicero.

1528 2609 1542 2644 ¹
1578 2606 1861 2660 consularia
1903 2601 2200 2665 ornamenta]
2257 2602 2336 2650 Ea
2371 2599 2518 2650 fuere

1460 2688 1589 2738 sella
1626 2683 1852 2747 Curulis,
1886 2681 2042 2744 regia,
2086 2687 2139 2728 et
2179 2679 2423 2735 eburnea,
2466 2679 2521 2725 iu

1463 2781 1564 2831 qua
1579 2765 1670 2829 jus
1705 2760 2014 2818 dicebatur3
2040 2756 2238 2813 trabea,
2262 2769 2351 2804 seu
2386 2769 2521 2818 prae-

1463 2849 1629 2901 texta,
1659 2854 1719 2889 ac
1743 2835 2031 2902 praesertim
2068 2837 2365 2897 praeeuntes
2404 2845 2522 2880 cum

1460 2919 1684 2971 fascibus
1706 2917 1915 2965 lictores
1939 2928 1952 2960 ς
1989 2911 2040 2960 ἱιι
2065 2908 2246 2960 Claud.
2265 2922 2383 2970 cap.
2407 2913 2457 2956 5.

1526 3009 1562 3034 ¹¹¹
1596 2994 1944 3049 Semibarbaris
1970 2988 2241 3053 Gallorum]
2263 2986 2521 3037 Scbildius

1462 3078 1578 3128 haec
1603 3075 1761 3125 verba
1785 3073 1849 3122 de
1873 3067 2297 3122 Narbonensibus
2331 3064 2525 3114 intelli-

1465 3156 1574 3222 git:
1600 3152 1693 3203 sed
1712 3149 1891 3217 quidni
1915 3148 1980 3197 de
2004 3146 2202 3202 AEduis‚
2225 3150 2317 3193 aut
2334 3142 2400 3193 de
2423 3143 2526 3191 To-

1466 3230 1602 3296 gatis
1626 3228 1813 3288 Gallis,
1831 3224 2015 3292 quibus
2047 3222 2259 3286 antiqua
2281 3235 2395 3268 cum
2425 3220 2528 3267 Ro-

1465 3307 1630 3360 manis
1656 3306 1899 3365 societas,
1922 3317 1982 3351 ac
2007 3299 2221 3365 proinde
2247 3305 2304 3347 ut
2328 3297 2530 3346 diutur-

1466 3401 1564 3435 nus
1589 3399 1728 3444 usus,
1751 3381 1824 3430 ita
1841 3386 1898 3428 et
1913 3377 2123 3428 barbari
2146 3376 2331 3424 minus.
2369 3373 2528 3436 Equi-

1467 3462 1585 3511 dem
1609 3458 1809 3509 uotavit
1838 3455 2079 3519 Sigonius
2117 3453 2205 3502 lib.
2224 3465 2264 3500 ι.
2292 3450 2358 3498 de
2393 3449 2527 3498 anti-

1466 3553 1568 3604 quo
1597 3537 1718 3601 jure
1750 3532 2126 3598 provinciarum
2170 3544 2287 3592 cap.
2325 3531 2375 3577 6.
2411 3527 2528 3576 Cae-

1468 3630 1637 3665 sarem
1697 3613 1764 3661 de
1820 3607 2150 3660 Narbonensi
2206 3604 2379 3654 Gallia
2419 3611 2526 3652 tam

1470 3693 1606 3743 bene
1627 3689 1886 3746 meritum,
1907 3694 1968 3734 ut
1991 3684 2179 3732 multos
2206 3695 2270 3728 ex
2291 3694 2353 3727 ea
2368 3678 2529 3727 Sena-

1467 3779 1609 3820 tores
1641 3766 1905 3831 allegerit:
1965 3762 2103 3812 unde
2143 3759 2355 3808 ductum
2398 3757 2527 3806 illud

1466 3847 1749 3906 emanavit,
1774 3852 1788 3874 ¹
1807 3841 1947 3892 Galli
1971 3835 2218 3898 braccas,'
2254 3838 2352 3886 διο.
2389 3822 2527 3898 quod

1465 3924 1661 3988 legitur
1705 3936 1822 3984 cap.
1861 3922 1943 3967 80.
2009 3915 2143 3964 Haec
2176 3912 2310 3961 enim
2345 3912 2527 3961 eadem

1468 4008 1582 4050 erat
1616 4014 1677 4048 ac
1721 3997 1976 4045 Braccata
1999 4005 2116 4054 cap.
2133 3993 2216 4039 26.
2242 4002 2415 4037 verum
2440 3989 2529 4037 hos

1467 4076 1737 4141 speciatim
1761 4073 1843 4122 hic
1865 4069 2126 4133 designari
2168 4068 2254 4116 vix
2292 4066 2553 4117 credide-‘

1466 4155 1583 4215 rim,
1609 4167 1727 4202 cuni
1752 4150 1817 4200 de
1845 4146 2158 4213 supradictis
2184 4159 2388 4211 quoque
2412 4132 2526 4209 pari

335 4249 422 4285 ro:
458 4236 577 4285 ‘Ita
616 4233 833 4285 Caninio
878 4233 1106 4294 consule,
1129 4233 1260 4281 scito
1300 4246 1386 4279 ue-
1458 4231 1596 4296 jure,
1622 4229 1702 4278 vel
1724 4226 1932 4292 potiori,
1950 4225 2114 4290 possit
2130 4220 2365 4286 intelligi.

335 4312 512 4363 minem
550 4309 844 4377 prandisse,
865 4309 933 4357 nil
974 4316 1146 4359 tamen
1182 4322 1242 4356 eo
1267 4321 1385 4355 con·
