3019 4922
2402 396 2530 461 117

342 572 503 639 quas
535 560 610 618 et
641 558 854 638 quot⁰
885 552 1179 632 vellet,⁹¹'
1208 542 1448 618 ducere
1478 553 1736 622 liceret.
1824 555 2049 641 Atque
2069 565 2121 595 ¹0
2151 578 2235 623 ne
2266 559 2377 625 cui
2407 560 2531 626 du-

336 654 519 721 bium
548 656 823 721 omnino
852 656 962 734 sit,
989 658 1056 722 et
1084 654 1526 740 impudicitiae
1555 665 1752 736 eum,¹
1799 665 1868 722 et
1898 659 2382 727 adulteriorum
2413 662 2533 728 fla-

337 778 566 842 grasse
597 760 893 837 infamia‚
922 759 1128 828 Curio
1150 767 1338 844 pater
1360 759 1651 845 quadam
1685 782 1837 827 eum
1860 764 2161 829 oratione
2189 770 2208 800 ‘
2232 768 2532 832 omnium

336 862 682 928 mulierum
713 865 947 943 virum,
992 869 1060 930 et
1103 862 1399 929 omnium
1429 864 1722 929 virorum
1756 866 2098 931 mulierem
2123 864 2142 892 ⁹
2200 870 2530 955 appellat.

334 966 493 1048 [53]
565 969 730 1034 Vini
790 967 1256 1052 parcissimum
1279 973 1303 1003 ²
1361 986 1443 1031 ne
1503 967 1753 1033 inimici
1798 968 2067 1053 quidem
2109 983 2533 1054 negaverunt.

333 1067 638 1136 Verbum
664 1072 760 1137 M.
791 1069 1066 1137 Catonis
1098 1079 1271 1138 estz³
1320 1075 1339 1106 ‘
1361 1069 1590 1135 Unum
1621 1090 1711 1137 ex
1740 1072 2044 1138 omnibus
2079 1071 2421 1141 Caesarem
2444 1078 2534 1144 ad

334 1174 764 1241 evertendam
823 1174 1345 1261 Rempublicam
1404 1151 1701 1239 sobriur'n
1724 1183 1750 1222 ‘³
1811 1176 2236 1242 accessisse?
2353 1180 2534 1247 Nam

335 1275 516 1342 circa
546 1280 799 1345 victum
827 1278 906 1343 C.
939 1278 1202 1364 Oppius
1231 1277 1404 1346 adeo
1436 1277 1909 1345 indifferentem
1940 1279 2165 1358 docet,
2210 1287 2284 1346 ut
2318 1304 2534 1366 quon-

338 1378 525 1446 dam⁴
570 1382 657 1446 ab
686 1382 952 1467 hospite
980 1381 1319 1448 conditum
1338 1390 1361 1430 ⁵
1385 1391 1407 1418 ¹·
1452 1383 1691 1462 oleum,
1713 1403 1834 1468 pro
1862 1383 2059 1448 viridi
2090 1387 2532 1469 appositum,⁶

341 1486 849 1570 aspernantibus
871 1486 1139 1566 ceteriS,
1161 1486 1385 1553 solum
1407 1487 1610 1553 etiam
1633 1485 1885 1570 largius
1906 1486 2087 1554 dicat
2108 1495 2132 1537 ⁷
2165 1490 2532 1572 appetisse,

1284 406 1584 458 sumus.

1263 1686 1442 1707 ‘0000‘

1446 1686 1560 1706 ‘OOC
1565 1687 1626 1707 00

341 1827 385 1872 1.
406 1822 587 1873 Graev.
614 1820 782 1872 Scriv.
806 1821 1025 1871 Casaub.
1048 1821 1202 1872 Grut.
1225 1822 1349 1873 Em.
1374 1829 1430 1873 et
1447 1820 1606 1873 Wolf.
1629 1822 1999 1873 accedentibus
2023 1821 2165 1874 Pith.
2191 1821 2317 1874 Lisl.
2352 1820 2537 1886 cujac.

339 1889 430 1939 Ed.
455 1892 640 1952 Camp.
664 1900 780 1937 cum
819 1887 943 1937 trib.
976 1881 1346 1938 Torrentianis.
1377 1891 1549 1939 vellent
1585 1889 1815 1939 retinent
1848 1890 2025 1939 Burm.
2048 1896 2102 1940 et
2134 1888 2272 1940 Oud.
2304 1902 2420 1938 cum
2443 1888 2540 1937 Vi-

339 1954 468 2007 terb.
494 1954 613 2004 Pal.
635 1953 757 2004 trib.
778 1953 931 2003 Voss.
953 1952 1121 2003 Periz.
1146 1953 1289 2004 Med.
1313 1959 1361 2004 1.
1382 1958 1432 2004 3.
1455 1955 1613 2004 Vind.
1649 1964 1887 2020 utroque,
1908 1964 1962 2003 et
1983 1953 2116 2006 Edd.
2138 1953 2330 2004 omnib.
2352 1952 2535 2017 priori·

338 2019 426 2070 bus
461 2013 663 2084 priter
700 2020 845 2069 Rom.
870 2019 1016 2083 Conj.
1039 2025 1210 2069 tamen
1235 2018 1373 2069 Oud.
1392 2035 1506 2083 quas
1540 2020 1647 2083 quis
1667 2026 1715 2070 et
1736 2026 1846 2085 quot
1874 2021 2031 2070 vellet.
2066 2019 2187 2083 Guj.
2208 2026 2389 2070 censet
2411 2018 2536 2068 scri·

339 2084 566 2135 bendum
588 2086 744 2135 velles.
812 2083 946 2134 Edd.
971 2084 1166 2149 aliquot
1193 2086 1297 2135 duc.
1320 2086 1508 2135 vellent.
1545 2085 1692 2137 Med.
1724 2091 1773 2136 1.
1796 2090 1845 2136 3.
1868 2100 1982 2150 qnos
2003 2091 2049 2135 et
2080 2091 2209 2150 quot.
2246 2084 2387 2150 Lips.
2408 2084 2536 2140 scri·

340 2150 413 2201 bit
429 2153 580 2213 Tot-r.
619 2150 876 2201 delevisse
900 2165 1051 2199 voces
1069 2165 1186 2213 quas
1207 2155 1275 2215 et,
1295 2158 1351 2200 et
1371 2152 1483 2215 ipse
1505 2151 1647 2214 Lips.
1670 2151 1721 2200 in
1744 2151 1861 2202 cod.
1893 2166 1985 2201 suo
2019 2150 2155 2201 idem
2181 2149 2326 2202 fecit.
2348 2149 2536 2200 Barth.

340 2217 502 2268 codex
526 2217 723 2267 omittit
753 2217 860 2267 duc.
881 2216 1118 2266 reik—lo
1153 2215 1239 2265 Ita
1269 2215 1499 2267 restituit
1536 2217 1757 2281 Baumg.
1781 2232 1846 2268 ex
1867 2217 2002 2267 Edd.
2031 2217 2176 2266 Rom.
2198 2213 2378 2279 Steph.
2404 2216 2538 2264 Ven.

340 2291 392 2331 et
414 2285 607 2333 omnib.
630 2282 1023 2346 antiquioribus,
1048 2281 1234 2346 quibus
1269 2282 1530 2332 accedunt
1550 2282 1710 2333 Vind.
1737 2286 1784 2332 1.
1822 2282 1990 2333 Periz.
2011 2283 2247 2332 Har-lem.
2266 2286 2318 2332 at
2338 2279 2537 2338 Medic,

329 2348 495 2399 vind.
523 2349 670 2399 Cort.
694 2349 881 2413 Copes.
902 2348 1062 2398 Fouc.
1087 2344 1224 2412 quod
1248 2347 1436 2411 probat
1471 2346 1611 2400 Onu.
1632 2351 1694 2398 ad
1728 2349 1940 2399 Memm.
1961 2365 2016 2398 ac
2041 2346 2329 2411 praeferunt
2359 2345 2539 2397 Burm-

341 2413 463 2465 Ern.
498 2430 616 2465 cum
651 2414 775 2464 Bas.
809 2422 864 2465 et
898 2412 1032 2465 Edd.
1069 2413 1555 2478 posterioribus.—l
1591 2414 1717 2464 Eum
1746 2414 1924 2465 exulat
1957 2429 1988 2464 a
2010 2414 2154 2465 Med.
2181 2417 2228 2464 l.
2253 2417 2300 2464 8.
2336 2412 2537 2477 obsop.

341 2479 453 2531 Pal.
489 2486 538 2530 1.
560 2486 610 2531 2.
634 2481 822 2545 Copes.
843 2479 1027 2546 quibus
1049 2480 1347 2529 auctoribus
1369 2480 1535 2531 deleri
1558 2481 1739 2530 mallet
1758 2479 1898 2531 Oud.
1921 2495 2037 2530 cum
2062 2480 2217 2530 Grut.
2243 2488 2298 2529 et
2320 2478 2537 2541 Longon.

340 2546 402 2595 ad
442 2546 581 2597 Plin.
607 2547 641 2596 1.
667 2560 723 2597 x.
763 2560 847 2610 ep.
871 2548 1079 2596 121.—2
1115 2545 1485 2612 Perficissimum
1518 2544 1766 2596 Huls.—3
1800 2546 1877 2595 M·
1912 2548 2023 2596 Cat.
2050 2562 2099 2595 v.
2133 2550 2207 2595 est
2238 2544 2371 2594 liber
2408 2557 2537 2592 unus

338 2611 483 2663 Torr.
505 2613 637 2662 alius
661 2613 741 2662 M.
778 2613 889 2661 Cat.
912 2616 1000 2661 est.
1021 2627 1069 2660 v.
1106 2612 1294 2661 tertius
1323 2617 1378 2661 nt
1410 2611 1483 2661 M.
1509 2611 1632 2661 Cato
1665 2611 1755 2663 ait.
1820 2610 1946 2675 Ipse
1980 2610 2257 2674 legendum
2285 2614 2437 2674 putat
2458 2609 2537 2658 M.

344 2677 452 2727 Cat.
468 2679 674 2728 estsine
694 2676 902 2739 verbum,
923 2676 1060 2742 quod
1084 2675 1237 2726 deest
1257 2676 1569 2727 membranis
1590 2676 1906 2737 Barthianis,
1922 2675 2068 2726 Med.
2090 2680 2138 2725 8.
2177 2674 2390 2724 Delevit
2412 2687 2541 2738 quo·

340 2757 435 2806 que
461 2743 625 2794 Polit.
649 2742 832 2794 Heius.
854 2742 1068 2807 legebat
1087 2742 1419 2793 minerbium.

1485 2743 1693 2793 Desunt
1714 2747 1786 2792 est
1806 2757 1887 2792 un.
1911 2740 2067 2791 vind.
2088 2740 2296 2805 utrique
2318 2744 2375 2789 et
2397 2738 2541 2788 Cort.

342 2815 396 2857 et
435 2810 488 2858 in
511 2809 668 2858 Vind.
695 2813 739 2859 1.
769 2824 831 2859 ex
864 2824 989 2857 omn.
1019 2813 1092 2858 est
1119 2808 1274 2857 c.—4
1311 2808 1527 2865 Quodam
1549 2805 1667 2858 cod.
1700 2808 1948 2857 ‘rom—5
1983 2808 2175 2858 Eorum
2206 2803 2540 2864 sententiam,

346 2874 430 2936 qui
464 2875 689 2925 mediam
723 2874 973 2938 syllabam
1001 2874 1151 2937 hujus
1187 2873 1326 2923 vocis
1354 2873 1664 2937 productam
1698 2887 1809 2923 esse
1845 2873 2043 2928 volunt,
2075 2870 2248 2921 firmat
2280 2870 2541 2934 interpre-

341 2939 471 2989 tatio
496 2940 676 2991 addita
711 2939 761 2989 in
801 2941 930 2991 Exc.
972 2940 1154 3003 Cujac.
1189 2940 1241 2989 id
1282 2943 1374 2997 est,
1411 2942 1663 2993 vetum—„6
1697 2940 1761 2990 In
1805 2939 1920 2990 cod.
1956 2939 2112 2989 Vinc.
2149 2938 2364 2989 Beluae.
2401 2949 2542 2998 01)ρο-

338 3003 504 3070 situm,
544 3013 602 3056 et
647 3020 742 3071 pro
776 3006 1102 3069 neglige-utica,
1145 3004 1481 3055 amrium—⁷
1521 3006 1710 3057 Lovan.
1754 3004 1937 3055 Barth.
1979 3005 2170 3068 Copes.
2217 3000 2366 3053 Med.
2410 3005 2457 3051 1.
2488 3003 2540 3049 3.

1337 3185 1553 3236 NOTAE

343 3325 492 3371 sente
524 3333 579 3369 se
616 3320 783 3384 legem
821 3319 955 3369 hanc
988 3315 1115 3369 ferri
1157 3317 1402 3376 noluerit,

344 3401 435 3463 aut
470 3396 728 3447 Romanas
760 3396 923 3460 leges,
951 3394 1072 3444 dum
1105 3394 1285 3446 Romae
1308 3394 1401 3446 de·

343 3482 508 3537 geret,
531 3471 832 3537 infringere.
1199 3469 1207 3477 ’

408 3555 432 3580 ⁰
468 3551 600 3608 Quas
642 3555 690 3599 et
732 3548 870 3615 quot]
929 3549 1046 3599 Nec
1090 3548 1226 3599 enim
1272 3548 1399 3598 alias

343 3640 493 3690 quam
517 3627 772 3677 Romanas
803 3628 1053 3691 ingenuas
1076 3635 1130 3676 et
1153 3624 1401 3691 sanguine

346 3705 555 3767 propius
579 3719 681 3754 nou
693 3704 926 3769 junctas,
940 3718 1036 3754 nec
1059 3703 1230 3769 plures
1250 3717 1402 3768 quam

346 3795 494 3830 unam
516 3781 699 3833 eodem
718 3788 951 3847 tempore
975 3796 1186 3831 uxorem
1207 3780 1400 3832 habere

345 3856 437 3906 uni
460 3859 559 3908 civi
584 3859 817 3908 Romano
836 3855 1051 3908 licebat.

411 3940 439 3974 Ρ
476 3935 650 3999 Vellet]
706 3932 811 3984 Alii
851 3934 1064 3994 vellem,-
1118 3933 1208 3984 sed
1255 3935 1403 3985 testis

344 4017 425 4060 est
455 4008 579 4075 Dio,
601 4010 695 4061 soli
729 4011 781 4061 id
815 4011 916 4075 sibi
952 4011 1193 4060 sumsisse
1232 4012 1404 4062 Carsa-

344 4101 473 4139 rem.

410 4171 437 4206 ‘1
468 4163 714 4229 Subrium]
743 4164 863 4215 Hoc
896 4171 1000 4228 est,
1031 4165 1134 4215 vini
1170 4180 1404 4230 parcum,

343 4256 452 4292 non
488 4257 613 4295 vero
661 4241 1002 4293 moderatum.
1083 4243 1218 4294 Cato
1268 4241 1405 4293 enim

349 4317 639 4386 ambiguum
672 4318 770 4372 hoc
806 4317 1108 4370 vocabulum
1140 4318 1205 4370 de
1238 4318 1412 4370 indus-

1484 3319 1587 3369 tria
1608 3312 1861 3379 adhibuit,
1884 3315 1949 3366 ad
1978 3313 2253 3366 sententiae
2274 3325 2511 3362 acumen.

1485 3456 1489 3460 Α
1546 3401 1567 3428 ¹·
1617 3390 1894 3455 conditum]
1949 3391 2004 3442 Si
2061 3389 2232 3440 media
2286 3384 2546 3453 producta

1482 3478 1724 3536 tanquam
1748 3486 1779 3521 a
1802 3469 1988 3521 condio
2014 3467 2297 3518 deductum
2332 3463 2544 3527 legeris,

1482 3546 1755 3596 Plutarchi
1797 3559 1939 3594 mens
1983 3551 2067 3594 est
2105 3539 2410 3592 affirmantis
2455 3552 2548 3587 un-

1481 3629 1730 3688 guentum
1751 3621 1852 3671 olei
1873 3620 1987 3670 loco
2012 3618 2205 3669 Caesari
2230 3615 2545 3665 manducan-

1479 3700 1562 3751 dis
1584 3698 1848 3766 asparagis
1870 3695 2197 3761 appositum:
2238 3692 2422 3742 sivero
2440 3704 2548 3739 me·

1483 3777 1569 3827 dia
1586 3781 1849 3840 correpta,
1864 3774 1881 3802 ‘
1895 3769 2159 3821 conditum
2177 3766 2191 3790 '
2208 3766 2344 3818 idem
2367 3768 2469 3818 erit
2485 3782 2547 3816 ac

1484 3861 1763 3916 vetustum,
1787 3852 1957 3901 oleum
1981 3861 2166 3912 nempe
2195 3848 2333 3896 intra
2365 3845 2546 3895 domus

1486 3946 1676 3996 penum
1715 3932 1975 3978 servatum
2010 3931 2066 3973 et
2103 3920 2450 3982 reconditum,
2484 3935 2547 3970 ac

1487 4007 1706 4074 proinde
1741 4000 2272 4065 minimejucuudum,
2295 3998 2430 4066 quod
2457 4012 2548 4060 op·
2624 4018 2631 4025 ’

1485 4086 1697 4150 ponitur
1721 4080 1892 4137 viridi,
1915 4077 2112 4144 saporis
2134 4077 2292 4140 longe
2316 4074 2548 4126 laudabi-

1484 4160 1667 4221 lioris;
1700 4157 1819 4209 ideo
1860 4155 2023 4206 viride
2067 4153 2267 4205 dictum
2303 4150 2442 4218 quod
2482 4164 2549 4201 ex

1489 4240 1607 4290 olea
1628 4236 1856 4288 nondum
1872 4242 2074 4287 matura
2098 4238 2439 4299 premeretur.
