3019 4922
2379 454 2501 519 185
2541 406 2566 443 *

295 615 521 703 itinere
553 610 826 688 delevit,
852 608 1110 693 negotio
1141 613 1272 676 sibi
1317 614 1388 674 in
1429 612 1677 676 Senatu
1732 607 2269 678 extra'ordinem
2318 587 2501 681 dato‘.

297 717 682 783 Provinciae
728 714 995 800 praefuit
1036 735 1163 780 non
1219 716 1468 781 minore
1504 715 1801 800 justitia,
1848 738 2045 802 quam
2094 718 2504 784 fortitudine.

300 821 626 905 Namque
671 820 953 883 Bessisa
996 839 1077 885 ac
1131 820 1506 885 Thracibus
1560 840 1797 904 magno
1861 819 2094 906 p'raelio
2154 823 2352 900 fusiS,
2398 824 2500 887 ita
2599 883 2612 894 ,

298 926 533 997 socios
552 925 894 1002 tractavit,
941 933 1015 988 ut
1063 924 1376 1007 epistolae
1430 924 1529 988 M.
1562 925 1816 990 Tullii⁵
1864 923 2201 990 Ciceronis
2251 933 2507 1004 extent,

297 1023 548 1112 quibus
586 1028 908 1107 Quintum
937 1027 1232 1105 fratrem,
1278 1028 1508 1091 eodem
1532 1026 1536 1030 ’
1563 1036 1866 1112 tempore
1917 1049 2150 1113 parum
2179 1043 2182 1046 ’
2207 1031 2504 1095 secunda

299 1132 479 1195 sama
539 1130 1142 1216 proconsulatumb
1193 1131 1384 1195 Asiae
1435 1132 2031 1211 administrantem,
2086 1123 2388 1198 hortatur
2440 1141 2508 1198 et

299 1241 548 1313 monet,
576 1236 871 1299 imitetur
898 1236 964 1298 iu
997 1234 1448 1317 promerendis
1479 1235 1685 1299 sociis
1721 1234 2053 1301 vicinum⁰
2083 1256 2272 1300 suum
2299 1234 2509 1300 ‘Octa-

303 1340 506 1403 vium.
548 1367 551 1368 ⁷
598 1339 709 1418 [4.]
757 1339 1111 1403 Decedens
1149 1339 1580 1416 Macedonia,
1615 1341 2005 1424 priusquam
2037 1336 2379 1422 profiteri⁶
2427 1358 2502 1403 se

301 1440 784 1508 candidatumd
856 1444 1244 1508 consulatus
1309 1451 1563 1526 posset,
1620 1452 1943 1507 mortem⁷
2004 1444 2175 1507 obiit
2226 1444 2508 1526 repenti·

1202 465 1618 514 00TAV1US.‘

1221 1608 1578 1629 OOOOOOOOOOO

302 1732 397 1778 -4
438 1727 714 1777 Ferrentem
730 1726 886 1776 vind.
910 1732 959 1776 2.
986 1728 1130 1777 Cort.
1196 1728 1323 1778 Mox
1343 1733 1388 1777 et
1422 1727 1591 1777 Thrac.
1616 1728 1775 1777 Fouc.
1794 1725 1952 1775 vind.
1976 1730 2023 1775 1.
2060 1725 2310 1788 Copulam
2336 1725 2512 1775 delen*

305 1793 421 1842 dam
451 1794 616 1843 voluit
638 1794 780 1842 Tor-r.
802 1801 855 1842 et
878 1794 950 1842 ita
975 1793 1075 1844 Ed.
1111 1792 1302 1843 Sabell.
1324 1799 1464 1856 atque
1490 1793 1532 1839 V
1540 1793 1645 1842 iud.
1668 1798 1717 1843 2.
1740 1793 1862 1841 Cort
1870 1797 1978 1840 .-5
2020 1791 2163 1840 Tullii
2185 1791 2333 1840 deest
2356 1792 2509 1840 codd.

306 1855 611 1921 quibusdam
636 1860 813 1909 Bu'rm.
840 1866 894 1909 et
920 1859 1059 1907 Oud.
1083 1874 1196 1908 cum
1217 1860 1352 1909 Edd.
1378 1860 1532 1909 Rom.
1555 1859 1691 1907 Ven.
1712 1864 1759 1907 l.
1784 1855 1962 1919 Lugd.
1984 1856 2133 1907 Junt.
2166 1854 2286 1905 Ald.
2323 1857 2507 1919 Stepb.

306 1924 513 1974 Deinde
536 1924 695 1974 babet
714 1924 882 1974 Periz.
903 1924 954 1974 in
975 1925 1101 1989 quib.
1165 1925 1227 1974 In
1247 1924 1349 1974 fine
1374 1925 1501 1989 Cap.
1522 1930 1567 1973 et
1590 1924 1713 1973 imit.
1751 1923 1950 1971 Medic.
1980 1925 2028 1969 3.
2034 1925 2127 1970 -6
2157 1922 2246 1970 Sic
2269 1922 2513 1989 restitue-

309 1991 564 2040 runtVV.
591 1991 706 2040 DD.
742 2006 806 2039 ex
840 1991 1046 2039 Viterb.
1082 1990 1206 2040 cod.
1231 1991 1407 2041 Ursin.
1446 1998 1500 2039 et
1537 1989 1634 2039 Ed.
1671 1989 1855 2052 steph.
1890 1986 2073 2051 quibus
2106 1987 2311 2035 accedit
2347 2001 2510 2051 marg.

309 2056 643 2119 Grypli.1n
670 2057 878 2120 reliquis
904 2057 1030 2114 Mss.
1055 2056 1287 2105 omnibus
1313 2063 1366 2106 et
1392 2055 1525 2105 Edd.
1566 2055 1749 2117 priscis
1788 2052 2016 2119 confiteri.
2085 2053 2250 2102 Paulo
2287 2062 2407 2101 ante
2439 2067 2516 2101 re-

307 2124 471 2170 cedens
504 2121 738 2171 Harlem.
783 2121 880 2171 Ed.
920 2123 1099 2185 Canip.
1137 2132 1188 2171 et
1204 2124 1275 2175 ‚in
1310 2123 1504 2172 Maced.
1552 2122 1687 2170 Fouc
1696 2124 1805 2169 .-7
1859 2119 2231 2167 Accu-sativum
2282 2119 2516 2181 reposuit

311 2186 486 2238 Graev.
512 2202 542 2238 e
567 2189 780 2237 Memm.
809 2188 1206 2252 astipulantibus
1233 2188 1428 2237 Medic.
1450 2191 1498 2236 1.
1522 2191 1571 2236 3.
1600 2187 1745 2238 Cort.
1768 2184 2025 2250 inquibus
2049 2191 2293 2234 exaratur
2318 2188 2512 2233 mortem

1307 2350 1523 2402 No'rAE

313 2450 567 2514 ciae„sed
607 2444 665 2500 'nt
705 2449 886 2500 iisdem
924 2449 1105 2516 copiis,
1153 2466 1280 2517 quas
1319 2451 1371 2502 in

314 2528 675 2579 Macedoniam
712 2529 958 2579 ducturus
998 2537 1130 2590 erat,
1175 2544 1375 2594 grassa-

315 2607 507 2655 toribus
531 2606 582 2654 iu
609 2606 794 2655 itinere
817 2607 1061 2655 liberaret
1088 2608 1270 2669 Remp.
1334 2644 1336 2647 ψ

375 2690 399 2717 ²
429 2685 621 2748 Bessis]
661 2683 731 2733 Hi
753 2690 903 2733 erant
921 2681 1376 2747 Tliraciae.populi,

313 2762 376 2811 ad
414 2763 641 2813 Nessum
677 2777 898 2825 amnem,
932 2763 1019 2827 qui
1041 2761 1202 2811 amnis
1223 2760 1377 2809 hodie

311 2840 500 2891 dicitur
524 2839 711 2890 Turcis
736 2841 996 2896 Char-asota,
1031 2853 1190 2905 quare
1230 2852 1376 2888 vero-

312 2916 575 2966 simillima
599 2914 805 2965 videtur
831 2917 1069 2966 Beroaldi
1096 2915 1377 2980 sententia,

310 3008 410 3058 qua
432 2988 713 3042 delendam
740 2999 918 3042 censet
941 2986 1378 3057 conjunctionem,

311 3077 369 3120 ut
392 3070 598 3137 legatur
621 3061 787 3120 Besiis
813 3069 1086 3120 Thracibus.

370 3148 395 3184 b
418 3147 837 3215 proconsulatum]
858 3147 1246 3197 Provinciarum
1266 3147 1378 3197 aliae

311 3215 633 3287 consulares,
670 3240 787 3289 quae
823 3225 892 3272 ab
923 3225 1002 3286 iis,
1039 3224 1127 3288 qui
1165 3225 1216 3273 in
1251 3224 1379 3274 urbe

311 3302 643 3352 consulatum
679 3308 965 3365 gesserant,
995 3301 1251 3351 consulari
1290 3301 1398 3350 im-v

311 3381 461 3443 perio
497 3379 885 3442 obtinebantur,
922 3379 1058 3428 unde
1081 3378 1238 3428 etiam
1263 3392 1384 3443 pro-

310 3459 554 3509 consules
579 3457 922 3506 dicebantur:
958 3457 1070 3506 aliae
1105 3454 1388 3519 praetoriae,

313 3529 464 3602 quas,
500 3536 588 3600 qui
630 3528 882 3599 praetores
916 3533 966 3582 in
996 3534 1125 3582 urbe
1150 3531 1383 3596 proximo

316 3625 452 3661 anuo
480 3609 711 3675 fuerant,
745 3613 988 3676 praetorio
1011 3609 1228 3674 imperio
1251 3606 1380 3658 obti-

314 3688 531 3750 nebant,
574 3696 628 3737 et
668 3695 1012 3752 propraetores
1051 3686 1383 3751 appellaban-

318 3772 423 3817 tur.
491 3766 786 3815 Suetonium
809 3765 980 3829 arguit
1000 3765 1266 3814 Turnebus
1293 3763 1384 3812 lib.

319 3842 548 3893 Advers.
566 3856 729 3893 xxiv.
752 3857 870 3908 cap.
886 3847 965 3892 16.
990 3842 1123 3907 qnod
1144 3842 1270 3892 Asia
1285 3856 1386 3891 non

318 3920 489 3970 fuerit
507 3919 605 3970 nisi
631 3920 895 3985 praetoria,
912 3920 1060 3984 cujus
1081 3926 1250 3969 tamen
1271 3933 1388 3983 pro·

320 3997 646 4047 consulatum
672 3996 839 4046 dixit.
867 4011 1040 4046 verum
1063 4011 1178 4045 cum
1203 3996 1256 4044 id
1282 4010 1388 4045 om-

321 4075 446 4124 nino
468 4088 630 4138 penes
663 4075 913 4125 Senatum
943 4066 1102 4137 esset,
1138 4080 1197 4124 ut
1219 4088 1389 4138 quem,

322 4159 381 4202 et
414 4152 467 4202 in
503 4166 655 4217 quam
695 4153 850 4201 vellet
875 4152 1194 4216 provinciam
1218 4151 1391 4201 mitte-

325 4234 430 4292 ret,
461 4236 669 4279 constat
697 4229 980 4280 identidem
1005 4230 1130 4279 illud
1156 4229 1390 4278 immuta-

330 4316 458 4368 tum,
479 4301 640 4372 atque
658 4321 723 4356 ex
748 4307 1142 4371 magistratuum
1165 4305 1391 4369 nomine,

327 4382 419 4447 qui
437 4384 734 4450 provincias
750 4382 1074 4448 obtinebant,
1087 4381 1248 4434 fuisse
1268 4398 1392 4450 quo·

1451 2452 1559 2516 'que
1578 2448 1956 2500 denominatas.
2023 2448 2109 2498 Ita
2130 2455 2187 2498 ut
2210 2448 2261 2497 in
2285 2436 2521 2497 consula·

1457 2520 1797 2591 res'praetorii
1830 2527 2139 2591 quandoque
2168 2526 2520 2585 mitterentur,

1457 2604 1887 2669 quemadmodum
1912 2604 2166 2653 Octavius
2196 2603 2249 2651 in
2271 2602 2522 2652 Macedo-

1458 2685 1617 2748 niam,
1649 2700 1763 2749 quae
1788 2682 2086 2734 Consularis
2108 2688 2237 2744 erat,
2257 2687 2444 2744 utpote
2468 2679 2519 2727 in

1458 2780 1565 2830 qua
1579 2763 1825 2819 Antonio,
1843 2761 2386 2828 quiconsulatumuna
2406 2772 2522 2806 cum
2553 2758 2558 2763 '

1460 2840 1714 2891 Cicerone
1738 2843 1990 2903 gesserat,
2011 2835 2342 2898 successit,e
2314 2841 2371 2884 et
2406 2833 2522 2882 vice

1456 2933 1629 2980 versa,
1650 2921 1748 2967 ὅτε.

1524 3001 1547 3028 ⁰
1589 2986 1832 3054 Vicinum]
1869 2991 1946 3040 De
1985 2967 2364 3054 provinciarum
2398 2976 2526 3036 vici-

1461 3070 1629 3119 nitate
1653 3066 1988 3118 verosimilius
2011 3071 2094 3114 est
2128 3063 2387 3128 intelligi.
2422 3077 2526 3112 non

1461 3148 1600 3198 enim
1621 3147 1773 3210 longe
1794 3143 1858 3193 ab
1876 3142 2182 3193 Asia-distat
2200 3139 2531 3203 Macedonia,

1461 3215 1693 3289 'quamtus
1717 3222 1803 3272 alii
1840 3221 1906 3271 de
1928 3219 2144 3270 Urbana
2164 3218 2353 3268 vicinia
2376 3218 2529 3267 intel·

1465 3303 1651 3365 ligant,
1726 3306 1785 3349 ut
1843 3299 1929 3364 qui
1966 3297 2132 3348 -oedes
2198 3297 2528 3360 conjunctas,

1464 3385 1555 3427 aut
1593 3391 1771 3441 parum
1809 3381 2033 3427 semotas
2073 3376 2123 3424 in
2165 3374 2292 3424 urbe
2329 3374 2531 3424 liabita-

1465 3461 1605 3503 rent.

1529 3529 1553 3562 ‘¹
1589 3520 1936 3591 candidatum]
1969 3527 2096 3578 Vult
2116 3526 2415 3577 Fenestella
2437 3524 2532 3574 lib.

1464 3619 1529 3656 11.
1568 3620 1684 3670 cap.
1710 3609 1761 3656 7.
1797 3603 2102 3653 candidatos
2135 3594 2203 3652 ab
2237 3601 2383 3651 initio
2421 3600 2533 3650 dici

1465 3684 1648 3734 solitos
1690 3688 1890 3731 tantum
1927 3694 2037 3737 eos,
2082 3678 2169 3744 qni
2193 3677 2531 3728 ·consuiatum

1467 3761 1759 3821 ambirent;
1793 3759 1881 3808 alii
1907 3772 2033 3808 vero
2070 3756 2139 3806 de
2178 3755 2289 3805 aliis
2329 3770 2534 3821 qnoque

1464 3838 1747 3888 honoribus
1770 3848 1975 3899 semper
1998 3833 2192 3884 dictum
2212 3831 2535 3883 existimant.

1466 3916 1611 3966 Nota
1634 3921 1715 3963 est
1738 3913 1871 3962 ratio
1900 3909 2139 3969 nominis,
2170 3908 2306 3972 quod
2346 3923 2536 3973 nempe

1469 3989 1705 4040 candidis
1742 3987 2050 4054 quibusdam
2094 3986 2329 4036 vestibus
2370 3987 2536 4036 induti

1442 4069 1660 4119 forent.
1725 4064 1879 4120 Quod
1902 4065 2207 4114 vocabulum
2232 4063 2296 4114 ad
2323 4065 2536 4114 aliarum

1473 4162 1680 4215 quoque
1722 4160 1890 4195 rernm
1936 4145 2192 4208 petitores
2231 4144 2536 4192 translatum

1472 4233 1573 4276 est.
1640 4223 1789 4275 Obiit
1809 4222 1895 4272 ille
1918 4222 2171 4272 Octavius
2197 4220 2364 4281 Nolae,
2389 4226 2446 4268 ut
2468 4232 2533 4265 ex

1474 4319 1592 4368 cap.
1617 4307 1730 4353 loo.
1758 4300 1894 4352 infra
1915 4299 2148 4365 colligas,
2182 4302 2238 4347 et
2260 4310 2326 4345 ex
2348 4296 2535 4346 Tacito

1474 4397 1512 4434 ι.
1541 4380 1725 4434 Annal.
1748 4383 1967 4432 constat.
