3019 4922
497 418 632 484 376

497 598 749 662 peram,
781 596 861 641 ac
906 577 1176 642 sinister
1204 597 1327 660 pro
1368 575 1641 640 dextero
1687 575 2154 656 induceretur‚⁹
2188 584 2256 644 ut
2294 579 2513 644 dirum
2544 599 2561 644 t
2608 581 2689 657 si,

499 686 669 744 terra
698 681 948 745 marive
978 680 1386 761 ingrediente
1418 699 1494 743 se
1524 678 1955 762 longinquam
1986 681 2494 763 prosectionem,
2525 682 2693 748 forte

501 789 877 860 rorasset‚¹0
905 787 976 845 ut
1010 783 1265 860 laetum,
1295 783 1665 864 maturique
1713 788 1783 845 et
1832 785 2135 866 prosperi
2185 785 2461 849 reditus.
2555 786 2693 850 Sed

499 893 567 950 et
592 889 611 917 ¹
647 887 984 951 ostentism
1034 886 1379 969 praecipue
1426 887 1840 950 movebatur.
1931 886 2213 951 Enatam
2239 895 2264 923 ²
2296 889 2463 953 inter
2492 881 2695 972 junc-

500 996 683 1051 turas
715 987 1019 1071 lapidum
1069 995 1221 1052 ante
1253 987 1526 1052 domum
1573 1008 1762 1053 suam
1813 990 2101 1073 palmam
2134 990 2201 1053 in
2231 991 2694 1075 compluvium

503 1090 802 1155 Deorum
849 1089 1254 1155 Penatium⁰
1299 1092 1675 1172 transtulit3
1720 1097 1926 1175 utque
1976 1094 2406 1174 coalesceret,
2457 1114 2694 1179 magno

1347 434 1408 480 G.
1455 431 1547 479 SU
1563 431 1817 479 ΒΤΟΝΙΙ

1415 1307 1771 1329 ΟΟΟΟΟΟΟΟΟΟΟ

500 1462 551 1503 et
576 1455 708 1504 Edd.
733 1468 812 1517 pr.
841 1470 942 1519 proe
962 1458 1130 1505 dextro
1155 1456 1375 1506 malebat
1409 1457 1587 1508 Barth.
1609 1456 1674 1506 ad
1699 1458 1833 1507 Stat·
1854 1457 2017 1507 Theb.
2046 1457 2079 1506 Ι.
2105 1471 2194 1511 ιιι.
2218 1461 2434 1507 261.-9
2468 1458 2696 1507 Induere-

501 1524 581 1568 tur
607 1520 761 1569 Vind.
800 1525 844 1570 l.
908 1521 1036 1570 Tum
1073 1522 1284 1584 marique
1317 1522 1474 1572 Fouc.
1512 1528 1565 1571 et
1607 1520 1707 1586 pro⁴
1737 1538 1788 1572 se
1826 1522 1917 1572 dat
1954 1538 2036 1572 seu
2068 1522 2426 1572 Vind.'l.-lo
2461 1523 2692 1572 Rotasset

500 1584 683 1648 Camp.
708 1586 904 1633 volasset
929 1585 1071 1636 Cort.
1120 1587 1251 1634 Dein
1274 1587 1453 1636 maturi
1484 1588 1786 1650 prosperique
1808 1589 1951 1638 Cort.
1975 1588 2111 1639 Edd.
2136 1589 2377 1637 Rom.—l
2417 1589 2541 1637 Non
2563 1589 2697 1650 legi-

501 1656 585 1698 tur
606 1654 652 1698 et
676 1651 728 1697 in
751 1649 917 1699 Codd.
955 1650 1076 1700 trib.
1099 1652 1245 1700 Torr.
1270 1652 1426 1701 Vind.
1447 1656 1496 1701 2.
1521 1652 1665 1703 Cort.
1692 1651 1824 1701 Edd.
1851 1654 1998 1702 Rom.
2035 1668 2095 1703 ac
2121 1662 2303 1702 contra
2336 1654 2568 1702 Suetonii
2588 1661 2697 1716 sty-

499 1713 604 1762 lum
632 1713 839 1777 judicat
873 1715 1109 1766 Oud.—-2
1149 1717 1222 1765 Ea
1256 1723 1417 1767 natam
1448 1718 1664 1768 Menum.
1719 1718 1845 1768 Mox
1871 1719 2027 1783 vulgo
2066 1734 2359 1782 magnopere,
2393 1726 2449 1768 ut
2483 1719 2695 1783 passim.

1493 1901 1705 1952 NOTAE

502 2034 724 2093 tusest,
768 2027 820 2076 id
861 2028 957 2078 sibi
998 2030 1307 2093 contigerat,
1350 2029 1415 2080 de
1455 2046 1557 2095 quo
1639 2036 1719 2082 17.
1760 2032 1977 2082 maxime
2024 2032 2075 2081 in
2130 2030 2269 2094 foco,
2314 2037 2371 2081 ut
2416 2045 2481 2081 ex
2519 2030 2698 2083 Valer.

500 2108 711 2171 egregie
748 2108 945 2157 Plinius
983 2109 1072 2158 lib.
1107 2123 1166 2158 ιι.
1201 2125 1250 2159 c.
1273 2115 1323 2160 7.
1353 2111 1369 2137 ‘
1394 2110 1557 2160 Divus
1636 2110 1782 2159 Max.
1818 2108 1908 2158 lib.
1937 2122 1994 2158 ιι.
2018 2123 2066 2159 c.
2089 2113 2136 2161 1.
2161 2116 2214 2158 et
2241 2106 2416 2157 multis
2442 2108 2554 2157 aliis
2577 2122 2698 2157 con·

499 2183 765 2247 'Augustus
808 2185 994 2234 laevum
1040 2184 1268 2249 prodidit
1313 2186 1407 2235 sibi
1453 2188 1556 2235 cal-

502 2275 649 2309 ceum
691 2269 1014 2323 praepostere
1052 2259 1307 2322 indutum,
1337 2276 1438 2325 quo
1471 2263 1557 2312 die

495 2335 757 2386 seditione
795 2337 1006 2386 militari
1033 2352 1194 2401 prope
1217 2337 1439 2388 afflictus
1461 2346 1558 2390 est.

502 2414 633 2466 Quae
670 2414 873 2478 singula
900 2415 1234 2479 improvidam
1272 2415 1557 2467 mortalita-

499 2498 604 2539 tem
625 2491 909 2555 involvunt,
920 2493 1081 2541 solum
1099 2500 1159 2543 ut
1177 2494 1313 2543 inter
1329 2493 1431 2544 ista
1445 2510 1559 2544 cer-

502 2576 608 2620 tum
647 2569 733 2631 sit,
753 2569 877 2619 nibil
911 2585 1023 2620 esse
1045 2571 1178 2622 certi
1201 2579 1292 2622 aut
1326 2572 1560 2622 miserius

501 2647 777 2712 quicquam
799 2648 1022 2713 homine,
1044 2655 1132 2698 aut
1156 2648 1462 2712 superbius.'

564 2731 599 2756 ¹¹¹
626 2724 864 2787 Ostendis]
897 2724 1177 2775 Ostentum
1213 2725 1393 2775 dixere
1417 2726 1561 2790 quic-

501 2801 623 2866 quid
640 2808 824 2851 contra
843 2809 1077 2853 naturam
1095 2801 1288 2853 factum
1309 2804 1562 2868 genitum·

497 2875 562 2927 've
584 2886 738 2935 esset,
762 2878 827 2928 ab
846 2879 1338 2942 ostendendo,‹sicut
1351 2887 1560 2945 porten-

499 2959 611 3003 tum
643 2970 674 3003 a
703 2955 1101 3018 portendendo:
1156 2956 1312 3007 adisis
1350 2960 1559 3009 Festum

496 3029 553 3077 'in
574 3029 650 3079 his
675 3030 900 3081 vocibus.

566 3112 590 3137 ¹²
627 3106 949 3168 Compluvium
963 3108 1173 3156 Deorum
1192 3108 1470 3173 Penatium]
1493 3110 1560 3160 ld

498 3182 573 3231 ita
595 3181 902 3231 Torrentius
924 3182 1171 3245 explicat,
1193 3193 1251 3235 ut
1273 3186 1364 3235 Dii
1389 3188 1560 3236 Pena-

500 3268 583 3309 tes
622 3256 706 3307 hic
745 3257 1101 3323 intelligantur
1144 3258 1304 3311 fuisse
1347 3262 1561 3326 Jupiter

498 3336 590 3385 ille
608 3335 863 3397 Herceus,
880 3334 947 3384 ab
970 3334 1119 3408 ἕρκος,
1140 3337 1239 3387 hoc
1257 3344 1356 3402 est,
1378 3346 1561 3403 septum

499 3427 588 3462 seu
617 3413 817 3473 vallum,
847 3411 1039 3476 dictus,
1072 3414 1208 3479 quod
1244 3415 1411 3465 ‘intra
1438 3431 1560 3467 con·

497 3496 700 3555 septum
754 3488 936 3540 domus
980 3490 1230 3556 cujusque
1281 3493 1559 3556 coleretur,

499 3582 652 3632 quem
669 3566 824 3617 etiam
839 3567 1009 3617 Deum
1028 3569 1363 3618 Penetralem
1382 3571 1557 3634 appel·

497 3643 709 3707 labant,’
743 3643 909 3709 inquit
931 3646 1117 3694 Festus
1136 3646 1187 3693 in
1223 3660 1348 3696 voce
1392 3648 1560 3697 ‘Her-

498 3720 659 3772 ceus.'
692 3721 863 3785 Hujus
881 3721 983 3772 Dei
998 3723 1232 3773 meminit
1255 3733 1307 3773 et
1327 3724 1563 3776 Halicar-

496 3811 708 3848 nasseus
747 3799 835 3848 lib.
876 3812 914 3849 ι.
950 3799 1030 3849 cui
1069 3806 1126 3849 et
1155 3809 1460 3851 consecrata
1481 3800 1561 3852 fo-

499 3884 617 3925 rent
641 3874 906 3925 domorum
932 3875 1198 3939 impluvia,
1223 3877 1272 3925 in
1300 3878 1480 3943 quibus
1501 3886 1559 3929 et

499 3965 638 4000 aram
672 3951 932 4014 habuisse,
955 3952 1020 4001 ad
1044 3967 1196 4017 quam
1220 3953 1420 4004 occisus
1442 3952 1556 4003 fue-

500 4026 571 4075 rit
592 4026 849 4090 Priamus,
886 4023 1141 4091 co'lligunt
1176 4043 1239 4079 ex
1265 4030 1353 4079 illo
1377 4030 1554 4080 Ovidii

496 4106 672 4156 versu.
705 4101 721 4129 ‘
741 4103 836 4151 Cui
869 4099 993 4152 n'ihil
1018 4104 1213 4155 Hercei
1235 4104 1431 4169 profuit
1464 4122 1556 4155 ara

498 4176 684 4229 Jovisss
751 4178 942 4226 Verum
967 4179 1195 4231 Penates
1220 4183 1371 4231 variis
1406 4184 1458 4232 in
1481 4184 1554 4233 lo-

500 4255 575 4303 cis
592 4252 779 4302 aedium
798 4254 1127 4306 colebantur:
1155 4259 1205 4307 in
1223 4259 1482 4325 cubiculo,
1499 4268 1556 4311 ut

500 4345 657 4395 supra
690 4344 736 4381 c.
776 4334 823 4380 7.
856 4340 912 4381 et
934 4330 1070 4381 infra
1097 4334 1148 4383 in
1181 4337 1482 4388 Domitiano
1504 4353 1552 4390 c.

1637 2192 1774 2234 stare
1818 2191 2020 2250 potest:
2064 2185 2116 2234 in
2163 2184 2338 2249 aliqua
2378 2185 2537 2234 etiam
2580 2184 2699 2234 atrii

1641 2270 1806 2326 parte,
1828 2270 1889 2313 ut
1923 2277 1989 2312 ex
2015 2261 2244 2312 vitruvii
2282 2262 2370 2310 lib.
2404 2275 2479 2310 vr.
2503 2275 2617 2324 cap.
2647 2263 2700 2309 4.

1639 2340 1971 2390 Casaubonus
2007 2336 2288 2395 existimat,
2314 2353 2362 2388 v.
2399 2352 2448 2400 g.
2473 2336 2526 2387 in
2559 2352 2700 2387 com-

1640 2417 1833 2481 pluvio,
1855 2425 1909 2468 et
1925 2416 2147 2482 denique
2167 2416 2216 2465 in
2240 2416 2445 2480 porticu
2468 2415 2698 2479 complu·

1641 2494 1725 2544 vio
1763 2493 2021 2560 adjuncta,
2058 2508 2123 2543 ex
2160 2493 2448 2543 Petronio:
2484 2494 2499 2521 ‘
2525 2493 2700 2542 notavi

1641 2563 1800 2622 etiam
1841 2572 1892 2620 in
1937 2571 2139 2635 porticu
2184 2583 2392 2634 gregem
2434 2584 2698 2620 cursorum

1641 2664 1758 2699 cum
1782 2649 2029 2713 magistro
2053 2663 2107 2697 se
2130 2655 2485 2697 exercentem.
2552 2646 2698 2695 Prae-

1642 2735 1786 2777 terea
1808 2726 2005 2792 grande
2030 2726 2300 2776 armarium
2323 2727 2374 2775 in
2399 2726 2590 2790 angulo
2626 2726 2698 2775 vi·

1640 2803 1714 2861 di,
1754 2804 1804 2852 in
1846 2803 1996 2867 cnjus
2035 2803 2251 2853 aedicula
2287 2811 2435 2852 erant
2464 2802 2596 2851 lares
2619 2816 2700 2851 ar-

1640 2881 1815 2945 gentei
1857 2879 2046 2944 positi.’
2111 2879 2266 2930 Unde
2309 2879 2555 2942 colligere
2601 2886 2701 2937 est,

1640 2959 1986 3022 compluvium
2041 2957 2165 3008 illud
2210 2957 2503 3013 Penatium,
2558 2957 2600 3006 si
2646 2957 2698 3005 in

1641 3035 1865 3102 Augusti
1889 3037 2082 3101 palatio
2105 3033 2283 3092 suerit,
2314 3035 2434 3084 nibil
2459 3034 2597 3085 aliud
2622 3032 2699 3082 fu·

1640 3114 1739 3162 isse
1780 3128 1928 3177 quam
1974 3114 2140 3163 locum
2179 3113 2318 3162 illum
2357 3111 2452 3161 sub
2487 3111 2591 3174 dio,
2613 3110 2698 3175 qui

1640 3189 1777 3238 intra
1806 3191 2037 3252 porticus
2074 3189 2276 3238 illorum
2309 3194 2462 3246 esset,
2495 3204 2526 3237 a
2560 3203 2698 3238 com·

1642 3263 1870 3328 pluendo
1893 3265 2263 3326 dictum,sicut
2298 3271 2353 3313 et
2385 3263 2436 3312 in
2478 3263 2698 3327 privatis

1642 3341 1894 3396 domibus,
1930 3341 1980 3389 in
2005 3341 2188 3405 quibus
2222 3340 2238 3369 ‘
2259 3339 2298 3388 si
2323 3339 2560 3388 relictum
2586 3348 2701 3389 erat

1642 3417 1692 3467 in
1715 3416 1911 3484 medio,
1934 3426 1988 3467 nt
2013 3417 2178 3466 lucem
2202 3423 2435 3478 caperet,
2459 3417 2698 3466 deorsum

1640 3511 1741 3562 quo
1783 3494 2088 3559 impluebat,
2127 3495 2426 3559 impluvium
2465 3494 2698 3556 dictum;

1640 3581 1696 3623 et
1748 3588 1947 3622 sursum
1993 3586 2096 3636 qua
2151 3571 2499 3635 compluebat,
2556 3586 2699 3622 com-

1644 3649 1907 3715 pluvium‚'
1955 3655 2014 3698 ut
2052 3649 2129 3698 ait
2166 3649 2334 3697 Varro
2370 3648 2460 3697 lib.
2501 3663 2584 3698 ιν.
2630 3649 2698 3698 de

1641 3726 1820 3790 lingua
1876 3725 2083 3788 Latina,
2121 3740 2151 3774 a
2195 3739 2297 3789 quo
2334 3724 2562 3773 nonnihil
2602 3722 2700 3774 dis·

1643 3803 1748 3854 sert
1803 3804 1990 3853 Festus
2046 3803 2099 3851 in
2144 3815 2273 3851 voce
2331 3800 2700 3865 ‘impluvium’

1625 3881 1797 3931 -Certe
1845 3878 2280 3929 verosimillimum
2328 3885 2428 3940 est,
2474 3876 2698 3927 delatam

1637 3958 1808 4021 potius
1846 3955 2006 4006 fuisse
2041 3956 2262 4018 palmam
2300 3954 2452 4010 hanc,
2492 3954 2561 4003 de
2599 3969 2701 4018 qua

1635 4035 1716 4084 hic
1767 4033 1953 4097 agitur,
2008 4032 2059 4081 in
2115 4029 2463 4094 compluvium
2520 4029 2696 4093 templi

1634 4110 1930 4169 Penatium,
1956 4114 2013 4157 ut
2033 4107 2105 4157 ibi
2130 4107 2425 4167 coleretnr3
2457 4105 2622 4168 (unde
2644 4113 2700 4155 et

1635 4194 1872 4239 constare
1895 4191 2071 4248 potest
2094 4181 2446 4246 compluvium
2474 4183 2526 4231 in
2550 4196 2696 4246 aper-

1637 4272 1690 4314 to
1712 4262 1887 4321 finisse,
1917 4267 1975 4309 ut
2006 4257 2173 4308 refert
2194 4259 2360 4307 Varro
2377 4257 2423 4322 ς)
2453 4260 2696 4322 templum

1634 4338 1768 4390 enim
1802 4335 1929 4388 illud
1966 4333 2102 4386 baud
2129 4333 2363 4398 procula
2384 4331 2498 4384 foro
2520 4332 2693 4398 fnisse,
