3019 4922
468 364 599 432 416
1370 377 1433 423 c.
1481 374 1567 424 su
1585 374 1841 422 monn

474 524 885 611 Capitolium
943 527 1303 606 prosecuta
1352 526 1474 597 cst,
1529 538 1613 584 ne
1664 528 1892 585 vetare
1935 527 2055 585 aut
2106 522 2510 590 intercedere
2559 526 2662 590 fas

471 631 786 712 cuiquam
814 626 1260 692 Tribunorum
1303 631 1567 688 essets·
1615 624 1733 702 [3.]
1777 623 1883 687 Ex
1925 623 2312 709 liac'stirpe
2357 628 2664 693 Tiberius

475 731 706 797 Caesar
755 749 956 814 genus
1000 728 1220 806 trahit,
1268 734 1337 791 et
1379 728 1654 811 quidem
1676 736 1728 765 ¹0
1769 724 2179 812 utrumquez‘
2213 736 2586 812 paternum,
2625 722 2666 795 a

475 832 746 919 Tiberio
789 830 1100 910 Nerone3
1144 838 1535 908 maternum,
1582 829 1669 894 ab
1699 828 2255 914 AppioPulcro:
2301 833 2417 915 qui
2465 833 2666 897 ambo

474 935 690 1020 Appii
715 934 900 999 Caeci
931 933 1054 997 filii
1082 932 1383 997 fuerunt.¹
1498 931 1797 996 Insertus
1843 937 1947 996 est
1991 939 2059 995 et
2101 932 2444 997 Liviorum
2471 934 2669 998 fami·-

475 1038 611 1115 liae,
662 1037 992 1120 adoptato
1037 1036 1104 1098 in
1151 1054 1297 1098 eam
1346 1039 1642 1098 materno
1693 1053 1863 1098 avo.
1932 1033 2106 1112 Quae
2145 1033 2425 1112 familia,
2456 1055 2667 1118 quan-

475 1136 677 1223 quam
706 1141 1001 1224 plebeia,
1030 1145 1250 1203 tamen
1276 1143 1345 1202 et
1388 1138 1543 1220 ipsa
1578 1135 1938 1202 admodum
1967 1133 2208 1215 floruit,
2237 1145 2390 1203 octo
2423 1157 2673 1204 consu-

477 1243 744 1320 latibus,
776 1241 1072 1306 censuris
1104 1240 1388 1315 duabuS,
1434 1240 1783 1323 triumphis
1833 1241 2068 1323 tribuS,
2099 1228 2428 1306 dictatura
2467 1243 2669 1308 etiam

480 1338 588 1410 ac.
607 1345 983 1428 magisterio
1007 1343 1303 1426 equitum
1334 1343 1700 1423 honorata3
1745 1343 1926 1407 clara
1956 1349 2021 1409 et
2050 1343 2415 1427 insignibus
2433 1343 2464 1372 ²
2486 1345 2671 1421 viriS,

480 1466 561 1511 ac
610 1447 902 1511 maxime
962 1445 1359 1523 Salinatore,
1414 1446 1817 1528 Drusisque.
1905 1442 2289 1511 Salinatork
2322 1438 2679 1512 universas.

478 1532 693 1614 tribus
739 1549 807 1612 in
852 1557 1172 1613 censurat
1205 1549 1462 1613 notavit
1490 1548 1789 1614 levitatis
1817 1546 2126 1629 nomine)
2165 1538 2368 1632 'quod,
2401 1569 2554 1614 cum
2597 1562 2681 1613 se'

477 1656 652 1735 post'
684 1651 967 1735 priorem
1019 1644 1445 1716 consulatum
1496 1653 1708 1717 multa
1756 1653 2049 1735 irrogata
2101 1654 2679 1722 condemnassent,=

485 1753 900 1819 Consulemlm
962 1755 1194 1819 iterum
1215 1753 1721 1840 ‘censoremque
1769 1755 2102 1820 fecissent.
2193 1757 2481 1832 Drusus,
2517 1755 2677 1818 hos-

483 1859 649 1921 tium
708 1856 879 1921 duce
935 1857 1246 1921 Drauso³
1274 1866 1302 1893 ¹²
1360 1860 1664 1923 cominus
1693 1858 2050 1936 trucidato,
2093 1858 2222 1922 sibi
2252 1858 2675 1942 posterisque

486 1959 631 2024 suis
685 1980 1057 2042 cognomen
1119 1962 1393 2028 invenit.
1499 1962 1816 2027 Traditur
1865 1962 2070 2026 etiam
2128 1960 2546 2043 Propraetore
2589 1978 2678 2023 ex

1402 2188 1757 2211 OOOOOOOOOOOO

488 2335 630 2401 oud.
653 2334 946 2386 Waltz—10
987 2338 1215 2401 Equidem
1255 2354 1347 2402 pro
1383 2346 1430 2390 et
1467 2356 1546 2403 qu.
1585 2341 1736 2393 Huls.
1773 2343 1929 2393 Vind.
1953 2349 2000 2393 2.
2063 2345 2189 2392 Tum
2223 2359 2254 2392 a
2289 2343 2473 2393 Timore
2496 2341 2685 2390 Nerone

484 2401 701 2451 Memm.
735 2404 987 2466 quomodo
1012 2405 1248 2467 praebent
1272 2407 1406 2454 Dun.
1429 2405 1625 2454 Medic.
1647 2410 1696 2456 3.
1732 2408 1829 2456 nisi
1859 2409 1997 2474 quod
2032 2409 2217 2460 Tiberio
2248 2423 2342 2472 pro
2366 2423 2413 2456 v.
2438 2407 2474 2456 l.
2497 2407 2567 2455 sit
2603 2422 2684 2456 su·

486 2482 654 2531 prasc.
686 2467 732 2517 A
757 2468 934 2518 niinore
957 2469 1080 2519 Ner.
1118 2470 1315 2519 Medic.
1351 2476 1396 2520 1.
1433 2470 1592 2520 vind.
1617 2476 1663 2523 l.
1692 2471 1845 2525 Huls.
1881 2476 1897 2503 ‘
1917 2475 2167 2523 Vitiosam
2187 2474 2492 2537 scripturam
2516 2480 2682 2521 ortam

486 2539 634 2594 puto,
668 2534 791 2595 quia
813 2535 991 2596 script.
1014 2533 1184 2583 fuerat
1210 2536 1457 2598 Tinerone,
1491 2536 1568 2585 uti
1608 2537 1659 2585 in
1686 2539 1797 2589 rell.
1815 2539 1981 2588 Codd.
2005 2554 2098 2602 pro
2125 2537 2200 2588 Ti.
2222 2536 2441 2588 Nerone?
2477 2537 2685 2587 oud.—

488 2601 514 2644 l
555 2597 753 2646 Fuerint
774 2597 970 2647 Medic.
993 2602 1041 2647 1.
1063 2604 1112 2647 3.
1178 2599 1312 2648 'l'um
1336 2600 1428 2649 dat
1450 2601 1663 2650 Memm.
1691 2604 1968 2653 inter-sertus
1988 2610 2060 2653 est
2080 2609 2126 2653 et
2151 2603 2434 2657 Loeviorum.
2468 2615 2571 2650 non
2596 2602 2686 2660 Lee

485 2661 718 2724 nidorum,
749 2670 806 2711 ut
826 2677 857 2711 a
876 2663 1040 2712 Gron.
1065 2678 1125 2712 ac
1148 2664 1328 2713 Burm.
1356 2666 1628 2727 prolatum.
1694 2667 1755 2715 In
1780 2668 1975 2717 Medic.
2000 2669 2116 2718 trib.
2141 2668 2252 2718 Pal.
2274 2672 2322 2716 1.
2342 2672 2392 2715 2.
2415 2663 2686 2715 Leviomm.

488 2726 751 2775 Posteain
773 2742 828 2784 ea
849 2728 999 2776 Huls.
1040 2735 1095 2777 et
1133 2742 1227 2790 pro
1254 2730 1430 2792 floruit
1453 2730 1608 2778 Vind.
1630 2734 1678 2778 2.
1700 2732 1829 2795 Cop.
1851 2735 2138 2781 elamite-2
2178 2732 2390 2792 Insignis
2421 2731 2620 2780 Medic.
2639 2735 2686 2779 2.

487 2791 649 2839 Fouc.
676 2791 793 2855 Cuj.
817 2801 871 2841 et
893 2793 945 2840 in
962 2808 1150 2841 censum
1172 2794 1316 2843 Cort.
1341 2795 1475 2843 Edd.
1500 2796 1683 2857 Camp.
1707 2798 1837 2846 Ven.
1859 2799 2008 2847 Med.
2031 2798 2176 2847 Cald.
2231 2797 2393 2845 Paulo
2417 2805 2542 2843 ante
2566 2797 2686 2843 rnal-

487 2854 566 2904 let
600 2855 753 2904 Torr.
792 2858 1175 2918 rescribendum
1204 2859 1567 2923 Drusoque—3
1603 2860 1762 2926 Druso
1795 2863 1964 2911 Periz.
2007 2862 2141 2911 Edd.
2171 2863 2320 2913 Rom.
2358 2875 2463 2911 sec.
2503 2860 2686 2923 Steph.

1481 3036 1701 3087 NOTAE

492 3136 702 3203 quidem
771 3139 885 3187 illas
948 3141 1280 3205 magistratus
1336 3142 1550 3191 reveriti

492 3222 632 3274 sunt,
653 3220 708 3264 et
730 3229 795 3264 ex
834 3216 1146 3279 supradictis
1179 3217 1229 3266 in
1264 3218 1404 3272 Julio
1427 3233 1473 3268 c.
1500 3224 1549 3268 1.

491 3299 549 3341 et
572 3291 805 3355 Augusto
827 3308 873 3342 c.
894 3296 976 3343 44.
1014 3301 1069 3343 et
1103 3292 1237 3343 infra
1262 3295 1315 3343 in
1331 3295 1550 3350 ,Vitellio

492 3383 543 3418 c.
566 3373 642 3417 16.
669 3377 725 3419 et
745 3383 810 3418 ex
836 3370 1085 3420 Cicerone
1106 3370 1158 3419 in
1178 3371 1433 3421 Oratione
1457 3386 1550 3437 pro

491 3444 743 3495 Fonteio:
784 3444 1109 3509 ‘Superbum
1152 3448 1220 3495 sit
1255 3447 1369 3509 ejus
1404 3447 1551 3498 obse·

492 3521 779 3570 orationem
803 3521 1097 3585 repudiare,
1121 3522 1271 3585 cujus
1310 3537 1485 3585 preces
1509 3525 1551 3572 si

494 3596 587 3644 Dii
612 3598 873 3659 aspernati
907 3596 1119 3659 fuerint,
1138 3598 1251 3647 haec
1274 3600 1417 3647 salva
1435 3614 1552 3648 esse

493 3684 597 3719 non
611 3671 861 3737 possunt?
893 3674 979 3721 De
997 3673 1195 3722 Vestali
1222 3689 1396 3724 sorore
1419 3675 1552 3724 Fon·

494 3748 587 3796 teii
610 3749 868 3813 loquitur:
904 3749 1014 3811 ejus
1039 3750 1172 3798 enim
1197 3750 1248 3798 in
1271 3765 1425 3800 causa
1447 3750 1553 3802 fra·

494 3822 587 3872 tris
610 3824 985 3874 intercessione
1010 3823 1183 3874 fuerat
1201 3840 1338 3877 usus.

501 3909 508 3912 ⁴
560 3910 583 3955 Ἰ-
622 3900 686 3949 A·
708 3901 779 3952 U.
804 3901 863 3950 C.
897 3904 1016 3949 611.

555 3973 586 4038 ⁷¹
620 3976 892 4039 Salinator]
926 3977 1221 4041 Cognomen
1268 3980 1365 4028 hoc
1405 3979 1555 4030 sorti-

496 4057 584 4099 tus
608 4059 689 4099 est
710 4053 792 4101 hic
830 4054 1003 4101 Livius
1027 4069 1092 4102 ex
1118 4055 1299 4104 salaria
1329 4056 1555 4113 'annona,

500 4126 584 4173 eui
613 4125 852 4190 vectigal,
872 4142 989 4177 cum
1013 4131 1209 4180 Censor
1233 4139 1385 4188 esset,
1410 4133 1552 4183 adin·

500 4202 660 4258 venit.
1056 4205 1062 4212 '
1117 4213 1123 4219 ’

1695 3141 1719 3193 ss
1756 3134 1819 3184 A.
1846 3136 1913 3188 U.
1940 3138 2000 3187 C.
2021 3141 2137 3186 550.

1695 3210 1707 3243 ¹
1729 3210 1968 3262 Levitatis
1981 3207 2186 3276 nomine]
2214 3210 2384 3261 Metia
2400 3209 2543 3259 tribu
2560 3209 2689 3278 dun<

1633 3294 1778 3337 taxat
1801 3296 2045 3352 excepta,
2069 3304 2184 3353 quae
2218 3301 2315 3336 nec
2347 3288 2689 3336 condemnan-

1631 3363 1753 3412 dum
1791 3364 2079 3429 judicarat,
2121 3378 2218 3413 nec
2257 3371 2530 3428 postquam
2571 3378 2691 3412 con·

1633 3439 1904 3489 demnatus
1925 3449 2024 3496 est,
2048 3441 2354 3503 eligendum.
2399 3441 2485 3489 De
2505 3435 2688 3506 quibus

1635 3516 1782 3578 plura
1803 3516 1950 3565 Titus
1975 3517 2147 3566 Livius
2178 3516 2267 3566 lib.
2292 3530 2370 3566 tx.
2401 3517 2586 3566 decad.
2610 3530 2692 3567 ιιι.

1633 3599 1687 3641 et
1709 3592 1946 3640 Valerius
1963 3592 2220 3658 Maximus
2242 3591 2331 3640 lib.
2352 3594 2426 3641 11.‘
2441 3607 2490 3641 c.
2509 3597 2594 3643 47.
2688 3639 2697 3648 ,

1637 3678 1644 3683 ·
1697 3673 1734 3699 ¹¹¹
1771 3666 2041 3729 Consulem]
2075 3668 2194 3716 Una
2213 3682 2328 3716 cum
2350 3667 2569 3717 Claudio
2586 3669 2691 3730 Neq

1636 3757 1778 3805 rone,
1798 3737 2261 3807 cujns'praesertim
2285 3758 2446 3806 opera
2470 3741 2690 3793 afflictus

1634 3818 1841 3869 fuerat:
1888 3833 2008 3867 suas
2044 3826 2215 3868 tamen
2254 3820 2549 3869 inimicitias
2576 3822 2690 3870 Rei·

1635 3895 1854 3960 publicae
1870 3893 2244 3944 condonarunt.
2267 3895 2506 3946 Valerius
2525 3896 2688 3945 Maxi-

1635 3986 1748 4022 mus
1770 3972 1858 4021 nb.
1884 3984 1965 4020 iv.
1987 3985 2032 4021 c.
2056 3976 2102 4020 1.
2125 3978 2180 4020 et
2202 3975 2252 4020 2.
2578 3963 2581 3966 ’
2683 4011 2689 4016 .

1636 4053 1643 4058 ”
1699 4055 1724 4081 ¹¹
1757 4046 1977 4109 Drauso]
1997 4046 2289 4095 Germanus
2307 4055 2397 4097 aut
2412 4047 2594 4112 Gallus
2609 4048 2686 4098 hic

1635 4127 1789 4189 vulgo
1837 4122 2072 4173 creditur
2088 4138 2104 4171 ε
2138 4128 2256 4171 uter
2299 4120 2478 4187 fuerit,
2506 4131 2685 4186 nemo,

1641 4203 1775 4269 quod
1801 4202 1978 4268 sciam,
1994 4200 2143 4249 dixit.
2221 4245 2226 4251 .
2603 4192 2613 4198 ⁷
