3019 4922
473 393 637 487 ‚aas

1365 418 1428 464 C.
1474 417 1839 468 SUE‘romt

594 557 815 641 Impia
847 559 1007 624 dum
1038 559 1276 626 Phoebi
1309 562 1544 630 Caesar
1572 567 1918 633 mendacia
1945 569 2131 648 ludit,

685 661 864 726 Dum
896 682 1070 727 nova
1106 661 1428 729 Divorum
1451 667 1476 705 ⁸
1509 680 1733 734 coenat
1763 671 2083 738 adulteria
2108 696 2124 754 ;
2145 682 2166 710 Γ

596 761 841 829 Omnia
870 785 944 830 se
974 787 1015 830 a
1043 769 1281 831 terris⁹
1314 776 1466 834 tunc
1498 775 1767 839 numina
1797 776 2249 855 declinarunt‚⁸

683 865 886 949 Fugit
912 874 976 933 et
1000 879 1269 936 auratos
1301 872 1571 957 Jupiter
1603 877 1753 960 ipse
1787 886 2053 944 toros.¹0
2080 880 2097 915 ²

1422 1067 1780 1088 OOO‘OOO‘O‘OO

505 1192 732 1241 conduxit
760 1207 918 1242 menso
944 1195 1156 1259 chor-agi.
1206 1199 1330 1249 Ern.
1362 1200 1664 1265 hypallagen
1687 1204 1770 1253 hie
1795 1203 2166 1253 admittendam
2206 1211 2375 1266 putat,
2399 1206 2492 1256 boc
2517 1208 2698 1258 modo:

504 1262 555 1305 ut
584 1257 792 1320 primum
823 1259 1020 1309 istorum
1059 1278 1264 1312 mensam
1298 1267 1523 1316 conduxit
1552 1269 1801 1330 choragiis.
1849 1270 2063 1332 Deinde
2097 1271 2319 1321 Casanb.
2343 1280 2398 1320 et
2422 1273 2602 1323 Burm.
2626 1274 2699 1322 fa·

502 1333 660 1372 vente
688 1322 827 1373 Oud.
845 1325 1099 1387 choragum
1121 1340 1334 1379 censent
1360 1346 1453 1393 per
1474 1330 1718 1395 συνίζησιν
1739 1350 1833 1397 pro
1858 1335 2129 1396 choragium
2149 1336 2472 1395 sumendum,
2498 1353 2600 1401 quo
2623 1338 2698 1392 fa-

503 1386 577 1437 cit
602 1388 719 1452 Cuj.
742 1390 897 1439 lectio
915 1392 1237 1456 chor-angium,
1260 1396 1333 1444 uti
1358 1398 1407 1444 in
1426 1398 1587 1447 Polit.
1607 1406 1661 1448 et
1679 1400 1872 1450 Medic.
1887 1405 1934 1450 2.
1955 1402 2255 1463 choras-gam.
2291 1403 2429 1452 Huic
2446 1404 2702 1467 interpre-

504 1460 598 1504 tat.
622 1452 767 1504 favet
791 1456 1006 1518 Baumg.
1043 1458 1141 1514 vel,
1164 1459 1297 1522 quod
1335 1461 1546 1513 Bremio
1581 1465 1736 1514 etiam
1771 1467 1960 1529 placet,
1980 1482 2184 1516 mensam
2211 1468 2413 1517 istorum
2438 1467 2697 1533 intelligat

502 1517 568 1566 de
593 1511 822 1568 convivis
846 1521 988 1582 ipsis.
1008 1522 1260 1585 choragum
1283 1533 1454 1576 autem
1479 1530 1647 1591 ipsum
1676 1528 1979 1590 Augustum.
2030 1530 2113 1582 Cf.
2141 1532 2336 1584 Comm.
2364 1533 2480 1583 Vox
2498 1535 2698 1585 istorum

501 1592 795 1644 suspectum
820 1591 902 1635 est
938 1585 1076 1636 Oud.
1114 1603 1174 1638 ac
1212 1590 1387 1642 Burm.
1422 1608 1523 1642 non
1559 1595 1869 1656 displicebat
1908 1596 2061 1646 lectio
2096 1597 2226 1661 Cop.
2262 1605 2319 1648 et
2357 1599 2699 1664 an.justum,

502 1649 837 1698 corroborata
859 1650 922 1699 ab
947 1666 1044 1700 uno
1070 1652 1230 1703 Polit.
1260 1656 1454 1705 Medio.
1477 1664 1525 1707 2.
1549 1660 1703 1710 vind.
1729 1666 1775 1710 l.
1805 1662 1944 1711 Dun.
1971 1670 2025 1711 et
2047 1662 2163 1712 Pin.
2188 1678 2220 1712 a
2238 1678 2306 1713 m.
2329 1669 2504 1726 pre-'7
2540 1666 2697 1716 Malia

502 1713 735 1764 Har-lem.
759 1716 963 1766 Manllia
986 1717 1083 1766 Ed.
1107 1720 1336 1771 Bon.-8
1371 1724 1608 1775 Divarum
1639 1726 1847 1789 ascript.
1870 1744 1899 1775 a
1922 1742 2057 1777 man.
2081 1728 2222 1777 doct.
2247 1730 2300 1779 in
2327 1729 2425 1781 Ed.
2451 1730 2695 1779 Flam.—

501 1783 534 1827 9
568 1777 649 1829 Ad
671 1784 821 1829 terras
843 1783 890 1832 in
913 1797 1073 1839 marg.
1098 1785 1254 1834 Vind.
1277 1792 1325 1836 2.
1348 1789 1479 1837 Tum
1514 1792 1863 1840 declinaverunt
1888 1794 2136 1842 Pina—10
2171 1794 2253 1843 Ita
2275 1794 2439 1844 edidit
2474 1796 2693 1859 Baumg.

499 1844 793 1894 aiictoribus
826 1847 969 1897 Torr.
1004 1848 1179 1900 Graev.
1220 1852 1360 1902 Oud.
1400 1855 1605 1904 Ruhnk.
1640 1856 1793 1906 Wolf.
1831 1865 1886 1906 et
1917 1860 2190 1909 Vavassor.
2223 1860 2289 1908 de
2313 1861 2424 1909 Usu
2451 1859 2611 1909 verb.
2638 1877 2691 1925 p.

502 1912 613 1959 152.
634 1911 1031 1975 astipulantibus
1049 1914 1164 1966 Pal.
1186 1920 1229 1965 1.
1253 1919 1409 1969 Vind.
1431 1928 1669 1986 utroque,
1688 1936 1804 1972 cum
1820 1923 1948 1972 Mss.
1969 1923 2195 1973 Casaub.
2230 1925 2334 1974 Alii
2357 1940 2535 1976 omnes
2557 1927 2691 1975 thro-¹

1490 2092 1704 2146 NOTAE

497 2214 730 2264 versibus
747 2230 1038 2281 expressos,
1056 2221 1242 2283 ‘Juno‚
1260 2223 1442 2286 Vesta,
1455 2225 1560 2275 Mi·
1632 2227 1753 2278 irati
1781 2230 1868 2287 Dii
1891 2233 2120 2297 Deaeque
2145 2247 2399 2283 annonam
2433 2246 2526 2296 pro
2548 2246 2689 2282 more

427 2347 440 2360 Ι
497 2306 675 2354 nerva,
718 2295 896 2352 Ceres,
930 2299 1120 2363 Diana,
1159 2301 1355 2365 VenuS,
1393 2303 1558 2367 Mars,
1632 2318 1731 2353 non
1756 2308 2206 2371 suppeditassent:
2241 2310 2361 2359 hinc
2392 2309 2550 2359 etiam
2587 2316 2691 2359 tor·

496 2363 804 2430 Mercurius,
836 2374 1000 2439 Jovis,
1037 2378 1333 2443 Neptunus,
1370 2381 1558 2430 Vulca-
1630 2387 1795 2430 torem
1839 2397 1939 2432 non
1982 2386 2112 2433 male
2153 2385 2348 2435 dixeris
2390 2386 2690 2449 Apollinem

496 2465 614 2507 nus,
636 2450 866 2515 Apollo.’
1180 2516 1195 2523 -
1631 2459 1770 2509 illum
1794 2458 1997 2525 falsum,
2029 2456 2315 2527 Angustum
2356 2466 2577 2527 scilicet,
2602 2480 2690 2513 cn·

559 2536 586 2569 Ρ
621 2529 918 2596 choragum]
952 2533 1171 2597 Χορηγὸς
1217 2537 1416 2587 Graecis
1467 2536 1556 2588 ille
1623 2536 1712 2600 jus
1752 2551 1925 2602 causa,
1960 2541 2186 2604 copiosae
2222 2540 2399 2589 messis
2434 2541 2568 2603 loco,
2605 2540 2689 2589 cui

495 2614 595 2668 est,
620 2608 704 2672 qui
744 2617 941 2660 sumtus
978 2613 1178 2675 praebet
1216 2615 1267 2663 in
1304 2614 1448 2664 ludos
1475 2630 1555 2665 sa-

494 2697 627 2740 cros»,
652 2685 895 2750 chorique
927 2695 982 2737 et
1016 2690 1237 2739 convivii
1263 2691 1404 2756 quasi
1430 2692 1555 2742 duc·

495 2758 578 2807 'tor
623 2768 680 2809 et
724 2764 972 2826 magister
1017 2775 1108 2816 est.
1188 2769 1383 2819 Latinis
1430 2786 1554 2820 vero

494 2838 760 2899 Choragus
803 2848 887 2891 est
921 2842 1005 2892 vel
1041 2844 1338 2908 proefectns,
1375 2848 1455 2897 vel
1481 2849 1554 2897 lo·

492 2925 642 2963 cator
656 2917 1062 2969 histrionicorum
1082 2923 1557 2990 instrumentorum,

492 3004 584 3040 seu
609 3004 1042 3059 ornamentorum,
1078 3002 1337 3065 totiusque
1363 3003 1552 3052 Chora·

490 3068 580 3131 gii,
617 3071 718 3118 boc
764 3079 844 3121 est
899 3075 1099 3123 Scenici
1146 3086 1448 3140 apparatus,
1498 3086 1554 3129 et

491 3147 883 3208 suppellectilis.
947 3151 1135 3200 Sensus
1158 3153 1312 3216 igitur
1348 3163 1448 3218 est,
1470 3156 1549 3207 fu-

488 3225 624 3287 gisse
648 3228 810 3285 Deos,
844 3228 929 3277 ubi
955 3230 1172 3295 primum
1213 3236 1382 3295 parari
1408 3236 1550 3285 vide-

489 3309 610 3350 runt
633 3305 1016 3366 suppellectilia
1039 3307 1172 3358 illius
1193 3325 1354 3360 ooenae
1378 3312 1550 3363 histri·

488 3380 671 3437 onicoe,
696 3381 778 3445 cuj
788 3397 840 3429 us
855 3385 1084 3441 convivae
1102 3387 1378 3441 exhibituri
1397 3398 1551 3441 erant

490 3455 743 3506 adulteria
767 3454 1032 3525 Deorum.¹

551 3540 575 3575 ‘1
593 3535 789 3599 Mallia]
810 3537 911 3586 Vel
937 3554 1037 3589 una
1059 3547 1141 3589 est
1166 3556 1195 3591 e
1215 3557 1305 3592 sex
1325 3543 1422 3593 illis
1439 3560 1546 3594 mu-

484 3609 716 3669 lieribus,
753 3629 866 3678 quae
906 3617 1131 3667 Dearum
1170 3619 1348 3670 habitu
1383 3638 1547 3674 coenae

486 3686 789 3752 intererant,
832 3694 936 3753 vel,
968 3710 1080 3758 quae
1116 3697 1360 3748 Sabellici
1402 3690 1550 3749 mens

1632 2617 1946 2666 maturandae
1989 2634 2140 2668 verus
2162 2618 2351 2684 Apollo
2390 2628 2602 2684 praeest,
2625 2634 2690 2669 ea

1630 2695 1879 2745 sterilitas
1925 2695 2063 2746 facta
2107 2696 2296 2759 fuerat,
2340 2692 2441 2764 qua
2482 2704 2689 2760 torque-

1631 2773 1836 2835 bantur,
1868 2774 1921 2823 in
1966 2775 2214 2826 ultionem
2258 2775 2418 2829 divini
2457 2782 2687 2841 contem·

1630 2860 1731 2900 tus.
2525 2890 2532 2896 .

1690 2929 1707 2960 ⁸
1731 2930 1875 2978 Toros
1894 2928 2131 2993 [thronos]
2163 2930 2282 2979 Hoc
2304 2935 2405 2992 est,
2424 2929 2682 2993 pretiosas

1625 3004 1738 3053 illas
1762 3007 1936 3067 sellas,
1959 3023 2083 3072 quas
2101 3007 2322 3056 habebat
2343 3008 2395 3055 in
2419 3008 2685 3072 capitolio.

1627 3083 1759 3134 Quae
1796 3084 1951 3135 lectio
1988 3084 2210 3147 plurium
2246 3084 2480 3134 codicum
2506 3094 2686 3134 aucto·

1628 3159 1783 3207 ritate
1817 3160 2117 3210 confirmata
2156 3168 2269 3222 est;
2315 3177 2608 3226 quanquam
2637 3164 2686 3212 in

1625 3237 1881 3285 nonnullis
1906 3244 2049 3286 extet
2071 3243 2213 3293 toros,
2237 3247 2289 3286 et
2316 3238 2529 3302 praefert
2556 3240 2683 3287 Tor-

1625 3313 1841 3374 rentius,
1865 3315 1931 3363 de
1953 3314 2098 3365 Jovis
2134 3315 2458 3365 lectisternio
2496 3315 2686 3365 intelli-

1622 3404 1771 3452 genS,
1806 3389 1939 3454 quod
1972 3391 2021 3438 in
2061 3391 2322 3452 Capitolio
2356 3399 2575 3440 stratum
2608 3408 2685 3441 es-

1595 3462 1733 3529 'set5
1779 3468 1952 3530 rejicit
1987 3467 2333 3527 Casaubonus,
2370 3469 2507 3532 qnod
2545 3469 2684 3517 nulla

1624 3553 1749 3593 tunc
1778 3545 2022 3607 temporis
2058 3545 2384 3595 lectisternia
2418 3544 2578 3595 fuisse
2611 3547 2683 3594 le-

1620 3629 1807 3682 gantur
1824 3636 1840 3680 ;
1857 3635 2028 3669 verum
2048 3623 2221 3684 quidni
2241 3625 2325 3672 De
2341 3624 2549 3673 deornm
2569 3626 2678 3688 pul·

1621 3697 1881 3746 vinaribus
1926 3698 2235 3762 intelligat?
2291 3700 2357 3749 de
2400 3701 2585 3765 quibus
2627 3702 2676 3748 in

486 3771 580 3824 est,
602 3766 786 3814 mulier
808 3768 1047 3831 quaedam
1073 3786 1186 3836 quae
1212 3774 1310 3823 ista
1341 3776 1545 3833 viderit,
1617 3775 1725 3827 Jul.
1748 3789 1794 3824 c.
1820 3779 1901 3827 76.
1927 3784 1981 3824 et
2003 3791 2156 3839 supra
2177 3793 2222 3828 c.
2245 3782 2325 3827 46.
2400 3778 2552 3829 Quod
2593 3794 2677 3827 au-

487 3848 542 3888 et
565 3841 842 3894 detexerit.

547 3923 567 3948 ¹*
600 3920 768 3968 Coennt
803 3922 1064 3987 adulteria]
1113 3926 1230 3977 Quo
1267 3943 1421 3989 sensu
1459 3929 1541 3979 Ci-

483 4007 603 4041 cero
627 3995 675 4043 in
694 3998 906 4062 Topicis
931 4001 1081 4064 dixit,
1106 4003 1121 4028 ‘
1138 4003 1201 4050 ad
1226 4005 1316 4052 has
1336 4006 1541 4055 discen-

482 4069 534 4117 di
577 4073 757 4134 epulas
791 4076 1002 4141 recepi,’
1039 4085 1093 4128 et
1126 4079 1193 4128 D.
1227 4080 1449 4146 August.
1488 4083 1538 4131 in

480 4146 624 4198 libris
649 4146 887 4200 Confess‘.
913 4155 1273 4218 ‘iniquitatem
1299 4158 1540 4221 epulari!

546 4233 564 4257 ⁸
601 4226 729 4276 Tunc
781 4230 972 4278 numina
1020 4234 1338 4298 declinarunt]
1391 4239 1539 4288 Unde

480 4302 654 4354 forsan
679 4304 870 4355 factam
895 4306 1070 4357 dixere
1097 4313 1382 4378 penuriam,
1400 4315 1536 4380 quod

1621 3859 1724 3900 tem
1763 3850 2037 3900 ‘thronos'
2083 3854 2323 3902 Latinum
2361 3861 2519 3917 neget
2550 3856 2673 3904 Tor-

1618 3929 1837 3989 rentius,
1860 3942 1961 3977 non
1986 3929 2058 3978 ita
2081 3929 2280 3979 firmum
2300 3931 2536 3993 videtur;
2560 3948 2672 3983 nam

1622 4005 1675 4054 in
1701 4004 1983 4068 Pervigilio
2005 4007 2240 4069 Veneris,
2271 4008 2404 4075 quod
2441 4024 2665 4074 carmen,

1622 4082 1847 4145 cujusvis
1878 4085 1966 4145 sit,
2001 4085 2264 4149 antiquum
2301 4101 2479 4135 omnes
2512 4085 2670 4135 faten-

1622 4168 1725 4215 tur,
1767 4158 1930 4222 legas,
1964 4162 2126 4210 ‘Cras
2173 4163 2341 4213 Dione
2376 4164 2501 4230 jura
2539 4164 2674 4212 dicet

1619 4235 1753 4288 fulta
1776 4237 1976 4287 sublimi
2004 4238 2225 4299 throno?
