3019 4922
1175 403 1549 453 menalus.
2353 387 2483 453 465

300 553 425 618 etsi
454 553 706 619 varium
736 552 876 629 diu,
907 550 1415 615 commodiorem
1447 553 1668 613 tamen
1700 548 1975 633 saepius,
2005 555 2076 615 et
2104 548 2190 613 ad
2227 550 2479 615 utilita-
2513 569 2516 570 ⁷

299 664 405 719 tes
438 656 788 739 publicas4
818 655 1213 738 proniorem.
1291 653 1396 717 Ac
1428 653 1642 735 primo
1672 658 1945 716 eatenus
1978 653 2481 733 interveniebat,

297 780 383 823 ne
415 759 573 842 quid
603 778 943 843 perperam
975 756 1174 821 fieret.
1249 757 1488 840 Itaque
1519 764 1590 819 et
1617 755 2128 820 constitutiones
2157 757 2480 839 quasdam

300 861 590 926 Senatus
617 858 933 938 rescidit,⁵
973 864 1040 923 et
1067 858 1556 940 magistratibus
1589 876 1708 941 pro
1736 857 2049 921 tribunali
2080 878 2482 940 cognoscen-

303 963 479 1028 tibus
528 962 915 1046 plerumque
966 980 1038 1025 se
1091 959 1410 1025 offerebat
1461 954 1956 1038 consiliarium‚¹
2009 959 2482 1046 assidebatque

294 1060 596 1150 juirtim,6
625 1064 728 1128 vel
757 1084 845 1128 ex
877 1064 1160 1128 adverso
1189 1063 1256 1126 in
1286 1066 1471 1145 parte
1500 1061 1773 1145 primori
1796 1081 1814 1125 z
1837 1068 1879 1096 ¹¹¹
1907 1066 1975 1127 et
2003 1061 2062 1125 si
2085 1070 2306 1145 quem⁷
2336 1068 2487 1127 reo-

303 1174 445 1231 rum
490 1166 668 1230 elabi
712 1166 945 1247 gratia,
993 1184 1209 1228 rumor
1247 1169 1440 1240 esset,
1488 1164 1748 1228 subitus
1789 1164 2041 1240 aderat,
2078 1161 2483 1248 judicesque

303 1276 423 1336 aut
450 1288 489 1332 e
518 1268 777 1351 plano,¹¹
816 1273 933 1332 aut
977 1287 1015 1331 e
1049 1265 1471 1350 quaesitoris⁰
1514 1266 1848 1345 tribunali,
1875 1266 2099 1350 legum
2126 1273 2192 1331 et
2220 1268 2485 1351 religio-

305 1370 461 1448 nis‚¹'
491 1375 563 1433 et
582 1387 801 1446 noxae,
825 1367 907 1432 de
929 1387 1057 1452 qua
1081 1375 1580 1451 cognoscerent,
1597 1368 2017 1436 admonebat:
2049 1376 2245 1454 atque
2267 1370 2488 1452 etiam,

304 1472 364 1535 si
394 1489 532 1553 qua
561 1470 628 1534 in
658 1469 950 1555 publicis
979 1470 1270 1534 moribus
1291 1468 1315 1506 ⁸
1361 1468 1625 1536 desidia
1664 1474 1779 1535 aut
1805 1471 2491 1544 malaconsuetudine

307 1572 633 1651 labarent,
681 1572 1066 1655 corrigenda
1111 1571 1430 1656 suscepit.
1518 1570 1685 1656 [34]
1751 1572 2090 1639 Ludorum
2134 1594 2215 1639 ac
2259 1574 2506 1640 mune-⁴⁸

1218 1753 1577 1774 OOOOOOOOOOOO

308 1870 468 1920 vind.
502 1872 650 1919 1.—4
689 1868 932 1919 Utilitatis
967 1868 1127 1934 copias
1159 1868 1298 1924 Dnn.
1330 1870 1446 1934 an.
1495 1871 1627 1920 Dein
1662 1872 1889 1923 invenieb.
1926 1873 2085 1922 Fouc.
2122 1872 2207 1938 qui
2240 1887 2358 1921 mox
2396 1870 2495 1933 <ius

306 1940 552 1984 comte-5
589 1934 783 1983 Recidit
803 1934 1014 1983 Memm.
1055 1934 1271 1984 rescribit
1293 1936 1432 1984 Dun.
1461 1950 1563 1984 sen.
1583 1939 1749 1999 quaed.
1782 1937 1973 1987 Medic.
1996 1943 2043 1987 2.
2065 1941 2210 1987 3.-6
2243 1938 2327 1986 Sic
2350 1936 2501 1985 resti·

311 2001 413 2048 tuit
439 1999 579 2049 Oud.
597 2008 658 2047 ac
682 2000 883 2061 recepit
900 1996 1057 2048 Wolf.
1080 1999 1180 2048 fide
1203 1999 1353 2048 codd.
1379 2001 1553 2050 Pulm.
1574 2003 1719 2052 Torr.
1745 2001 1960 2051 Casaub.
1989 2002 2141 2051 trium
2165 2001 2359 2051 Medic.
2384 2001 2500 2062 Cuj.

310 2066 461 2114 Voss.
484 2078 645 2125 marg.
664 2063 880 2113 Mediol.
899 2063 1034 2113 Edd.
1054 2063 1188 2114 Bon.
1223 2065 1386 2126 Lngd.
1401 2063 1683 2116 Junt.Ald.
1707 2066 1890 2127 Steph.
1914 2081 2029 2115 cum
2047 2069 2098 2116 in
2116 2066 2229 2115 aliis
2252 2068 2397 2115 Vett.
2430 2067 2499 2114 sit

309 2129 501 2178 mixtim
520 2128 599 2176 vel
622 2128 818 2178 niistim.
889 2128 950 2176 ln
975 2128 1104 2191 Cop.
1135 2134 1189 2177 et
1213 2136 1386 2193 utroq.
1406 2130 1563 2178 vind.
1584 2129 1752 2193 juxta,
1789 2131 1886 2182 Ed.
1912 2131 2043 2180 Ven.
2068 2135 2112 2181 1.
2147 2132 2350 2180 vixtum.
2400 2131 2498 2179 Ce-

312 2199 479 2243 terum
499 2207 561 2241 ex
577 2194 820 2241 adeersum
840 2192 1054 2242 Memm.
1081 2193 1193 2256 an.
1216 2193 1367 2243 Voss.
1400 2193 1499 2243 duo
1536 2195 1682 2245 Torr.
1715 2197 1856 2245 Dnn.
1909 2195 1972 2245 In
1992 2197 2090 2245 alio
2107 2197 2252 2244 Torr.
2275 2196 2501 2244 exadver-

309 2259 402 2306 sim
425 2271 526 2306 nna
547 2257 890 2306 dictinum—7
928 2257 989 2307 Si
1027 2258 1138 2320 quid
1161 2259 1310 2307 Voss.
1357 2259 1488 2307 Dein
1526 2259 1741 2309 subditus
1769 2261 1962 2310 Medic.
1994 2265 2043 2310 2.
2098 2261 2225 2309 Mox
2259 2259 2503 2322 quaestoris

312 2322 469 2372 Vind.
500 2326 547 2371 1.
589 2321 725 2371 Edd.
754 2322 887 2370 Ven.
918 2324 968 2370 2.
1004 2322 1150 2373 Med.
1190 2321 1337 2373 Cald.
1370 2324 1537 2388 Lugd.
1572 2324 1816 2375 suun—8
1845 2324 2026 2375 Morib.
2049 2326 2227 2376 exulat
2250 2340 2279 2377 a
2301 2323 2503 2377 Ferrar.

1297 2473 1508 2523 NOTAE

315 2580 631 2631 viterbiensi
676 2579 854 2631 codice
896 2581 1025 2645 legit
1067 2582 1269 2632 exemit.-
1318 2583 1371 2633 in
1448 2584 1735 2646 Hadriano,
1764 2587 1862 2634 ὅτε.

314 2655 510 2704 Pithoei
548 2655 813 2706 codicibus
848 2658 1051 2727 exeruit,
1086 2657 1219 2722 quod
1243 2659 1371 2707 Tur·
1513 2669 1548 2694 ¹¹¹
1582 2661 1643 2709 In
1674 2666 1810 2723 parte
1837 2657 2061 2724 primori]
2092 2657 2304 2708 Tacitus
2335 2671 2375 2707 1.
2398 2655 2503 2707 An·
2551 2684 2554 2685 ν

318 2732 452 2781 nebo
489 2733 663 2795 placet
697 2733 788 2781 lib.
811 2747 929 2783 xtv.
956 2734 1233 2785 Adversar.
1255 2749 1371 2797 cap.
1448 2735 1552 2785 nal.
1599 2743 1796 2798 partem
1834 2737 1967 2784 banc
1990 2737 2268 2799 primorem
2306 2735 2504 2783 ‘cornu

317 2810 403 2857 17.
447 2812 501 2857 e't
546 2804 916 2873 significantius
952 2817 1050 2872 cst,
1089 2810 1373 2873 principem
1453 2810 1756 2861 tribunalis’
1790 2812 2036 2874 appellat.
2103 2811 2408 2860 Torrentius
2442 2810 2506 2858 il-

320 2898 555 2941 exerere,
598 2886 696 2935 boc
743 2892 830 2934 est-
870 2900 1024 2950 agere
1071 2887 1378 2949 principem,
1449 2887 1553 2936 lam
1593 2888 1967 2955 honoratiorem
2018 2903 2127 2936 esse
2163 2887 2308 2951 dicit,
2347 2886 2504 2951 quod,

320 2961 405 3009 vel
429 2975 523 3023 pro
546 2961 780 3024 principe
806 2975 860 3009 se
889 2975 1085 3023 gerere,
1109 2960 1245 3024 quod
1271 2969 1375 3010 tum
1434 2963 1552 3011 nisi
1598 2970 1836 3026 respectu
1868 2963 2127 3027 judicum,
2171 2977 2345 3012 verum
2388 2976 2503 3011 esse

319 3031 529 3097 Latine,
573 3040 680 3085 tum
726 3036 910 3085 Graece
974 3037 1234 3097 eleganter
1277 3034 1377 3084 dici
1455 3053 1555 3087 non
1592 3046 1780 3101 potest,
1818 3040 1959 3089 salva
1994 3039 2163 3089 Taciti
2208 3038 2510 3097 sententia3

318 3111 496 3162 multis
534 3110 801 3176 utriusque
842 3111 1031 3174 linguae
1071 3109 1378 3160 testimoniis

324 3188 518 3253 probat
541 3188 889 3238 Casaubonus.

387 3262 401 3296 ¹
437 3263 796 3328 consiliarium]
869 3264 1132 3312 Praetot'es
1194 3263 1381 3327 aliique

324 3341 675 3404 magistratus,
705 3340 887 3405 quibus
928 3338 1226 3387 dirimendae
1267 3338 1384 3387 lites

298 3421 498 3474 erant,
528 3416 844 3467 consiliarios
884 3414 979 3481 sibi
1014 3414 1262 3478 quosdam
1304 3428 1385 3463 as-

326 3486 620 3556 sumebant,
635 3506 844 3558 qnorum
864 3492 1122 3540 sententia
1137 3491 1382 3553 juvaren-

327 3564 419 3619 tur*
436 3569 489 3617 in
513 3569 814 3632 judicando,
841 3575 899 3617 nt
929 3568 992 3615 de
1017 3567 1251 3630 Augusto
1273 3565 1384 3629 ipso

327 3659 488 3708 supra
510 3645 560 3692 in
583 3644 818 3707 Augusto
835 3643 1010 3705 capite
1030 3647 1109 3691 35.
1131 3656 1195 3690 ex
1215 3642 1386 3691 Dione

290 3765 301 3781 ,
324 3725 565 3770 notatum
611 3725 712 3783 est,
761 3725 816 3768 et
873 3719 1059 3768 Cicero
1107 3717 1173 3766 de
1221 3717 1389 3781 seipso

330 3800 562 3846 testatur
584 3795 716 3843 libro
741 3793 806 3842 de
827 3793 1074 3843 Amicitia
1095 3810 1108 3840 e
1139 3791 1389 3842 ‘Aderam

333 3873 556 3927 Laenati,
580 3879 634 3920 et
656 3870 852 3921 Rutilio
878 3871 1020 3919 Coss.
1054 3869 1105 3917 in
1136 3867 1388 3918 consilio!

335 3952 406 4001 Et
427 3950 494 4000 de
517 3949 668 3999 claris
692 3949 845 3998 Orat.
877 3949 894 3976 ⁴
919 3947 1190 4003 Consules,
1213 3960 1269 3994 re
1305 3960 1391 3994 au-

336 4027 469 4088 dita,
503 4025 720 4088 amplius
769 4024 835 4074 de
885 4022 1089 4072 consilii
1134 4022 1393 4071 sententia

335 4089 710 4166 pronuntiant?
774 4100 845 4149 Et
881 4099 1056 4149 multis
1091 4099 1206 4148 aliis
1248 4097 1393 4147 locis.

336 4174 481 4224 Hinc
512 4174 614 4222 illae
641 4180 778 4224 notae
805 4176 875 4224 D.
899 4174 956 4224 S.
979 4175 1040 4224 C.
1063 4173 1160 4224 boc
1184 4180 1286 4233 est,
1311 4174 1394 4223 De

337 4250 613 4302 Sententia
627 4250 857 4301 Consilii.
922 4249 1316 4314 Et'Spartianus
1340 4248 1393 4297 in

472 4329 651 4396 Delph.
666 4334 715 4382 et
734 4331 850 4383 Var.
876 4330 1006 4382 clm.

1334 4327 1526 4380 Sueton.
1625 4310 1629 4323 ’

1457 3114 1576 3164 ideo
1616 3115 1753 3165 enim
1779 3114 1975 3165 factum
2007 3123 2200 3178 narrat,
2233 3117 2249 3143 ‘
2276 3129 2337 3165 ne
2361 3114 2509 3164 Prae-

1459 3200 1623 3241 torem
1650 3191 1825 3240 Cnruli
1849 3190 2169 3255 depelleret.’

1523 3273 1546 3298 ¹¹
1581 3266 1627 3314 Ε
1652 3267 1815 3329 plano]
1849 3268 2189 3329 Magistratus
2212 3266 2401 3315 dicitur
2424 3265 2514 3313 ali·
2562 3304 2570 3317 .

1460 3341 1583 3405 quid
1610 3347 1841 3390 statuere
1882 3342 1947 3389 de
1981 3343 2153 3404 plano,
2180 3355 2294 3402 cum
2326 3354 2425 3388 non
2461 3339 2521 3387 in-

1460 3417 1668 3465 excelso
1694 3425 2087 3482 praeparatoque
2111 3417 2246 3476 loco,
2266 3415 2416 3478 quale
2435 3420 2514 3463 est

1462 3491 1708 3552 tribunal,
1732 3491 1899 3551 sedin
1924 3491 2141 3540 transitu
2174 3491 2254 3539 vel
2286 3490 2515 3538 ubicum-

1462 3580 1562 3630 que
1586 3580 1641 3613 se
1666 3566 1751 3614 dat
1777 3565 1999 3625 occasio,
2034 3565 2147 3614 sine
2179 3562 2402 3627 strepitu
2429 3564 2514 3626 ju·

1463 3640 1815 3704 diciorumque
1839 3640 2153 3690 solennibus.

1529 3720 1553 3749 ⁰
1584 3716 1887 3780 Quoesitoris]
1912 3717 2008 3765 llle
2032 3724 2113 3766 est
2134 3716 2220 3781 qni
2244 3714 2516 3781 quaestioni

1465 3802 1711 3861 praeerat,
1732 3794 1797 3843 de
1819 3795 1995 3860 quain
2018 3792 2159 3843 Julio
2182 3807 2295 3855 cap.
2320 3795 2401 3841 12.

1530 3879 1557 3914 Ρ
1591 3869 1880 3932 Religionis]
1915 3870 2172 3921 Jurabant
2204 3869 2339 3917 enim
2373 3866 2391 3894 ‘
2410 3881 2517 3916 om-

1465 3949 1671 4010 nimodo
1695 3963 1749 3996 se
1767 3962 1884 3997 cum
1907 3946 2148 4005 veritate,
2166 3950 2219 3993 et
2237 3944 2404 4007 legum
2427 3943 2517 3993 ob·

1467 4024 1775 4085 servatione,
1802 4021 2054 4086 judicium
2078 4035 2208 4069 -esse
2243 4019 2520 4083 dispositu-

1467 4096 1588 4149 ros.’
1656 4096 1799 4162 Lege
1839 4098 1933 4148 ult.
1972 4094 2156 4147 codice
2184 4096 2249 4145 de
2279 4091 2520 4158 Judiciis,
2553 4090 2554 4093 ’

1467 4174 1569 4223 &c.
1923 4178 1926 4179 ’

2276 4325 2393 4377 26
