3019 4922
491 403 626 470 360
1348 422 1408 469 c,
1453 420 1808 469 snsroun

493 568 600 632 les,
624 565 919 649 undique
951 565 1406 648 conquirebat,
1434 566 1771 649 praecipue
1802 566 2084 632 Mauros
2112 575 2182 632 et
2201 570 2453 654 SyroS.³
2489 568 2670 636 Nam

496 669 841 750 pumiIOS,‘¹
886 675 1091 750 atque
1130 667 1486 744 distortos,r
1516 674 1579 730 et
1608 676 1885 733 omnes4
1911 672 2169 751 generis
2224 672 2551 755 ejusdem,
2602 682 2676 737 ut

497 770 783 834 ludibria
800 776 1052 833 naturas
1074 769 1367 851 malique
1386 771 1648 848 ominiS,
1674 772 2110 839 abhorrebat.⁸
2154 776 2314 856 [84]
2341 775 2679 858 Eloquen-

499 872 660 935 tiam
687 870 1040 953 studiaque
1071 870 1371 934 liberalia
1401 871 1486 933 ab
1518 879 1722 936 aetate
1754 875 1964 955 prima
1995 884 2063 941 et
2086 885 2108 924 ⁵
2142 877 2381 960 cupide
2399 883 2466 941 et
2495 877 2678 941 labo-

499 974 862 1037 riosissime
887 974 1209 1037 exercuit.
1297 971 1663 1037 Mutinensi
1691 977 1906 1055 bello,t
1934 979 1999 1042 in
2031 986 2217 1044 tauta
2238 980 2412 1043 mole
2444 999 2677 1056 rerum,

500 1082 566 1142 et
594 1077 855 1159 legisse,
887 1083 955 1140 et
989 1073 1399 1159 scripsisse,⁶
1430 1081 1497 1139 et
1540 1076 1953 1146 declamasse
1976 1090 2004 1116 ¹¹
2036 1084 2333 1166 quotidie
2378 1082 2677 1146 traditur.

1410 1275 1440 1294 ρ

1713 1278 1773 1298 Oe

499 1409 696 1474 Grypb.
721 1408 897 1458 Dolet.
920 1408 1084 1458 Colin.
1108 1404 1198 1457 sed
1222 1409 1357 1459 unde
1379 1410 1623 1467 babeant,
1647 1411 1986 1461 nescitum—3
2021 1411 2189 1475 Syrios
2211 1413 2339 1475 Cop.
2369 1411 2508 1461 Dein
2528 1412 2683 1474 pumi-

498 1477 586 1524 lios
614 1475 842 1523 Harlem.
861 1474 1315 1527 Periz..Medic.01.
1340 1479 1387 1525 3.
1412 1475 1569 1525 Vind.
1593 1482 1642 1525 2.
1679 1475 1822 1525 Cort.
1843 1483 1897 1526 et
1931 1479 2103 1526 multis
2141 1493 2255 1526 cum
2294 1477 2422 1527 Edd.
2446 1478 2580 1526 Ven.
2618 1485 2685 1525 tr.

498 1540 534 1590 J
541 1547 650 1587 unt.
674 1538 792 1587 Ald.
812 1540 942 1587 Bon.
965 1538 1161 1602 Grypln.
1186 1541 1356 1589 Plant.
1380 1540 1607 1604 aliisque.
1642 1541 1874 1590 Pumillos
1898 1543 2027 1591 Bon.
2051 1544 2243 1603 pomilos
2259 1543 2387 1605 Cop.
2412 1542 2564 1590 Huls.
2583 1541 2685 1590 Ed.

498 1604 680 1666 Stepb.
735 1604 930 1664 pumiles
952 1604 1086 1652 Edd.
1114 1604 1262 1654 Rom.
1297 1605 1575 1667 pumiliones
1596 1606 1754 1653 Vind.
1780 1611 1922 1655 1.—4
1959 1608 2128 1656 Omnis
2149 1609 2359 1656 Memm.
2383 1605 2581 1655 Medic.
2617 1614 2686 1655 tr.

500 1669 669 1716 Pet-iz.
696 1668 925 1717 Hau-lem.
961 1676 1014 1717 et
1051 1667 1185 1731 Edd.
1209 1671 1355 1720 Vett.
1409 1669 1760 1718 Emendat-unt
1799 1671 1949 1719 Torr.
1984 1680 2038 1722 et
2059 1673 2275 1721 Casaub.
2322 1673 2453 1720 Item
2492 1671 2684 1721 obhorr-

500 1732 598 1781 Ed.
616 1732 884 1794 Camp.—5
921 1734 1086 1781 Deest
1106 1740 1154 1783 et
1182 1734 1413 1782 Harlem.
1437 1735 1605 1782 Pet-iz.
1630 1733 1776 1783 Cort.
1799 1743 1853 1784 et
1876 1735 2009 1784 Edd.
2035 1746 2157 1785 ante
2179 1738 2329 1785 Τοιϊ.
2352 1735 2687 1797 laboratiss.in

502 1797 662 1845 vind.
685 1800 730 1846 1.
774 1797 983 1849 labor-iss.
1004 1799 1253 1848 Vasa-6
1287 1799 1600 1863 Descripsisse
1640 1799 1870 1850 Han-lem.
1894 1802 2062 1851 Pei-iz.
2094 1802 2229 1851 Edd.
2261 1802 2501 1850 Venetae.
2558 1802 2688 1849 Mox

1477 1962 1693 2013 NOTAE

502 2074 704 2124 benitas
725 2073 778 2122 iu
801 2073 1032 2123 dominos
1068 2075 1441 2124 contumeliosa
1464 2075 1555 2126 de·
1636 2083 1761 2125 mat.
1791 2076 1806 2104 ‘
1830 2076 2026 2126 Gratus
2049 2085 2130 2124 est
2159 2074 2247 2124 ille
2270 2073 2564 2135 debilitate,
2604 2074 2691 2123 ille

502 2152 699 2200 lectet:
755 2165 967 2214 quorum
1002 2151 1212 2199 audacia
1247 2151 1317 2199 ita
1349 2152 1554 2200 demum

504 2227 602 2276 sibi
628 2227 680 2275 in
717 2227 960 2275 convivas
988 2227 1078 2290 jus
1106 2226 1252 2290 facit,
1277 2228 1319 2276 si
1341 2229 1501 2290 coepit
1524 2244 1556 2278 a

505 2303 712 2352 domino
734 2301 767 2350 :'
785 2309 838 2351 et
860 2304 1012 2365 paulo
1035 2301 1191 2359 iufra,
1208 2304 1226 2330 ‘
1242 2319 1425 2367 pueros
1445 2305 1556 2368 qui·

503 2379 711 2429 demin
750 2380 844 2430 boc
882 2386 1175 2429 mercantur
1208 2395 1472 2444 procaces,
1503 2388 1560 2431 et

504 2473 679 2507 eorum
718 2457 1088 2520 impudentiam
1125 2468 1332 2517 acuunt,
1370 2468 1425 2509 et
1459 2458 1556 2509 sub

502 2535 750 2597 magistro
771 2533 963 2584 habent
987 2534 1075 2597 qui
1099 2533 1287 2597 probra
1320 2535 1556 2584 nuditate

504 2608 804 2672 effundant‚’
847 2614 945 2660 διο.
1033 2611 1339 2674 Hujusmodi
1386 2612 1559 2675 pueris

505 2689 743 2750 mulieres
764 2689 1047 2750 praesertim
1064 2689 1485 2748 delectabantur,
1503 2696 1560 2738 et

503 2764 731 2813 vestibus
755 2764 918 2813 nudos
949 2780 1072 2824 auro
1107 2766 1288 2829 nmlto,
1325 2766 1561 2829 gemmis-

505 2855 604 2903 que
644 2841 982 2902 exornabant,
1018 2849 1077 2890 ut
1117 2849 1291 2891 narrat
1326 2842 1430 2891 Dio
1468 2842 1558 2891 lib.

506 2930 665 2965 ινιιι.
688 2917 753 2966 de
778 2916 999 2980 Augusti
1037 2933 1152 2965 cum
1188 2919 1336 2967 Livia
1369 2918 1562 2980 nuptiis

505 2996 739 3057 loquens.
805 2996 872 3043 Et
897 2994 1197 3045 Ammianus
1219 2997 1307 3045 lib.
1330 3010 1427 3045 xv.
1446 3012 1559 3057 gra-

508 3070 659 3132 phice
677 3069 927 3118 describit
946 3071 994 3118 in
1013 3071 1279 3118 mulierum
1296 3072 1561 3122 comitatu.

572 3152 597 3185 ‘1
629 3144 867 3207 Pumilos]
903 3144 1009 3193 Alii
1044 3143 1155 3193 fere
1190 3147 1463 3208 pumiliones
1484 3148 1561 3195 di-

510 3226 636 3268 cunt
658 3234 785 3283 quos
813 3229 869 3268 et
890 3234 1066 3278 nanos,
1088 3223 1318 3283 quamvis
1340 3225 1564 3285 appella-

512 3299 652 3362 tione
675 3298 862 3347 Graeca
885 3297 1072 3347 Latine
1094 3297 1195 3347 dici
1224 3299 1409 3360 probat
1434 3301 1563 3351 Gel-

507 3375 607 3423 lius
644 3374 731 3422 lib.
764 3387 886 3422 xix.
919 3388 967 3423 c.
1004 3378 1081 3423 13.
1147 3374 1563 3439 Hujusmodibo-

509 3450 734 3500 munculi
764 3452 814 3498 in
839 3450 1074 3515 divitum,
1095 3450 1350 3501 famulitio
1373 3453 1563 3516 plut-ea,

511 3541 637 3592 quos
683 3540 783 3576 nou
830 3536 1025 3575 naturoe
1085 3534 1282 3577 tantum
1340 3529 1564 3580 ludibrio

509 3603 642 3651 tales
663 3601 822 3652 fuisse
845 3610 1066 3666 constat,
1089 3604 1178 3652 sed
1198 3610 1250 3654 et
1273 3614 1410 3654 arte:
1445 3621 1562 3654 cum

510 3680 648 3728 euim
672 3679 998 3743 pretiosiores
1034 3687 1224 3741 essent,
1247 3681 1362 3730 illos
1402 3696 1564 3745 quau-

509 3759 678 3819 doque
716 3770 997 3819 mangones
1037 3758 1246 3806 alebant
1291 3773 1409 3807 arca
1442 3773 1563 3807 cou-

511 3834 699 3888 clusos,
721 3832 996 3896 fasciisque
1023 3833 1296 3883 revinctos.

574 3917 594 3944 ¹·
628 3907 898 3970 Distortos]
938 3908 1344 3970 Elegantissimae
1386 3908 1565 3959 formae

510 3985 811 4047 paedagogia
834 3994 890 4034 et
912 3979 1196 4033 ministeria
1227 3986 1416 4036 habere
1440 4002 1566 4051 gau·-

513 4063 703 4109 debant
743 4062 809 4110 ab
845 4062 1012 4125 initio,
1050 4064 1141 4111 sed
1178 4078 1322 4113 versa
1355 4065 1406 4113 in
1445 4081 1566 4114 cou-

512 4137 725 4186 trarium
770 4139 986 4199 luxuria,
1044 4139 1323 4202 prodigiosi
1377 4142 1450 4191 illi
1512 4151 1568 4192 et

514 4228 835 4278 quocumque
861 4214 984 4261 vitio
1009 4217 1319 4277 spectabiles
1345 4218 1395 4266 ln
1438 4218 1569 4267 deli-

512 4289 606 4338 ciis
631 4303 746 4338 esse
768 4296 1055 4351 coeperunt.
1090 4290 1309 4346 Quintil.
1327 4294 1379 4342 iu
1399 4294 1570 4344 decla-

1634 2149 1936 2201 infelicitate
1977 2151 2189 2201 distorti
2226 2151 2456 2214 corporis
2499 2151 2692 2215 placet,

1635 2227 1767 2276 alter
1789 2228 1975 2276 emitur
2007 2228 2128 2291 quia
2161 2228 2310 2275 alieni
2346 2226 2539 2275 coloris
2579 2226 2692 2288 est,’

1633 2305 1730 2353 &c.
1797 2304 1868 2353 Et
1909 2302 2083 2353 Instit.
2119 2303 2210 2352 lib.
2243 2316 2306 2351 ιι.
2345 2317 2394 2354 c.
2438 2309 2487 2351 6.
2556 2302 2571 2330 ‘
2596 2302 2695 2352 Illa

1634 2395 1767 2443 quae,
1780 2387 2058 2444 utcumque
2070 2379 2272 2430 deflexa
2289 2386 2429 2441 sunt,
2448 2389 2692 2445 tanquam

1633 2456 1972 2520 exquisitiora
1986 2457 2349 2517 mirauu=r‚uon
2368 2457 2525 2506 aliter
2541 2472 2693 2523 quam

1634 2533 1870 2582 distortis
1894 2541 1949 2583 et
1990 2548 2308 2597 quocumque
2348 2534 2499 2582 modo
2524 2534 2696 2596 prodi-

1636 2611 1790 2671 giosis
1813 2608 2150 2672 corporibus?
2205 2610 2276 2659 Et
2301 2609 2502 2658 Seneca
2526 2608 2694 2672 Epist.

1634 2694 1681 2736 5.
1705 2687 1770 2736 de
1795 2687 2058 2751 Harpaste
2081 2686 2255 2736 uxoris
2286 2701 2390 2736 suae
2412 2686 2579 2747 fatua,
2600 2689 2696 2735 &c-

1698 2773 1716 2798 ·
1745 2764 2067 2828 Abhorrebat]
2121 2764 2244 2813 Fuit
2281 2770 2454 2813 tamen
2495 2763 2549 2811 iu
2585 2762 2695 2825 ejus

1642 2840 1793 2891 domo
1817 2842 2054 2903 Conopas
2080 2841 2354 2899 ille‚Juliae
2379 2842 2553 2902 neptis
2572 2855 2696 2889 cura

1642 2925 1698 2966 et
1720 2931 1877 2976 amor,
1899 2917 2112 2966 duorum
2138 2918 2403 2966 dumtaxat
2429 2916 2621 2979 pedum
2643 2922 2696 2964 et

1642 2995 1816 3057 palmi,
1853 3002 2067 3044 auctore
2103 2994 2277 3042 Plinio
2303 2993 2392 3042 lib.
2414 3006 2516 3043 vn.
2542 3008 2591 3041 c.
2618 2996 2694 3040 16.

1643 3077 1696 3119 et
1716 3070 1869 3121 Juliae
1895 3070 2144 3134 Augustae
2183 3070 2386 3118 liberta.
2405 3069 2591 3117 mulier
2614 3083 2697 3116 ua·

1641 3160 1725 3207 na,
1750 3146 1956 3195 nomine
1981 3145 2324 3202 Andromeda,
2351 3145 2416 3194 de
2441 3160 2544 3209 qua
2561 3145 2696 3193 idem

1644 3222 1845 3271 Plinius
1863 3223 1987 3272 ibid.
2009 3232 2063 3271 et
2085 3224 2196 3285 ipse
2221 3221 2484 3285 Augustus
2509 3222 2699 3286 populo

1643 3296 1876 3346 exhibuit
1906 3298 2119 3347 Lucium
2143 3297 2304 3357 illum,
2327 3296 2393 3345 de
2417 3311 2519 3360 quo
2543 3310 2700 3359 supra
2790 3337 2800 3350 ,

1643 3387 1690 3420 c.
1723 3376 1807 3421 43.
1844 3374 1934 3437 qui
1969 3381 2141 3424 tamen
2181 3381 2237 3422 et
2274 3373 2384 3420 aliis
2418 3372 2484 3420 de
2532 3372 2700 3421 causis

1645 3441 1970 3511 poitentosus
1992 3458 2122 3498 erat.

1709 3527 1724 3556 ³
1755 3526 2023 3574 Mutinensi
2062 3524 2200 3587 bello]
2252 3527 2330 3574 De
2353 3538 2451 3588 quo
2475 3538 2633 3587 supra
2656 3538 2701 3574 c.

1644 3605 1690 3649 9.
1714 3610 1768 3650 et
1793 3607 1871 3651 12.
1938 3602 2168 3664 ldipsum
2204 3602 2396 3665 repetit
2425 3600 2703 3650 Suetonius

1643 3678 1728 3727 lib.
1751 3678 1817 3727 de
1844 3678 2169 3727 Rhetoribus.

1709 3764 1731 3788 ¹¹
1765 3756 2089 3819 Declamusse]
2127 3752 2448 3802 Declamatio
2470 3753 2611 3801 aliud
2632 3753 2703 3799 ni·

1646 3831 1717 3881 bil
1748 3841 1830 3880 est
1862 3845 2013 3894 quam
2038 3830 2202 3878 oratio
2238 3827 2567 3886 scholastica,
2589 3841 2701 3891 quoe

1647 3908 1715 3957 sit
1734 3905 2010 3956 forensium
2031 3906 2283 3954 actionum
2303 3902 2593 3959 meditatio,
2607 3917 2704 3966 qua

1650 3985 1713 4032 ad
1754 3999 1974 4046 pugnam
2010 3980 2264 4030 forensem
2297 3979 2439 4028 velut
2464 3978 2704 4040 praepila-

1649 4061 1714 4111 tis
1737 4060 1969 4110 exerceri
1994 4060 2113 4107 olim
2137 4057 2386 4111 solebant,
2409 4055 2579 4118 inquit
2602 4054 2701 4103 Au·
2773 4096 2783 4108 ,

1649 4142 1801 4191 dreas
1836 4141 2095 4201 Schottus,
2117 4138 2293 4187 libello
2324 4135 2389 4183 de
2417 4143 2628 4183 auctore
2649 4141 2703 4182 et
2752 4145 2757 4154 “

1649 4216 1969 4267 declamandi
1994 4216 2211 4275 ratione,
2233 4212 2318 4282 qui
2340 4211 2601 4260 Suasotiis
2615 4210 2702 4258 Se·

1650 4309 1795 4344 uecae
1835 4291 2136 4357 praefigitur.
2204 4289 2323 4340 Qua
2360 4287 2425 4337 de
2464 4301 2521 4337 re
2558 4287 2700 4352 plura
