3019 4922
1182 397 1183 400 ’
1217 393 1623 446 OCTAVIUS.

317 544 663 629 repentino
738 543 1175 628 maximoque
1248 547 1580 627 consensu
1638 540 2013 609 detulerunt
2059 539 2170 610 ἐϋ

2381 384 2512 450 309

2284 544 2515 610 Prima

317 649 531 733 plebS,
561 647 894 731 legatione
925 645 1208 712 Antium
1229 654 1252 684 ⁶
1294 646 1549 713 missa:
1596 644 1797 723 deiu‚³
1849 646 2010 730 quia
2053 668 2190 713 non
2236 648 2515 732 recipie-

318 752 452 828 bat,
485 750 746 815 ineunti
779 750 1023 817 Romae
1065 750 1456 835 spectacula
1484 748 1797 833 frequens
1827 754 1895 814 et
1937 750 2242 817 laureata
2270 746 2313 811 :f
2351 770 2518 818 mox

228 851 231 854 ’
317 855 384 958 in
440 852 651 919 Curia
680 853 1053 931 -SenatuS,⁸
1102 873 1320 936 neque
1367 851 1660 931 decreto,
1711 873 1923 937 neque
1971 852 2520 933 acclamatione,¹²

1237 1050 1601 1073 ONO‘ONOOOO

320 1201 436 1266 Cuj.
470 1201 602 1251 Mox
626 1201 858 1251 voculam
881 1202 941 1259 ei,
964 1216 1119 1268 quam
1143 1201 1322 1251 Burni.
1355 1200 1540 1252 abesse
1563 1200 1804 1258 malebat,
1839 1214 1938 1250 non
1957 1200 2192 1265 agnoscit
2212 1199 2368 1249 Vind.
2391 1203 2442 1250 2.
2465 1206 2522 1250 et
2617 1241 2626 1248 .

1384 1268 1543 1332 primu
1571 1274 1655 1318 est
1685 1268 1736 1317 in
1760 1266 1955 1317 Medic.
1976 1271 2023 1316 l.
2040 1267 2189 1332 plebis
2210 1266 2365 1315 Vind.
2386 1270 2436 1316 2.
2463 1274 2523 1316 ut

323 1270 475 1330 plane
495 1267 764 1318 insititiam
783 1268 1027 1332 opinatur
1051 1267 1189 1316 Oud.
1221 1268 1369 1318 Plebs

324 1347 479 1396 supra
500 1331 658 1382 Vind.
682 1336 730 1382 1.
755 1348 872 1395 cap.
905 1338 989 1384 40.
1024 1331 1174 1397 Conj.
1210 1339 1382 1383 autem
1413 1333 1593 1383 Burm.
1626 1333 1689 1381 Et
1717 1347 1796 1396 pr.
1824 1333 1895 1396 pl.
1952 1333 2080 1382 Tum
2108 1331 2256 1381 deest
2287 1331 2522 1393 legatione

322 1398 576 1449 Faue—3
612 1397 802 1449 Deinde
822 1398 979 1449 Vind.
1000 1401 1051 1449 2.
1067 1398 1240 1448 Periz.
1265 1406 1320 1448 et
1342 1398 1477 1449 Edd.
1502 1412 1583 1463 pr.
1598 1397 1834 1463 aliaeque.
1852 1396 1974 1461 qumi
1994 1413 2087 1447 non
2107 1397 2275 1447 Periz-
2293 1396 2523 1446 Han-lem.

322 1463 455 1515 Edd.
480 1464 613 1513 Ven.
641 1467 688 1514 1.
709 1464 869 1530 Lugd.
886 1464 1036 1517 Junt.
1062 1464 1181 1515 ΑΜ.
1202 1464 1460 1530 deindeque
1481 1479 1575 1514 noa
1595 1464 1729 1515 Ven.
1753 1463 1869 1514 duae
1892 1463 2005 1514 rell.
2056 1462 2189 1514 Item
2212 1463 2523 1527 spectaculum

1309 1696 1527 1747 NOTAE

321 1837 419 1887 mo,
458 1831 578 1888 post
615 1838 912 1889 oppressam
940 1826 1182 1877 Catiliuae
1206 1826 1384 1891 conju·

321 1901 594 1962 rationem,
612 1900 838 1951 delatum
859 1902 910 1951 iu
933 1902 1131 1953 Senatu
1149 1918 1181 1953 a
1203 1904 1270 1955 Q.
1288 1904 1385 1953 Ca-

320 1978 448 2040 tulo,
467 1979 608 2043 quod
640 1980 754 2043 ipse
786 1988 1011 2031 testatur
1044 1981 1097 2033 in
1133 1981 1385 2031 Pisonem

320 2061 376 2105 et
396 2070 494 2120 pro
525 2056 732 2121 Sextio,
764 2063 819 2108 et
846 2073 878 2107 a
899 2057 1100 2108 Catone
1122 2058 1386 2108 luculenta

321 2132 456 2194 apud
499 2133 746 2197 populum
787 2135 1041 2199 oratione,
1087 2135 1222 2200 quod
1268 2149 1384 2186 nar·

321 2217 437 2260 rant
460 2212 767 2261 Plutarchus
808 2213 860 2262 iu
893 2213 1160 2272 Cicerone,
1196 2222 1251 2265 et
1271 2213 1383 2279 Ap-

323 2288 507 2351 pianus
548 2288 602 2337 in
632 2288 769 2339 Bell.
795 2289 948 2340 Civil.
977 2298 1032 2339 et
1058 2290 1258 2341 Plinius
1294 2291 1385 2343 lib.

321 2379 423 2416 vn.
446 2380 567 2430 cap.
596 2370 678 2417 30.
742 2366 1049 2418 Ciceronem
1081 2369 1383 2433 appellans:

317 2446 334 2472 ⁸
356 2442 535 2502 salve‚'
568 2443 753 2508 inquit,
794 2447 810 2473 ⁸
830 2444 1024 2510 primus
1054 2445 1275 2495 omnium
1300 2460 1385 2511 pa-

323 2533 437 2568 rens
485 2520 674 2584 patriae
717 2520 1016 2585 appellate,’
1064 2523 1164 2572 διο.
1242 2520 1384 2573 Hinc

323 2596 596 2648 Juvenalis
618 2596 778 2647 Satir.
797 2610 923 2646 vm.
948 2611 1078 2647 vers.
1102 2599 1220 2648 244.
1249 2599 1266 2626 ‘
1283 2597 1385 2646 Ro-

325 2689 406 2723 ma
432 2682 631 2738 patrem
658 2674 839 2737 patriae
874 2673 1181 2724 Ciceronem
1220 2673 1385 2725 libera

323 2749 487 2801 dixit.'
555 2748 604 2800 A
642 2749 895 2801 Cicerone
930 2751 1154 2816 egregiis
1181 2766 1385 2818 quoque

303 2826 717 2891 <imperatoribus
740 2827 968 2878 delatum
985 2843 1002 2890 ;
1027 2827 1120 2878 sed
1139 2830 1234 2880 sub
1251 2830 1387 2894 prin-

323 2905 523 2969 cipibus
566 2905 667 2955 alia
704 2919 908 2971 quoque
947 2906 1155 2957 nomina
1188 2908 1386 2960 invenit

324 2982 570 3046 adulatio,
606 2991 662 3032 nt
691 2983 798 3046 Pii,
820 2982 1034 3049 Inclyti,
1055 2985 1262 3049 Felicis,
1293 2987 1405 3038 tri-⁸

326 3058 685 3126 umpliatoris‚'
701 3063 804 3111 διο.

312 3202 319 3207 1
389 3145 411 3191 t
447 3137 511 3188 A.
532 3138 600 3188 U.
626 3138 686 3188 C.
709 3142 825 3187 758.

384 3223 408 3249 ⁸
439 3215 664 3280 Antium]
699 3214 875 3265 Hodie
891 3215 1386 3274 Antio,maritimum

325 3292 593 3358 oppidum,
637 3307 739 3357 quo
774 3307 916 3358 saepe
951 3294 1014 3343 ad
1057 3295 1387 3345 relaxandum

325 3371 390 3420 ab
413 3368 624 3419 urbanis
658 3369 881 3432 negotiis
915 3371 1139 3420 a‘nimum
1175 3373 1387 3422 secede-

324 3445 434 3503 bat,
458 3444 672 3509 triginta
693 3445 901 3496 circiter
923 3446 1149 3497 millibus
1173 3448 1239 3498 ab
1259 3448 1387 3498 urbe

325 3523 581 3572 dissitum.

325 3636 328 3643 .
388 3597 409 3632 ¹
435 3598 701 3663 Laurente]
745 3599 930 3652 Qualis
955 3598 1386 3667 triumphantium

326 3691 504 3743 currus
533 3676 871 3741 sequebatur.

388 3761 415 3796 ε
447 3753 680 3819 Senatus]
750 3754 868 3803 Nec
909 3754 1065 3804 etiam
1111 3752 1390 3806 defuerunt

324 3831 545 3895 equites.
614 3829 775 3881 Ovid.
793 3830 884 3882 lib.
903 3845 968 3882 ιι.
985 3833 1128 3883 Fast.
1162 3834 1179 3861 ‘
1199 3833 1391 3883 Sancte

325 3915 481 3972 pater
523 3907 728 3972 patriae,
772 3908 868 3959 tibi
910 3910 1075 3973 plebs,
1110 3910 1206 3959 tibi
1250 3908 1393 3960 curia

327 3999 514 4035 nomen
550 3985 668 4035 Hoc
701 3985 871 4050 dedit,
903 3987 1000 4037 hoc
1035 3986 1270 4036 dedimus
1298 4003 1391 4037 nos

318 4063 427 4114 -tibi
469 4077 655 4113 nomen
703 4062 899 4129 eques.’
964 4064 1067 4115 Ubi
1098 4064 1263 4114 Nonis
1299 4066 1396 4114 Fe·

327 4141 527 4191 brnarii
555 4140 752 4191 factum
777 4141 924 4198 dicit,
947 4157 1079 4192 anno
1100 4142 1307 4193 scilicet
1326 4141 1394 4193 ab

330 4221 396 4287 ⁸U.
420 4219 478 4270 C.
502 4223 622 4269 758.
642 4225 792 4268 notat
813 4218 1164 4268 Casatibonus.

394 4297 418 4332 ¹¹
453 4296 831 4362 Acclamation]
880 4297 996 4349 Hac
1021 4300 1157 4350 enim
1180 4299 1398 4366 ratione,

1460 1827 1658 1891 impetu
1683 1826 1857 1892 potius
1880 1837 2031 1889 quam
2057 1821 2275 1873 consilio
2302 1821 2524 1872 honores

1460 1903 1537 1953 illi
1565 1902 1776 1953 maximi
1808 1899 2199 1963 deferebantur,
2228 1906 2288 1949 ut
2323 1897 2390 1948 de
2425 1899 2527 1948 Ro-

1458 1982 1583 2032 muli
1608 1980 1997 2033 consecratione
2015 1978 2138 2029 satis
2155 1977 2323 2028 innuit
2345 1976 2525 2028 Livius

1458 2060 1553 2111 lib.
1575 2073 1614 2111 1.
1633 2060 1650 2088 ‘
1670 2066 1908 2110 moestum
1927 2057 2245 2123 aliquamdiu
2264 2056 2526 2108 silentium

1458 2136 1709 2201 obtinuit,
1732 2136 1920 2187 deiude
1942 2151 1974 2186 a
1995 2136 2182 2201 paucis
2197 2134 2346 2185 initio
2366 2132 2529 2198 facto,

1459 2215 1634 2264 Deum
1664 2215 1783 2263 Deo
1814 2218 2010 2272 natum,
2031 2225 2207 2275 regem
2230 2215 2525 2275 parentem·

1458 2307 1562 2357 que
1605 2290 1746 2341 urbis
1784 2290 2035 2341 Romanae
2071 2289 2273 2339 salvere
2301 2288 2531 2339 universi

1461 2368 1734 2418 Romulum
1772 2363 1998 2431 jubent.'
2065 2366 2171 2419 Qui
2208 2380 2319 2417 mos
2358 2365 2527 2417 accla-

1457 2446 1632 2497 mandi
1671 2460 1700 2495 e
1736 2445 1956 2496 theatris
1993 2451 2180 2510 postea
2211 2444 2265 2494 in
2296 2442 2450 2503 Fora,
2471 2447 2529 2492 et

1458 2523 1581 2574 inde
1604 2523 1659 2572 in
1682 2523 1929 2573 Senatum
1966 2520 2292 2585 penetravit3
2322 2519 2414 2569 sed
2438 2519 2529 2568 lias

1457 2597 1775 2649 acclamandi
1819 2597 2067 2647 formulas
2108 2602 2231 2645 ante
2275 2593 2529 2658 Capitoli·

1458 2688 1580 2725 num
1603 2674 1882 2724 historicus
1916 2673 2090 2722 nullus
2112 2671 2434 2736 publicavitz
2460 2669 2528 2720 ab

1461 2766 1525 2803 eo
1558 2751 1720 2807 ceteri
1756 2765 1859 2801 non
1895 2751 2032 2815 ipsas
2070 2748 2222 2799 modo
2264 2745 2531 2811 formulas,

1460 2829 1550 2879 sed
1575 2837 1632 2881 et
1652 2842 1921 2879 numerum
1946 2826 2150 2891 quoties
2173 2824 2401 2891 quidque
2421 2823 2530 2875 dic·

1460 2914 1575 2958 tum
1634 2912 1793 2968 esset,
1827 2911 2159 2955 annotarunt.
2240 2902 2529 2953 Trebellius

1461 2985 1634 3035 Pollio
1648 2984 1702 3034 in
1720 2983 1854 3034 Divo
1870 2979 2119 3032 Claudios
2139 2981 2156 3008 ⁴
2173 2981 2287 3030 haec
2305 2980 2355 3030 in
2375 2979 2529 3030 Clau-

1461 3062 1601 3114 dium
1625 3062 1768 3112 dicta
1786 3066 1908 3110 sunt
1924 3075 1940 3110 z
1959 3057 2196 3122 Auguste
2216 3058 2421 3123 Claudi,
2438 3057 2529 3109 Dii

1462 3147 1517 3192 te
1540 3138 1688 3189 nobis
1712 3143 1970 3203 praestent
1993 3135 2221 3201 <dictum
2242 3132 2527 3199 sexagies),

1462 3221 1647 3272 Claudi
1684 3220 1940 3284 Auguste,
1977 3224 2034 3268 tu
2057 3215 2242 3274 frater,
2280 3224 2337 3267 tu
2360 3222 2531 3279 pater,

1463 3306 1521 3349 tu
1539 3298 1758 3358 amicus,
1781 3304 1839 3346 tu
1864 3295 2028 3346 bonus
2050 3295 2293 3358 Senator,
2328 3299 2386 3342 tu
2408 3306 2533 3344 vere

1462 3374 1722 3436 Princeps
1774 3370 2001 3433 (dictum
2057 3367 2384 3433 octuagies)‚?
2431 3371 2529 3417 διο.

1461 3450 1669 3500 Videsis
1691 3448 1990 3499 Vulcatium
2019 3447 2349 3497 Gallicanum
2375 3444 2429 3494 in
2459 3445 2530 3493 A·

1466 3528 1611 3578 vidio
1646 3526 1843 3583 Cassio,
1867 3523 2149 3589 Vopiscum
2170 3524 2222 3572 in
2247 3521 2457 3584 Tacito,
2479 3530 2535 3572 et

1468 3606 1696 3671 reliquos
1711 3603 1935 3659 historias
1957 3601 2207 3665 Augustae
2222 3600 2533 3664 Scriptores.

1469 3683 1635 3736 Juxta
1654 3696 1805 3748 quem
1825 3694 2020 3731 morem
2040 3678 2317 3728 Christiani
2330 3691 2534 3743 quoque

1469 3762 1839 3813 concionantes
1862 3758 2135 3823 episcopos
2152 3754 2537 3806 acclamationi·

1470 3838 1567 3889 bus
1590 3836 1941 3901 excipiebant,
1986 3845 2044 3884 ut
2075 3838 2304 3883 testatur
2324 3833 2396 3882 D.
2424 3830 2534 3882 Au·

1472 3915 1709 3981 gustinus
1742 3912 1833 3963 lib.
1866 3912 1930 3961 de
1965 3910 2221 3962 Doctrina
2243 3909 2537 3961 Christiana

1473 4008 1587 4054 cap.
1611 3995 1694 4041 27.
1714 3997 1770 4040 et
1792 3989 1844 4039 in
1868 3988 2000 4038 actis
2037 3986 2373 4037 ordinationis
2406 3987 2537 4037 Era-

1475 4069 1569 4131 dii,
1603 4083 1720 4118 cum
1744 4067 1885 4131 illum
1905 4065 1960 4114 S.
1984 4063 2304 4127 Augustinus
2321 4064 2431 4128 jam
2457 4077 2536 4114 se-

1475 4159 1579 4195 nex
1614 4157 1965 4194 successorem
2005 4140 2104 4192 sibi
2139 4141 2290 4191 dixit.
2357 4140 2537 4189 Verba

1477 4221 1655 4272 retulit
1678 4219 2013 4272 casaubonus
2036 4218 2100 4269 ad
2120 4219 2287 4270 locum
2308 4216 2536 4267 Vulcatii

1478 4314 1637 4366 supra
1657 4297 1942 4350 laudatum.
