<?xml version="1.0" encoding="UTF-8"?>
<!DOCTYPE html PUBLIC "-//W3C//DTD XHTML 1.0 Transitional//EN"
    "http://www.w3.org/TR/xhtml1/DTD/xhtml1-transitional.dtd">
<html xmlns="http://www.w3.org/1999/xhtml" xml:lang="en" lang="en">
 <head>
  <title>
</title>
<meta http-equiv="Content-Type" content="text/html;charset=utf-8" />
  <meta name='ocr-system' content='tesseract 3.04.00' />
  <meta name='ocr-capabilities' content='ocr_page ocr_carea ocr_par ocr_line ocrx_word'/>
</head>
<body>
  <div class='ocr_page' id='page_1' title='image "./operaomniaexedi04suetgoog/operaomniaexedi04suetgoog_0431.png"; bbox 0 0 3019 4922; ppageno 0'>
   <div class='ocr_carea' id='block_1_1' title="bbox 2379 444 2508 510">
    <p class='ocr_par' dir='ltr' id='par_1_1' title="bbox 2379 444 2508 510">
     <span class='ocr_line' id='line_1_1' title="bbox 2379 444 2508 510; baseline 0.008 -1"><span class='ocrx_word' id='word_1_1' title='bbox 2379 444 2508 510; x_wconf 81' lang='lat'><strong>419</strong></span> 
     </span>
    </p>
   </div>
   <div class='ocr_carea' id='block_1_2' title="bbox 296 599 2512 1823">
    <p class='ocr_par' dir='ltr' id='par_1_2' title="bbox 296 599 2512 1823">
     <span class='ocr_line' id='line_1_2' title="bbox 311 599 2509 688; baseline 0.001 -21"><span class='ocrx_word' id='word_1_2' title='bbox 311 602 741 688; x_wconf 86' lang='lat' dir='ltr'><strong>prohibitum,</strong></span> <span class='ocrx_word' id='word_1_3' title='bbox 773 601 859 666; x_wconf 90' lang='lat' dir='ltr'><strong>ad</strong></span> <span class='ocrx_word' id='word_1_4' title='bbox 906 599 1007 666; x_wconf 91' lang='grc' dir='ltr'><strong>Μ.</strong></span> <span class='ocrx_word' id='word_1_5' title='bbox 1052 600 1419 665; x_wconf 86' lang='lat' dir='ltr'><strong>Antonium</strong></span> <span class='ocrx_word' id='word_1_6' title='bbox 1469 600 1732 685; x_wconf 88' lang='lat' dir='ltr'><strong>trajecit</strong></span> <span class='ocrx_word' id='word_1_7' title='bbox 1777 603 1844 666; x_wconf 90' lang='lat' dir='ltr'><strong>in</strong></span> <span class='ocrx_word' id='word_1_8' title='bbox 1875 600 2252 669; x_wconf 68' lang='lat' dir='ltr'><strong>Achaiam.e</strong></span> <span class='ocrx_word' id='word_1_9' title='bbox 2338 602 2509 670; x_wconf 86' lang='lat' dir='ltr'><strong>Cum</strong></span> 
     </span>
     <span class='ocr_line' id='line_1_3' title="bbox 307 698 2509 791; baseline 0 -21"><span class='ocrx_word' id='word_1_10' title='bbox 307 727 468 791; x_wconf 91' lang='lat' dir='ltr'><strong>quo,</strong></span> <span class='ocrx_word' id='word_1_11' title='bbox 501 705 688 770; x_wconf 89' lang='lat' dir='ltr'><strong>brevi</strong></span> <span class='ocrx_word' id='word_1_12' title='bbox 716 704 1141 769; x_wconf 88' lang='lat' dir='ltr'><strong>reconciliata</strong></span> <span class='ocrx_word' id='word_1_13' title='bbox 1160 698 1183 738; x_wconf 74' lang='lat' dir='ltr'>f</span> <span class='ocrx_word' id='word_1_14' title='bbox 1226 704 1390 768; x_wconf 90' lang='lat' dir='ltr'><strong>inter</strong></span> <span class='ocrx_word' id='word_1_15' title='bbox 1433 722 1660 768; x_wconf 89' lang='lat' dir='ltr'><strong>omnes</strong></span> <span class='ocrx_word' id='word_1_16' title='bbox 1703 724 1902 788; x_wconf 91' lang='lat' dir='ltr'><strong>pace,</strong></span> <span class='ocrx_word' id='word_1_17' title='bbox 1935 705 2226 772; x_wconf 82' lang='lat' dir='ltr'><strong>Romam</strong></span> <span class='ocrx_word' id='word_1_18' title='bbox 2256 708 2509 784; x_wconf 75' lang='lat' dir='ltr'><strong>rediit,¹²</strong></span> 
     </span>
     <span class='ocr_line' id='line_1_4' title="bbox 306 807 2507 892; baseline 0.001 -17"><span class='ocrx_word' id='word_1_19' title='bbox 306 817 721 892; x_wconf 80' lang='lat' dir='ltr'><strong>uxoremque</strong></span> <span class='ocrx_word' id='word_1_20' title='bbox 756 809 1063 874; x_wconf 70' lang='lat' dir='ltr'><strong>Liviam*3</strong></span> <span class='ocrx_word' id='word_1_21' title='bbox 1112 807 1501 886; x_wconf 83' lang='lat' dir='ltr'><strong>Drusillam,</strong></span> <span class='ocrx_word' id='word_1_22' title='bbox 1547 810 1613 872; x_wconf 90' lang='lat' dir='ltr'><strong>et</strong></span> <span class='ocrx_word' id='word_1_23' title='bbox 1659 812 1815 872; x_wconf 89' lang='lat' dir='ltr'><strong>tunc</strong></span> <span class='ocrx_word' id='word_1_24' title='bbox 1864 809 2229 891; x_wconf 86' lang='lat' dir='ltr'><strong>gravidam,</strong></span> <span class='ocrx_word' id='word_1_25' title='bbox 2259 817 2325 876; x_wconf 91' lang='lat' dir='ltr'><strong>et</strong></span> <span class='ocrx_word' id='word_1_26' title='bbox 2350 820 2507 877; x_wconf 86' lang='lat' dir='ltr'><strong>ante</strong></span> 
     </span>
     <span class='ocr_line' id='line_1_5' title="bbox 296 910 2509 997; baseline -0.001 -19"><span class='ocrx_word' id='word_1_27' title='bbox 296 915 443 997; x_wconf 84' lang='lat' dir='ltr'><strong>jam</strong></span> <span class='ocrx_word' id='word_1_28' title='bbox 506 911 688 996; x_wconf 91' lang='lat' dir='ltr'><strong>apud</strong></span> <span class='ocrx_word' id='word_1_29' title='bbox 744 931 819 977; x_wconf 89' lang='lat' dir='ltr'><strong>se</strong></span> <span class='ocrx_word' id='word_1_30' title='bbox 868 913 1080 977; x_wconf 91' lang='lat' dir='ltr'><strong>filium</strong></span> <span class='ocrx_word' id='word_1_31' title='bbox 1137 914 1437 990; x_wconf 84' lang='lat' dir='ltr'><strong>enixam,</strong></span> <span class='ocrx_word' id='word_1_32' title='bbox 1485 912 1736 995; x_wconf 85' lang='lat' dir='ltr'><strong>petenti</strong></span> <span class='ocrx_word' id='word_1_33' title='bbox 1789 910 2094 996; x_wconf 86' lang='lat' dir='ltr'><strong>Augusto</strong></span> <span class='ocrx_word' id='word_1_34' title='bbox 2147 915 2509 980; x_wconf 83' lang='lat' dir='ltr'><strong>concessit.</strong></span> 
     </span>
     <span class='ocr_line' id='line_1_6' title="bbox 309 1012 2510 1102; baseline -0 -20"><span class='ocrx_word' id='word_1_35' title='bbox 309 1017 464 1097; x_wconf 90' lang='lat' dir='ltr'><strong>Nec</strong></span> <span class='ocrx_word' id='word_1_36' title='bbox 477 1017 687 1080; x_wconf 91' lang='lat' dir='ltr'><strong>multo</strong></span> <span class='ocrx_word' id='word_1_37' title='bbox 707 1012 860 1101; x_wconf 80' lang='lat' dir='ltr'><strong>p&#39;ost</strong></span> <span class='ocrx_word' id='word_1_38' title='bbox 881 1018 1058 1082; x_wconf 90' lang='lat' dir='ltr'><strong>diem</strong></span> <span class='ocrx_word' id='word_1_39' title='bbox 1083 1019 1272 1096; x_wconf 91' lang='lat' dir='ltr'><strong>obiit,</strong></span> <span class='ocrx_word' id='word_1_40' title='bbox 1291 1024 1581 1100; x_wconf 89' lang='lat' dir='ltr'><strong>utroque</strong></span> <span class='ocrx_word' id='word_1_41' title='bbox 1600 1016 1955 1080; x_wconf 88' lang='lat' dir='ltr'><strong>liberorum</strong></span> <span class='ocrx_word' id='word_1_42' title='bbox 1990 1019 2376 1102; x_wconf 81' lang='lat' dir='ltr'><strong>superstite,</strong></span> <span class='ocrx_word' id='word_1_43' title='bbox 2395 1017 2510 1081; x_wconf 81' lang='lat' dir='ltr'><strong>Ti·</strong></span> 
     </span>
     <span class='ocr_line' id='line_1_7' title="bbox 304 1118 2510 1204; baseline -0 -19"><span class='ocrx_word' id='word_1_44' title='bbox 304 1121 493 1185; x_wconf 93' lang='lat' dir='ltr'><strong>berio</strong></span> <span class='ocrx_word' id='word_1_45' title='bbox 519 1120 881 1204; x_wconf 86' lang='lat' dir='ltr'><strong>Drusoque</strong></span> <span class='ocrx_word' id='word_1_46' title='bbox 913 1118 1358 1186; x_wconf 79' lang='lat' dir='ltr'><strong>NeronibuS.¹¹</strong></span> <span class='ocrx_word' id='word_1_47' title='bbox 1408 1119 1526 1201; x_wconf 84' lang='lat'><strong>[5.]</strong></span> <span class='ocrx_word' id='word_1_48' title='bbox 1545 1119 1889 1184; x_wconf 88' lang='lat' dir='ltr'><strong>Tiberium</strong></span> <span class='ocrx_word' id='word_1_49' title='bbox 1914 1121 2183 1203; x_wconf 91' lang='lat' dir='ltr'><strong>quidam</strong></span> <span class='ocrx_word' id='word_1_50' title='bbox 2214 1119 2470 1184; x_wconf 90' lang='lat' dir='ltr'><strong>Fundis</strong></span> <span class='ocrx_word' id='word_1_51' title='bbox 2495 1118 2510 1153; x_wconf 55' lang='grc' dir='ltr'>ί</span> 
     </span>
     <span class='ocr_line' id='line_1_8' title="bbox 301 1221 2508 1307; baseline -0.001 -19"><span class='ocrx_word' id='word_1_52' title='bbox 301 1232 534 1288; x_wconf 87' lang='lat' dir='ltr'><strong>natum</strong></span> <span class='ocrx_word' id='word_1_53' title='bbox 592 1225 1162 1302; x_wconf 88' lang='lat' dir='ltr'><strong>existimaverunt,</strong></span> <span class='ocrx_word' id='word_1_54' title='bbox 1226 1224 1444 1289; x_wconf 91' lang='lat' dir='ltr'><strong>secuti</strong></span> <span class='ocrx_word' id='word_1_55' title='bbox 1499 1222 1718 1288; x_wconf 89' lang='lat' dir='ltr'><strong>levem</strong></span> <span class='ocrx_word' id='word_1_56' title='bbox 1778 1221 2253 1306; x_wconf 88' lang='lat' dir='ltr'><strong>conjecturam,</strong></span> <span class='ocrx_word' id='word_1_57' title='bbox 2325 1222 2508 1307; x_wconf 87' lang='lat' dir='ltr'><strong>quod</strong></span> 
     </span>
     <span class='ocr_line' id='line_1_9' title="bbox 302 1324 2512 1413; baseline -0 -21"><span class='ocrx_word' id='word_1_58' title='bbox 302 1333 603 1393; x_wconf 88' lang='lat' dir='ltr'><strong>materna</strong></span> <span class='ocrx_word' id='word_1_59' title='bbox 633 1329 778 1413; x_wconf 90' lang='lat' dir='ltr'><strong>ejus</strong></span> <span class='ocrx_word' id='word_1_60' title='bbox 801 1336 822 1374; x_wconf 81' lang='lat'><em>³</em></span> <span class='ocrx_word' id='word_1_61' title='bbox 871 1327 1024 1393; x_wconf 84' lang='lat' dir='ltr'><strong>avia</strong></span> <span class='ocrx_word' id='word_1_62' title='bbox 1070 1327 1410 1392; x_wconf 88' lang='lat' dir='ltr'><strong>Fundana</strong></span> <span class='ocrx_word' id='word_1_63' title='bbox 1459 1325 1681 1405; x_wconf 85' lang='lat' dir='ltr'><strong>fuerit,</strong></span> <span class='ocrx_word' id='word_1_64' title='bbox 1711 1331 1779 1390; x_wconf 88' lang='lat' dir='ltr'><strong>et</strong></span> <span class='ocrx_word' id='word_1_65' title='bbox 1825 1324 2003 1410; x_wconf 89' lang='lat' dir='ltr'><strong>quod</strong></span> <span class='ocrx_word' id='word_1_66' title='bbox 2046 1344 2210 1391; x_wconf 86' lang='lat' dir='ltr'><strong>mox</strong></span> <span class='ocrx_word' id='word_1_67' title='bbox 2238 1325 2512 1391; x_wconf 84' lang='lat' dir='ltr'><strong>simula-</strong></span> 
     </span>
     <span class='ocr_line' id='line_1_10' title="bbox 304 1427 2508 1513; baseline -0.001 -20"><span class='ocrx_word' id='word_1_68' title='bbox 304 1448 492 1494; x_wconf 87' lang='lat' dir='ltr'><strong>crum</strong></span> <span class='ocrx_word' id='word_1_69' title='bbox 525 1429 902 1496; x_wconf 84' lang='lat' dir='ltr'><strong>Felicitatis</strong></span> <span class='ocrx_word' id='word_1_70' title='bbox 928 1427 952 1466; x_wconf 84' lang='lat'><strong>¹‘</strong></span> <span class='ocrx_word' id='word_1_71' title='bbox 1002 1451 1090 1497; x_wconf 85' lang='lat' dir='ltr'><strong>ex</strong></span> <span class='ocrx_word' id='word_1_72' title='bbox 1148 1430 1745 1497; x_wconf 78' lang='lat' dir='ltr'><strong>senatusconsulto</strong></span> <span class='ocrx_word' id='word_1_73' title='bbox 1793 1430 2205 1513; x_wconf 87' lang='lat' dir='ltr'><strong>publicatum</strong></span> <span class='ocrx_word' id='word_1_74' title='bbox 2256 1427 2352 1492; x_wconf 90' lang='lat' dir='ltr'><strong>ibi</strong></span> <span class='ocrx_word' id='word_1_75' title='bbox 2395 1427 2508 1492; x_wconf 88' lang='lat' dir='ltr'><strong>sit.</strong></span> 
     </span>
     <span class='ocr_line' id='line_1_11' title="bbox 304 1530 2509 1618; baseline -0.002 -23"><span class='ocrx_word' id='word_1_76' title='bbox 304 1531 445 1596; x_wconf 89' lang='lat' dir='ltr'><strong>Sed</strong></span> <span class='ocrx_word' id='word_1_77' title='bbox 502 1541 582 1597; x_wconf 89' lang='lat' dir='ltr'><strong>ut</strong></span> <span class='ocrx_word' id='word_1_78' title='bbox 637 1534 862 1618; x_wconf 90' lang='lat' dir='ltr'><strong>plures</strong></span> <span class='ocrx_word' id='word_1_79' title='bbox 912 1537 1358 1618; x_wconf 84' lang='lat' dir='ltr'><strong>certioresque</strong></span> <span class='ocrx_word' id='word_1_80' title='bbox 1410 1531 1706 1610; x_wconf 89' lang='lat' dir='ltr'><strong>tradunt,</strong></span> <span class='ocrx_word' id='word_1_81' title='bbox 1766 1540 1956 1598; x_wconf 89' lang='lat' dir='ltr'><strong>natus</strong></span> <span class='ocrx_word' id='word_1_82' title='bbox 1989 1538 2095 1595; x_wconf 90' lang='lat' dir='ltr'><strong>est</strong></span> <span class='ocrx_word' id='word_1_83' title='bbox 2148 1530 2390 1594; x_wconf 80' lang='lat' dir='ltr'><strong>Romae</strong></span> <span class='ocrx_word' id='word_1_84' title='bbox 2437 1530 2509 1592; x_wconf 89' lang='lat' dir='ltr'><strong>in</strong></span> 
     </span>
     <span class='ocr_line' id='line_1_12' title="bbox 307 1630 2507 1715; baseline -0.001 -18"><span class='ocrx_word' id='word_1_85' title='bbox 307 1633 621 1715; x_wconf 82' lang='lat' dir='ltr'><strong>Palatio,l</strong></span> <span class='ocrx_word' id='word_1_86' title='bbox 675 1637 1136 1703; x_wconf 84' lang='lat' dir='ltr'><strong>sextodecimo</strong></span> <span class='ocrx_word' id='word_1_87' title='bbox 1193 1636 1547 1711; x_wconf 84' lang='lat' dir='ltr'><strong>Kalendas</strong></span> <span class='ocrx_word' id='word_1_88' title='bbox 1596 1635 2013 1713; x_wconf 81' lang='lat' dir='ltr'><strong>Decembris,</strong></span> <span class='ocrx_word' id='word_1_89' title='bbox 2044 1633 2178 1699; x_wconf 61' lang='lat' dir='ltr'><strong>MA</strong></span> <span class='ocrx_word' id='word_1_90' title='bbox 2226 1630 2507 1699; x_wconf 88' lang='lat' dir='ltr'><strong>AEmilio</strong></span> 
     </span>
     <span class='ocr_line' id='line_1_13' title="bbox 304 1735 2510 1823; baseline -0.001 -23"><span class='ocrx_word' id='word_1_91' title='bbox 304 1735 635 1823; x_wconf 80' lang='lat' dir='ltr'><strong>Lepidom</strong></span> <span class='ocrx_word' id='word_1_92' title='bbox 681 1740 947 1820; x_wconf 88' lang='lat' dir='ltr'><strong>iterum,</strong></span> <span class='ocrx_word' id='word_1_93' title='bbox 996 1741 1076 1806; x_wconf 90' lang='lat' dir='ltr'><strong>L.</strong></span> <span class='ocrx_word' id='word_1_94' title='bbox 1135 1740 1451 1805; x_wconf 90' lang='lat' dir='ltr'><strong>Munatio</strong></span> <span class='ocrx_word' id='word_1_95' title='bbox 1505 1738 1765 1805; x_wconf 85' lang='lat' dir='ltr'><strong>Planco</strong></span> <span class='ocrx_word' id='word_1_96' title='bbox 1818 1738 2249 1817; x_wconf 77' lang='lat' dir='ltr'><strong>ConsulibuS,</strong></span> <span class='ocrx_word' id='word_1_97' title='bbox 2305 1739 2460 1820; x_wconf 89' lang='lat' dir='ltr'><strong>post</strong></span> <span class='ocrx_word' id='word_1_98' title='bbox 2488 1759 2510 1798; x_wconf 80' lang='grc' dir='ltr'><strong><em>ς</em></strong></span> 
     </span>
    </p>
   </div>
   <div class='ocr_carea' id='block_1_3' title="bbox 1237 456 1620 506">
    <p class='ocr_par' dir='ltr' id='par_1_3' title="bbox 1237 456 1620 506">
     <span class='ocr_line' id='line_1_14' title="bbox 1237 456 1620 506; baseline 0.003 -2"><span class='ocrx_word' id='word_1_99' title='bbox 1237 456 1620 506; x_wconf 76' lang='lat' dir='ltr'>TIBERIUS.</span> 
     </span>
    </p>
   </div>
   <div class='ocr_carea' id='block_1_4' title="bbox 1217 1936 1578 1958">
    <p class='ocr_par' dir='ltr' id='par_1_4' title="bbox 1217 1936 1578 1958">
     <span class='ocr_line' id='line_1_15' title="bbox 1217 1936 1578 1958; baseline 0.003 -2"><span class='ocrx_word' id='word_1_100' title='bbox 1217 1936 1578 1958; x_wconf 44' lang='lat' dir='ltr'><strong>“OM“</strong></span> 
     </span>
    </p>
   </div>
   <div class='ocr_carea' id='block_1_5' title="bbox 299 2069 2510 2721">
    <p class='ocr_par' dir='ltr' id='par_1_5' title="bbox 299 2069 2510 2721">
     <span class='ocr_line' id='line_1_16' title="bbox 300 2069 2506 2137; baseline 0.002 -18"><span class='ocrx_word' id='word_1_101' title='bbox 300 2069 468 2119; x_wconf 75' lang='lat' dir='ltr'><strong>statim</strong></span> <span class='ocrx_word' id='word_1_102' title='bbox 490 2070 607 2134; x_wconf 88' lang='lat' dir='ltr'><strong>Cuj.</strong></span> <span class='ocrx_word' id='word_1_103' title='bbox 629 2076 685 2119; x_wconf 90' lang='lat' dir='ltr'><strong>et</strong></span> <span class='ocrx_word' id='word_1_104' title='bbox 708 2070 843 2122; x_wconf 86' lang='lat' dir='ltr'><strong>idem</strong></span> <span class='ocrx_word' id='word_1_105' title='bbox 867 2072 919 2121; x_wconf 79' lang='lat' dir='ltr'><strong>in</strong></span> <span class='ocrx_word' id='word_1_106' title='bbox 940 2078 1186 2137; x_wconf 73' lang='lat' dir='ltr'><strong>conspectu</strong></span> <span class='ocrx_word' id='word_1_107' title='bbox 1207 2087 1323 2123; x_wconf 87' lang='lat' dir='ltr'><strong>cum</strong></span> <span class='ocrx_word' id='word_1_108' title='bbox 1347 2073 1599 2123; x_wconf 53' lang='grc' dir='ltr'><strong>νοω-2</strong></span> <span class='ocrx_word' id='word_1_109' title='bbox 1622 2073 1771 2122; x_wconf 80' lang='lat' dir='ltr'><strong>Redit</strong></span> <span class='ocrx_word' id='word_1_110' title='bbox 1792 2072 1941 2123; x_wconf 76' lang='lat' dir='ltr'><strong>Huls.</strong></span> <span class='ocrx_word' id='word_1_111' title='bbox 1961 2071 2157 2123; x_wconf 82' lang='lat' dir='ltr'><strong>Medic.</strong></span> <span class='ocrx_word' id='word_1_112' title='bbox 2181 2076 2228 2121; x_wconf 88' lang='lat'><strong>1.</strong></span> <span class='ocrx_word' id='word_1_113' title='bbox 2242 2076 2292 2121; x_wconf 70' lang='lat'><strong>8.</strong></span> <span class='ocrx_word' id='word_1_114' title='bbox 2313 2076 2362 2121; x_wconf 79' lang='lat' dir='ltr'><strong>et</strong></span> <span class='ocrx_word' id='word_1_115' title='bbox 2382 2078 2506 2123; x_wconf 89' lang='lat' dir='ltr'><strong>ante</strong></span> 
     </span>
     <span class='ocr_line' id='line_1_17' title="bbox 302 2135 2509 2203; baseline 0.002 -19"><span class='ocrx_word' id='word_1_116' title='bbox 302 2142 415 2184; x_wconf 75' lang='lat' dir='ltr'><strong>tunc</strong></span> <span class='ocrx_word' id='word_1_117' title='bbox 438 2136 588 2184; x_wconf 84' lang='lat' dir='ltr'><strong>deest</strong></span> <span class='ocrx_word' id='word_1_118' title='bbox 609 2135 707 2185; x_wconf 87' lang='lat' dir='ltr'><strong>Ed.</strong></span> <span class='ocrx_word' id='word_1_119' title='bbox 730 2151 806 2200; x_wconf 89' lang='lat' dir='ltr'><strong>pr.</strong></span> <span class='ocrx_word' id='word_1_120' title='bbox 830 2135 1009 2186; x_wconf 81' lang='lat' dir='ltr'><strong>Graev.</strong></span> <span class='ocrx_word' id='word_1_121' title='bbox 1072 2136 1218 2188; x_wconf 81' lang='lat' dir='ltr'><strong>Infra</strong></span> <span class='ocrx_word' id='word_1_122' title='bbox 1258 2154 1351 2202; x_wconf 88' lang='lat' dir='ltr'><strong>pro</strong></span> <span class='ocrx_word' id='word_1_123' title='bbox 1377 2139 1543 2203; x_wconf 79' lang='lat' dir='ltr'><strong>filium</strong></span> <span class='ocrx_word' id='word_1_124' title='bbox 1578 2138 1769 2188; x_wconf 89' lang='lat' dir='ltr'><strong>babent</strong></span> <span class='ocrx_word' id='word_1_125' title='bbox 1810 2138 2049 2187; x_wconf 67' lang='lat' dir='ltr'><strong>Roerium</strong></span> <span class='ocrx_word' id='word_1_126' title='bbox 2080 2137 2253 2186; x_wconf 71' lang='lat' dir='ltr'><strong>Perit.</strong></span> <span class='ocrx_word' id='word_1_127' title='bbox 2276 2137 2509 2188; x_wconf 84' lang='lat' dir='ltr'><strong>Harlem.</strong></span> 
     </span>
     <span class='ocr_line' id='line_1_18' title="bbox 303 2200 2510 2266; baseline 0 -16"><span class='ocrx_word' id='word_1_128' title='bbox 303 2201 415 2264; x_wconf 86' lang='lat' dir='ltr'><strong>an.</strong></span> <span class='ocrx_word' id='word_1_129' title='bbox 439 2200 574 2250; x_wconf 87' lang='lat' dir='ltr'><strong>Edd.</strong></span> <span class='ocrx_word' id='word_1_130' title='bbox 597 2202 743 2251; x_wconf 86' lang='lat' dir='ltr'><strong>Vett.</strong></span> <span class='ocrx_word' id='word_1_131' title='bbox 767 2208 959 2264; x_wconf 75' lang='lat' dir='ltr'><strong>praeter</strong></span> <span class='ocrx_word' id='word_1_132' title='bbox 981 2203 1129 2254; x_wconf 91' lang='lat' dir='ltr'><strong>Rom.</strong></span> <span class='ocrx_word' id='word_1_133' title='bbox 1152 2211 1207 2254; x_wconf 90' lang='lat' dir='ltr'><strong>et</strong></span> <span class='ocrx_word' id='word_1_134' title='bbox 1225 2204 1445 2254; x_wconf 84' lang='lat' dir='ltr'><strong>Casaub.</strong></span> <span class='ocrx_word' id='word_1_135' title='bbox 1469 2212 1525 2253; x_wconf 90' lang='lat' dir='ltr'><strong>et</strong></span> <span class='ocrx_word' id='word_1_136' title='bbox 1547 2207 1865 2254; x_wconf 58' lang='lat' dir='ltr'><strong>reccath-3</strong></span> <span class='ocrx_word' id='word_1_137' title='bbox 1904 2203 2025 2263; x_wconf 75' lang='lat' dir='ltr'><strong>Ejus</strong></span> <span class='ocrx_word' id='word_1_138' title='bbox 2047 2203 2197 2253; x_wconf 81' lang='lat' dir='ltr'><strong>deest</strong></span> <span class='ocrx_word' id='word_1_139' title='bbox 2216 2202 2331 2266; x_wconf 85' lang='lat' dir='ltr'><strong>Cuj.</strong></span> <span class='ocrx_word' id='word_1_140' title='bbox 2395 2203 2510 2251; x_wconf 88' lang='lat' dir='ltr'><strong>Dat</strong></span> 
     </span>
     <span class='ocr_line' id='line_1_19' title="bbox 300 2264 2506 2330; baseline 0.002 -17"><span class='ocrx_word' id='word_1_141' title='bbox 300 2265 461 2314; x_wconf 79' lang='lat' dir='ltr'><strong>vind.</strong></span> <span class='ocrx_word' id='word_1_142' title='bbox 487 2270 535 2314; x_wconf 90' lang='lat'><strong>1.</strong></span> <span class='ocrx_word' id='word_1_143' title='bbox 555 2264 775 2330; x_wconf 75' lang='lat' dir='ltr'><strong>fuerunt,</strong></span> <span class='ocrx_word' id='word_1_144' title='bbox 798 2281 857 2315; x_wconf 90' lang='lat' dir='ltr'><strong>ac</strong></span> <span class='ocrx_word' id='word_1_145' title='bbox 878 2266 997 2317; x_wconf 85' lang='lat' dir='ltr'><strong>dein</strong></span> <span class='ocrx_word' id='word_1_146' title='bbox 1019 2275 1067 2317; x_wconf 80' lang='lat' dir='ltr'><strong>et</strong></span> <span class='ocrx_word' id='word_1_147' title='bbox 1089 2269 1255 2319; x_wconf 76' lang='lat' dir='ltr'><strong>Senot.</strong></span> <span class='ocrx_word' id='word_1_148' title='bbox 1310 2269 1477 2319; x_wconf 84' lang='lat' dir='ltr'><strong>Abest</strong></span> <span class='ocrx_word' id='word_1_149' title='bbox 1496 2284 1560 2318; x_wconf 79' lang='lat' dir='ltr'><strong>ex</strong></span> <span class='ocrx_word' id='word_1_150' title='bbox 1582 2285 1612 2318; x_wconf 91' lang='lat' dir='ltr'><strong>a</strong></span> <span class='ocrx_word' id='word_1_151' title='bbox 1635 2269 1805 2318; x_wconf 83' lang='lat' dir='ltr'><strong>Periz.</strong></span> <span class='ocrx_word' id='word_1_152' title='bbox 1829 2267 2209 2318; x_wconf 84' lang='lat' dir='ltr'><strong>Harlem.Edd.</strong></span> <span class='ocrx_word' id='word_1_153' title='bbox 2232 2267 2365 2317; x_wconf 88' lang='lat' dir='ltr'><strong>Ven.</strong></span> <span class='ocrx_word' id='word_1_154' title='bbox 2382 2271 2430 2317; x_wconf 79' lang='lat'><strong>2.</strong></span> <span class='ocrx_word' id='word_1_155' title='bbox 2454 2271 2506 2317; x_wconf 75' lang='grc'><strong>3.</strong></span> 
     </span>
     <span class='ocr_line' id='line_1_20' title="bbox 299 2330 2506 2398; baseline 0 -19"><span class='ocrx_word' id='word_1_156' title='bbox 299 2330 450 2379; x_wconf 78' lang='lat' dir='ltr'><strong>Med.</strong></span> <span class='ocrx_word' id='word_1_157' title='bbox 474 2330 623 2379; x_wconf 86' lang='lat' dir='ltr'><strong>Cald.</strong></span> <span class='ocrx_word' id='word_1_158' title='bbox 648 2332 808 2393; x_wconf 76' lang='lat' dir='ltr'><strong>Lugd.</strong></span> <span class='ocrx_word' id='word_1_159' title='bbox 827 2332 861 2383; x_wconf 89' lang='lat' dir='ltr'><strong>J</strong></span> <span class='ocrx_word' id='word_1_160' title='bbox 867 2338 978 2382; x_wconf 87' lang='lat' dir='ltr'><strong>unt.</strong></span> <span class='ocrx_word' id='word_1_161' title='bbox 995 2331 1119 2384; x_wconf 87' lang='lat' dir='ltr'><strong>Ald.</strong></span> <span class='ocrx_word' id='word_1_162' title='bbox 1139 2335 1321 2398; x_wconf 81' lang='lat' dir='ltr'><strong>Stepb.</strong></span> <span class='ocrx_word' id='word_1_163' title='bbox 1342 2334 1471 2398; x_wconf 82' lang='lat' dir='ltr'><strong>Arg.</strong></span> <span class='ocrx_word' id='word_1_164' title='bbox 1514 2335 1701 2384; x_wconf 88' lang='lat' dir='ltr'><strong>Mallet</strong></span> <span class='ocrx_word' id='word_1_165' title='bbox 1721 2335 1867 2383; x_wconf 87' lang='lat' dir='ltr'><strong>Torr.</strong></span> <span class='ocrx_word' id='word_1_166' title='bbox 1892 2333 2349 2386; x_wconf 54' lang='lat' dir='ltr'><strong>foraminisa—4</strong></span> <span class='ocrx_word' id='word_1_167' title='bbox 2385 2333 2506 2381; x_wconf 89' lang='lat' dir='ltr'><strong>Non</strong></span> 
     </span>
     <span class='ocr_line' id='line_1_21' title="bbox 302 2395 2506 2459; baseline 0 -15"><span class='ocrx_word' id='word_1_168' title='bbox 302 2401 574 2458; x_wconf 89' lang='lat' dir='ltr'><strong>comparet</strong></span> <span class='ocrx_word' id='word_1_169' title='bbox 596 2396 671 2445; x_wconf 87' lang='grc' dir='ltr'><strong>Μ.</strong></span> <span class='ocrx_word' id='word_1_170' title='bbox 693 2397 742 2444; x_wconf 90' lang='lat' dir='ltr'><strong>in</strong></span> <span class='ocrx_word' id='word_1_171' title='bbox 766 2397 896 2459; x_wconf 88' lang='lat' dir='ltr'><strong>Cop.</strong></span> <span class='ocrx_word' id='word_1_172' title='bbox 919 2406 975 2448; x_wconf 90' lang='lat' dir='ltr'><strong>et</strong></span> <span class='ocrx_word' id='word_1_173' title='bbox 997 2413 1117 2450; x_wconf 83' lang='lat' dir='ltr'><strong>mox</strong></span> <span class='ocrx_word' id='word_1_174' title='bbox 1139 2399 1202 2449; x_wconf 78' lang='lat' dir='ltr'><strong>L.</strong></span> <span class='ocrx_word' id='word_1_175' title='bbox 1238 2401 1416 2449; x_wconf 85' lang='lat' dir='ltr'><strong>exulat</strong></span> <span class='ocrx_word' id='word_1_176' title='bbox 1457 2399 1523 2448; x_wconf 91' lang='lat' dir='ltr'><strong>ab</strong></span> <span class='ocrx_word' id='word_1_177' title='bbox 1554 2401 1688 2450; x_wconf 84' lang='lat' dir='ltr'><strong>Exe.</strong></span> <span class='ocrx_word' id='word_1_178' title='bbox 1710 2400 1862 2449; x_wconf 84' lang='lat' dir='ltr'><strong>Voss.</strong></span> <span class='ocrx_word' id='word_1_179' title='bbox 1899 2398 2134 2449; x_wconf 86' lang='lat' dir='ltr'><strong>Harlem.</strong></span> <span class='ocrx_word' id='word_1_180' title='bbox 2171 2397 2346 2447; x_wconf 74' lang='lat' dir='ltr'><strong>Pei-iz.</strong></span> <span class='ocrx_word' id='word_1_181' title='bbox 2369 2395 2506 2446; x_wconf 82' lang='lat' dir='ltr'><strong>Edd.</strong></span> 
     </span>
     <span class='ocr_line' id='line_1_22' title="bbox 301 2459 2507 2529; baseline 0.001 -19"><span class='ocrx_word' id='word_1_182' title='bbox 301 2461 453 2516; x_wconf 86' lang='lat' dir='ltr'><strong>Rom.</strong></span> <span class='ocrx_word' id='word_1_183' title='bbox 492 2460 637 2512; x_wconf 88' lang='lat' dir='ltr'><strong>Med.</strong></span> <span class='ocrx_word' id='word_1_184' title='bbox 676 2459 823 2511; x_wconf 87' lang='lat' dir='ltr'><strong>Cald.</strong></span> <span class='ocrx_word' id='word_1_185' title='bbox 858 2464 993 2513; x_wconf 86' lang='lat' dir='ltr'><strong>Ven.</strong></span> <span class='ocrx_word' id='word_1_186' title='bbox 1016 2468 1066 2516; x_wconf 92' lang='lat'><strong>1.</strong></span> <span class='ocrx_word' id='word_1_187' title='bbox 1101 2465 1249 2516; x_wconf 85' lang='lat' dir='ltr'><strong>Junt.</strong></span> <span class='ocrx_word' id='word_1_188' title='bbox 1284 2466 1451 2528; x_wconf 85' lang='lat' dir='ltr'><strong>Lugd.</strong></span> <span class='ocrx_word' id='word_1_189' title='bbox 1492 2464 1615 2514; x_wconf 87' lang='lat' dir='ltr'><strong>Ald.</strong></span> <span class='ocrx_word' id='word_1_190' title='bbox 1658 2466 1882 2529; x_wconf 85' lang='lat' dir='ltr'><strong>aliisque.</strong></span> <span class='ocrx_word' id='word_1_191' title='bbox 1952 2465 2086 2513; x_wconf 86' lang='lat' dir='ltr'><strong>Item</strong></span> <span class='ocrx_word' id='word_1_192' title='bbox 2115 2464 2192 2513; x_wconf 86' lang='lat' dir='ltr'><strong>M.</strong></span> <span class='ocrx_word' id='word_1_193' title='bbox 2211 2461 2371 2512; x_wconf 76' lang='lat' dir='ltr'><strong>Acilio</strong></span> <span class='ocrx_word' id='word_1_194' title='bbox 2391 2461 2507 2524; x_wconf 79' lang='lat' dir='ltr'><strong>Lep.</strong></span> 
     </span>
     <span class='ocr_line' id='line_1_23' title="bbox 300 2525 2503 2589; baseline 0.001 -15"><span class='ocrx_word' id='word_1_195' title='bbox 300 2526 477 2575; x_wconf 88' lang='lat' dir='ltr'><strong>Periz.</strong></span> <span class='ocrx_word' id='word_1_196' title='bbox 505 2541 535 2575; x_wconf 85' lang='lat' dir='ltr'><strong>a</strong></span> <span class='ocrx_word' id='word_1_197' title='bbox 558 2542 625 2576; x_wconf 88' lang='lat' dir='ltr'><strong>m.</strong></span> <span class='ocrx_word' id='word_1_198' title='bbox 651 2541 729 2589; x_wconf 89' lang='lat' dir='ltr'><strong>pr.</strong></span> <span class='ocrx_word' id='word_1_199' title='bbox 750 2533 796 2576; x_wconf 80' lang='lat' dir='ltr'><strong>et</strong></span> <span class='ocrx_word' id='word_1_200' title='bbox 819 2529 1044 2578; x_wconf 66' lang='lat' dir='ltr'><strong>Manae-io</strong></span> <span class='ocrx_word' id='word_1_201' title='bbox 1068 2531 1256 2579; x_wconf 85' lang='lat' dir='ltr'><strong>omisso</strong></span> <span class='ocrx_word' id='word_1_202' title='bbox 1278 2544 1527 2589; x_wconf 86' lang='lat' dir='ltr'><strong>praenom.</strong></span> <span class='ocrx_word' id='word_1_203' title='bbox 1551 2529 1684 2580; x_wconf 87' lang='lat' dir='ltr'><strong>Edd.</strong></span> <span class='ocrx_word' id='word_1_204' title='bbox 1709 2530 1844 2577; x_wconf 86' lang='lat' dir='ltr'><strong>Ven.</strong></span> <span class='ocrx_word' id='word_1_205' title='bbox 1867 2533 1917 2578; x_wconf 80' lang='lat'><strong>2.</strong></span> <span class='ocrx_word' id='word_1_206' title='bbox 1936 2533 1984 2576; x_wconf 73' lang='lat'><strong>8.</strong></span> <span class='ocrx_word' id='word_1_207' title='bbox 2006 2529 2137 2577; x_wconf 90' lang='lat' dir='ltr'><strong>Bon.</strong></span> <span class='ocrx_word' id='word_1_208' title='bbox 2153 2529 2275 2578; x_wconf 84' lang='lat' dir='ltr'><strong>Bas.</strong></span> <span class='ocrx_word' id='word_1_209' title='bbox 2299 2525 2503 2589; x_wconf 83' lang='lat' dir='ltr'><strong>Grypb.</strong></span> 
     </span>
     <span class='ocr_line' id='line_1_24' title="bbox 301 2590 2506 2656; baseline -0 -17"><span class='ocrx_word' id='word_1_210' title='bbox 301 2590 479 2641; x_wconf 79' lang='lat' dir='ltr'><strong>Plant.</strong></span> <span class='ocrx_word' id='word_1_211' title='bbox 527 2592 757 2641; x_wconf 62' lang='lat' dir='ltr'><strong>Manae-io</strong></span> <span class='ocrx_word' id='word_1_212' title='bbox 779 2593 976 2644; x_wconf 88' lang='lat' dir='ltr'><strong>Medic.</strong></span> <span class='ocrx_word' id='word_1_213' title='bbox 1001 2597 1049 2642; x_wconf 75' lang='lat'><strong>3.</strong></span> <span class='ocrx_word' id='word_1_214' title='bbox 1095 2596 1354 2644; x_wconf 81' lang='lat' dir='ltr'><strong>Munatino</strong></span> <span class='ocrx_word' id='word_1_215' title='bbox 1376 2594 1534 2644; x_wconf 86' lang='lat' dir='ltr'><strong>vind.</strong></span> <span class='ocrx_word' id='word_1_216' title='bbox 1556 2600 1598 2644; x_wconf 91' lang='lat'><strong>1.</strong></span> <span class='ocrx_word' id='word_1_217' title='bbox 1650 2594 1877 2642; x_wconf 76' lang='lat' dir='ltr'><strong>Mimatio</strong></span> <span class='ocrx_word' id='word_1_218' title='bbox 1913 2593 2092 2656; x_wconf 86' lang='lat' dir='ltr'><strong>Camp.</strong></span> <span class='ocrx_word' id='word_1_219' title='bbox 2142 2591 2371 2641; x_wconf 75' lang='lat' dir='ltr'><strong>Namatio</strong></span> <span class='ocrx_word' id='word_1_220' title='bbox 2394 2592 2506 2638; x_wconf 79' lang='lat' dir='ltr'><strong>cod.</strong></span> 
     </span>
     <span class='ocr_line' id='line_1_25' title="bbox 301 2656 2505 2721; baseline -0.001 -15"><span class='ocrx_word' id='word_1_221' title='bbox 301 2656 666 2707; x_wconf 85' lang='lat' dir='ltr'><strong>Glareani.—-5</strong></span> <span class='ocrx_word' id='word_1_222' title='bbox 699 2657 803 2708; x_wconf 81' lang='lat' dir='ltr'><strong>Per</strong></span> <span class='ocrx_word' id='word_1_223' title='bbox 825 2658 926 2709; x_wconf 76' lang='lat' dir='ltr'><strong>bell.</strong></span> <span class='ocrx_word' id='word_1_224' title='bbox 949 2660 1161 2711; x_wconf 88' lang='lat' dir='ltr'><strong>Memm.</strong></span> <span class='ocrx_word' id='word_1_225' title='bbox 1185 2665 1294 2710; x_wconf 83' lang='lat' dir='ltr'><strong>tres</strong></span> <span class='ocrx_word' id='word_1_226' title='bbox 1318 2658 1438 2709; x_wconf 86' lang='lat' dir='ltr'><strong>libri</strong></span> <span class='ocrx_word' id='word_1_227' title='bbox 1453 2661 1602 2710; x_wconf 86' lang='lat' dir='ltr'><strong>Torr.</strong></span> <span class='ocrx_word' id='word_1_228' title='bbox 1627 2665 1682 2709; x_wconf 85' lang='lat' dir='ltr'><strong>et</strong></span> <span class='ocrx_word' id='word_1_229' title='bbox 1719 2659 1773 2707; x_wconf 88' lang='lat' dir='ltr'><strong>in</strong></span> <span class='ocrx_word' id='word_1_230' title='bbox 1807 2672 1968 2721; x_wconf 82' lang='lat' dir='ltr'><strong>marg.</strong></span> <span class='ocrx_word' id='word_1_231' title='bbox 2006 2657 2198 2706; x_wconf 86' lang='lat' dir='ltr'><strong>habent</strong></span> <span class='ocrx_word' id='word_1_232' title='bbox 2219 2656 2355 2706; x_wconf 88' lang='lat' dir='ltr'><strong>Edd.</strong></span> <span class='ocrx_word' id='word_1_233' title='bbox 2381 2656 2505 2704; x_wconf 82' lang='lat' dir='ltr'><strong>Bas.</strong></span> 
     </span>
    </p>
   </div>
   <div class='ocr_carea' id='block_1_6' title="bbox 1286 2839 1501 2892">
    <p class='ocr_par' dir='ltr' id='par_1_6' title="bbox 1286 2839 1501 2892">
     <span class='ocr_line' id='line_1_26' title="bbox 1286 2839 1501 2892; baseline -0.005 -1"><span class='ocrx_word' id='word_1_234' title='bbox 1286 2839 1501 2892; x_wconf 80' lang='lat' dir='ltr'><strong>No&#39;rAE</strong></span> 
     </span>
    </p>
   </div>
   <div class='ocr_carea' id='block_1_7' title="bbox 234 2968 1370 4411">
    <p class='ocr_par' dir='ltr' id='par_1_7' title="bbox 234 2968 1368 3555">
     <span class='ocr_line' id='line_1_27' title="bbox 300 2968 1362 3034; baseline 0.004 -18"><span class='ocrx_word' id='word_1_235' title='bbox 300 2969 528 3033; x_wconf 78' lang='lat' dir='ltr'><strong>aliquam</strong></span> <span class='ocrx_word' id='word_1_236' title='bbox 570 2968 885 3034; x_wconf 76' lang='lat' dir='ltr'><strong>ambiebant,</strong></span> <span class='ocrx_word' id='word_1_237' title='bbox 928 2970 981 3020; x_wconf 88' lang='lat' dir='ltr'><strong>id</strong></span> <span class='ocrx_word' id='word_1_238' title='bbox 1027 2971 1362 3022; x_wconf 72' lang='lat' dir='ltr'><strong>Senator-ibus</strong></span> 
     </span>
     <span class='ocr_line' id='line_1_28' title="bbox 298 3044 1363 3113; baseline 0.007 -20"><span class='ocrx_word' id='word_1_239' title='bbox 298 3045 506 3094; x_wconf 75' lang='lat' dir='ltr'><strong>honoris</strong></span> <span class='ocrx_word' id='word_1_240' title='bbox 544 3044 903 3112; x_wconf 84' lang='lat' dir='ltr'><strong>indulgebant,</strong></span> <span class='ocrx_word' id='word_1_241' title='bbox 933 3057 994 3099; x_wconf 93' lang='lat' dir='ltr'><strong>ut</strong></span> <span class='ocrx_word' id='word_1_242' title='bbox 1016 3055 1166 3113; x_wconf 88' lang='lat' dir='ltr'><strong>patet</strong></span> <span class='ocrx_word' id='word_1_243' title='bbox 1188 3063 1254 3098; x_wconf 87' lang='lat' dir='ltr'><strong>ex</strong></span> <span class='ocrx_word' id='word_1_244' title='bbox 1276 3049 1363 3100; x_wconf 83' lang='lat' dir='ltr'><strong>ci-</strong></span> 
     </span>
     <span class='ocr_line' id='line_1_29' title="bbox 297 3119 1365 3185; baseline 0.005 -16"><span class='ocrx_word' id='word_1_245' title='bbox 297 3134 492 3171; x_wconf 88' lang='lat' dir='ltr'><strong>cerone</strong></span> <span class='ocrx_word' id='word_1_246' title='bbox 534 3119 773 3185; x_wconf 80' lang='lat' dir='ltr'><strong>Epistola</strong></span> <span class='ocrx_word' id='word_1_247' title='bbox 812 3125 875 3174; x_wconf 90' lang='lat' dir='ltr'><strong>ad</strong></span> <span class='ocrx_word' id='word_1_248' title='bbox 922 3125 1254 3178; x_wconf 87' lang='lat' dir='ltr'><strong>Cornificium</strong></span> <span class='ocrx_word' id='word_1_249' title='bbox 1282 3131 1365 3176; x_wconf 80' lang='lat'><strong>21.</strong></span> 
     </span>
     <span class='ocr_line' id='line_1_30' title="bbox 298 3197 1363 3269; baseline 0.007 -23"><span class='ocrx_word' id='word_1_250' title='bbox 298 3197 395 3247; x_wconf 77' lang='lat' dir='ltr'><strong>llb-</strong></span> <span class='ocrx_word' id='word_1_251' title='bbox 416 3211 527 3248; x_wconf 67' lang='grc' dir='ltr'><strong>κη.</strong></span> <span class='ocrx_word' id='word_1_252' title='bbox 565 3207 579 3226; x_wconf 85' lang='lat'>‘</span> <span class='ocrx_word' id='word_1_253' title='bbox 599 3199 765 3264; x_wconf 87' lang='lat' dir='ltr'><strong>quue</strong></span> <span class='ocrx_word' id='word_1_254' title='bbox 791 3214 821 3249; x_wconf 86' lang='lat' dir='ltr'><strong>a</strong></span> <span class='ocrx_word' id='word_1_255' title='bbox 844 3206 897 3251; x_wconf 94' lang='lat' dir='ltr'><strong>te</strong></span> <span class='ocrx_word' id='word_1_256' title='bbox 924 3210 1066 3269; x_wconf 85' lang='lat' dir='ltr'><strong>peto,</strong></span> <span class='ocrx_word' id='word_1_257' title='bbox 1091 3203 1229 3268; x_wconf 88' lang='lat' dir='ltr'><strong>quod</strong></span> <span class='ocrx_word' id='word_1_258' title='bbox 1249 3203 1363 3268; x_wconf 81' lang='lat' dir='ltr'><strong>ipse</strong></span> 
     </span>
     <span class='ocr_line' id='line_1_31' title="bbox 302 3275 1365 3344; baseline 0.007 -21"><span class='ocrx_word' id='word_1_259' title='bbox 302 3275 354 3323; x_wconf 86' lang='lat' dir='ltr'><strong>in</strong></span> <span class='ocrx_word' id='word_1_260' title='bbox 392 3275 660 3339; x_wconf 82' lang='lat' dir='ltr'><strong>provincia</strong></span> <span class='ocrx_word' id='word_1_261' title='bbox 698 3275 872 3327; x_wconf 84' lang='lat' dir='ltr'><strong>facere</strong></span> <span class='ocrx_word' id='word_1_262' title='bbox 911 3293 1024 3328; x_wconf 87' lang='lat' dir='ltr'><strong>sum</strong></span> <span class='ocrx_word' id='word_1_263' title='bbox 1058 3280 1262 3344; x_wconf 78' lang='lat' dir='ltr'><strong>solitus,</strong></span> <span class='ocrx_word' id='word_1_264' title='bbox 1306 3287 1365 3330; x_wconf 91' lang='lat' dir='ltr'><strong>ut</strong></span> 
     </span>
     <span class='ocr_line' id='line_1_32' title="bbox 302 3351 1368 3416; baseline 0.001 -14"><span class='ocrx_word' id='word_1_265' title='bbox 302 3351 538 3402; x_wconf 86' lang='lat' dir='ltr'><strong>omnibns</strong></span> <span class='ocrx_word' id='word_1_266' title='bbox 560 3353 897 3403; x_wconf 80' lang='lat' dir='ltr'><strong>senatoribus</strong></span> <span class='ocrx_word' id='word_1_267' title='bbox 912 3354 1148 3404; x_wconf 84' lang='lat' dir='ltr'><strong>Lictores</strong></span> <span class='ocrx_word' id='word_1_268' title='bbox 1171 3355 1368 3416; x_wconf 86' lang='lat' dir='ltr'><strong>darem,</strong></span> 
     </span>
     <span class='ocr_line' id='line_1_33' title="bbox 234 3428 1366 3494; baseline 0.003 -18"><span class='ocrx_word' id='word_1_269' title='bbox 234 3433 242 3441; x_wconf 84' lang='lat'><strong>·</strong></span> <span class='ocrx_word' id='word_1_270' title='bbox 303 3428 441 3493; x_wconf 85' lang='lat' dir='ltr'><strong>quod</strong></span> <span class='ocrx_word' id='word_1_271' title='bbox 463 3428 599 3479; x_wconf 85' lang='lat' dir='ltr'><strong>idem</strong></span> <span class='ocrx_word' id='word_1_272' title='bbox 623 3443 925 3494; x_wconf 76' lang='lat' dir='ltr'><strong>acceperam</strong></span> <span class='ocrx_word' id='word_1_273' title='bbox 949 3445 978 3481; x_wconf 87' lang='lat' dir='ltr'><strong>a</strong></span> <span class='ocrx_word' id='word_1_274' title='bbox 998 3431 1210 3481; x_wconf 82' lang='lat' dir='ltr'><strong>summis</strong></span> <span class='ocrx_word' id='word_1_275' title='bbox 1242 3429 1366 3480; x_wconf 77' lang='lat' dir='ltr'><strong>viris</strong></span> 
     </span>
     <span class='ocr_line' id='line_1_34' title="bbox 301 3505 635 3555; baseline 0.003 -1"><span class='ocrx_word' id='word_1_276' title='bbox 301 3505 635 3555; x_wconf 81' lang='lat' dir='ltr'><strong>factitatum.&#39;</strong></span> 
     </span>
    </p>

    <p class='ocr_par' dir='ltr' id='par_1_8' title="bbox 299 3580 1368 4027">
     <span class='ocr_line' id='line_1_35' title="bbox 366 3580 1365 3646; baseline 0.003 -17"><span class='ocrx_word' id='word_1_277' title='bbox 366 3587 390 3613; x_wconf 76' lang='lat'>⁸</span> <span class='ocrx_word' id='word_1_278' title='bbox 424 3580 680 3644; x_wconf 75' lang='lat' dir='ltr'><strong>Achaiam]</strong></span> <span class='ocrx_word' id='word_1_279' title='bbox 723 3580 920 3632; x_wconf 83' lang='lat' dir='ltr'><strong>Achaia</strong></span> <span class='ocrx_word' id='word_1_280' title='bbox 960 3582 1172 3646; x_wconf 80' lang='lat' dir='ltr'><strong>proprie</strong></span> <span class='ocrx_word' id='word_1_281' title='bbox 1222 3581 1365 3632; x_wconf 90' lang='lat' dir='ltr'><strong>dicta</strong></span> 
     </span>
     <span class='ocr_line' id='line_1_36' title="bbox 299 3655 1368 3724; baseline 0.002 -19"><span class='ocrx_word' id='word_1_282' title='bbox 299 3655 403 3706; x_wconf 75' lang='lat' dir='ltr'><strong>fuit</strong></span> <span class='ocrx_word' id='word_1_283' title='bbox 424 3657 475 3705; x_wconf 92' lang='lat' dir='ltr'><strong>in</strong></span> <span class='ocrx_word' id='word_1_284' title='bbox 493 3657 869 3722; x_wconf 76' lang='lat' dir='ltr'><strong>Peloponneso,</strong></span> <span class='ocrx_word' id='word_1_285' title='bbox 894 3659 984 3724; x_wconf 88' lang='lat' dir='ltr'><strong>qui</strong></span> <span class='ocrx_word' id='word_1_286' title='bbox 1004 3659 1158 3709; x_wconf 88' lang='lat' dir='ltr'><strong>hodie</strong></span> <span class='ocrx_word' id='word_1_287' title='bbox 1181 3659 1368 3708; x_wconf 83' lang='lat' dir='ltr'><strong>Morea.</strong></span> 
     </span>
     <span class='ocr_line' id='line_1_37' title="bbox 301 3734 1364 3789; baseline 0.006 -6"><span class='ocrx_word' id='word_1_288' title='bbox 301 3736 384 3784; x_wconf 83' lang='lat' dir='ltr'><strong>Ex</strong></span> <span class='ocrx_word' id='word_1_289' title='bbox 408 3734 658 3785; x_wconf 85' lang='lat' dir='ltr'><strong>divisione</strong></span> <span class='ocrx_word' id='word_1_290' title='bbox 677 3738 894 3786; x_wconf 73' lang='lat' dir='ltr'><strong>Graeciae</strong></span> <span class='ocrx_word' id='word_1_291' title='bbox 915 3753 946 3787; x_wconf 90' lang='lat' dir='ltr'><strong>a</strong></span> <span class='ocrx_word' id='word_1_292' title='bbox 976 3739 1216 3788; x_wconf 77' lang='lat' dir='ltr'><strong>Romani·</strong></span> <span class='ocrx_word' id='word_1_293' title='bbox 1254 3737 1364 3789; x_wconf 86' lang='lat' dir='ltr'><strong>fac·</strong></span> 
     </span>
     <span class='ocr_line' id='line_1_38' title="bbox 304 3811 1364 3880; baseline 0.005 -19"><span class='ocrx_word' id='word_1_294' title='bbox 304 3818 377 3872; x_wconf 88' lang='lat' dir='ltr'><strong>ta,</strong></span> <span class='ocrx_word' id='word_1_295' title='bbox 397 3811 565 3875; x_wconf 83' lang='lat' dir='ltr'><strong>ipsum</strong></span> <span class='ocrx_word' id='word_1_296' title='bbox 602 3814 1074 3876; x_wconf 84' lang='lat' dir='ltr'><strong>comprehendebat</strong></span> <span class='ocrx_word' id='word_1_297' title='bbox 1105 3816 1364 3880; x_wconf 88' lang='lat' dir='ltr'><strong>Pelopon·</strong></span> 
     </span>
     <span class='ocr_line' id='line_1_39' title="bbox 302 3885 1366 3953; baseline 0.006 -18"><span class='ocrx_word' id='word_1_298' title='bbox 302 3899 503 3941; x_wconf 76' lang='lat' dir='ltr'><strong>nesam,</strong></span> <span class='ocrx_word' id='word_1_299' title='bbox 526 3885 787 3937; x_wconf 73' lang='lat' dir='ltr'><strong>Graeciam</strong></span> <span class='ocrx_word' id='word_1_300' title='bbox 816 3890 1024 3953; x_wconf 87' lang='lat' dir='ltr'><strong>proprie</strong></span> <span class='ocrx_word' id='word_1_301' title='bbox 1062 3890 1276 3953; x_wconf 86' lang='lat' dir='ltr'><strong>dictam,</strong></span> <span class='ocrx_word' id='word_1_302' title='bbox 1310 3898 1366 3942; x_wconf 87' lang='lat' dir='ltr'><strong>et</strong></span> 
     </span>
     <span class='ocr_line' id='line_1_40' title="bbox 305 3963 969 4027; baseline 0.003 -14"><span class='ocrx_word' id='word_1_303' title='bbox 305 3963 736 4027; x_wconf 80' lang='lat' dir='ltr'><strong>circumjacentes</strong></span> <span class='ocrx_word' id='word_1_304' title='bbox 758 3965 969 4015; x_wconf 76' lang='lat' dir='ltr'><strong>insulas.</strong></span> 
     </span>
    </p>

    <p class='ocr_par' dir='ltr' id='par_1_9' title="bbox 306 4037 1365 4182">
     <span class='ocr_line' id='line_1_41' title="bbox 369 4037 1365 4102; baseline 0.005 -14"><span class='ocrx_word' id='word_1_305' title='bbox 369 4037 390 4072; x_wconf 72' lang='lat'><strong><em>¹</em></strong></span> <span class='ocrx_word' id='word_1_306' title='bbox 415 4038 762 4102; x_wconf 74' lang='lat' dir='ltr'><strong>Reconciliata]</strong></span> <span class='ocrx_word' id='word_1_307' title='bbox 784 4039 871 4090; x_wconf 89' lang='lat' dir='ltr'><strong>De</strong></span> <span class='ocrx_word' id='word_1_308' title='bbox 890 4041 967 4090; x_wconf 74' lang='lat' dir='ltr'><strong>his</strong></span> <span class='ocrx_word' id='word_1_309' title='bbox 993 4042 1365 4094; x_wconf 88' lang='lat' dir='ltr'><strong>reconciliatio·</strong></span> 
     </span>
     <span class='ocr_line' id='line_1_42' title="bbox 306 4113 1155 4182; baseline 0.001 -18"><span class='ocrx_word' id='word_1_310' title='bbox 306 4113 461 4166; x_wconf 78' lang='lat' dir='ltr'><strong>nibus</strong></span> <span class='ocrx_word' id='word_1_311' title='bbox 474 4130 633 4180; x_wconf 77' lang='lat' dir='ltr'><strong>snpra</strong></span> <span class='ocrx_word' id='word_1_312' title='bbox 654 4118 709 4166; x_wconf 88' lang='lat' dir='ltr'><strong>in</strong></span> <span class='ocrx_word' id='word_1_313' title='bbox 728 4117 966 4182; x_wconf 85' lang='lat' dir='ltr'><strong>Augusto</strong></span> <span class='ocrx_word' id='word_1_314' title='bbox 999 4133 1049 4168; x_wconf 89' lang='lat' dir='ltr'><strong>c.</strong></span> <span class='ocrx_word' id='word_1_315' title='bbox 1074 4122 1155 4167; x_wconf 85' lang='lat'><strong>16.</strong></span> 
     </span>
    </p>

    <p class='ocr_par' dir='ltr' id='par_1_10' title="bbox 310 4191 1370 4411">
     <span class='ocr_line' id='line_1_43' title="bbox 370 4191 1368 4259; baseline 0.001 -18"><span class='ocrx_word' id='word_1_316' title='bbox 370 4198 399 4235; x_wconf 67' lang='grc'><strong>8</strong></span> <span class='ocrx_word' id='word_1_317' title='bbox 430 4191 643 4256; x_wconf 76' lang='lat' dir='ltr'><strong>Liviam]</strong></span> <span class='ocrx_word' id='word_1_318' title='bbox 692 4191 757 4242; x_wconf 87' lang='lat' dir='ltr'><strong>In</strong></span> <span class='ocrx_word' id='word_1_319' title='bbox 798 4193 1031 4259; x_wconf 76' lang='lat' dir='ltr'><strong>Augusto</strong></span> <span class='ocrx_word' id='word_1_320' title='bbox 1069 4208 1118 4244; x_wconf 89' lang='lat' dir='ltr'><strong>c.</strong></span> <span class='ocrx_word' id='word_1_321' title='bbox 1160 4198 1243 4244; x_wconf 78' lang='lat'><strong>62.</strong></span> <span class='ocrx_word' id='word_1_322' title='bbox 1286 4197 1368 4243; x_wconf 83' lang='grc'><strong>69.</strong></span> 
     </span>
     <span class='ocr_line' id='line_1_44' title="bbox 310 4269 394 4318; baseline 0 0"><span class='ocrx_word' id='word_1_323' title='bbox 310 4269 394 4318; x_wconf 79' lang='grc'><strong>71.</strong></span> 
     </span>
     <span class='ocr_line' id='line_1_45' title="bbox 371 4343 1370 4411; baseline 0 -18"><span class='ocrx_word' id='word_1_324' title='bbox 371 4343 396 4376; x_wconf 70' lang='lat'><strong>¹³</strong></span> <span class='ocrx_word' id='word_1_325' title='bbox 433 4343 723 4408; x_wconf 73' lang='lat' dir='ltr'><strong>Neronibus]</strong></span> <span class='ocrx_word' id='word_1_326' title='bbox 774 4344 920 4396; x_wconf 87' lang='lat' dir='ltr'><strong>Idem</strong></span> <span class='ocrx_word' id='word_1_327' title='bbox 944 4346 1148 4411; x_wconf 87' lang='lat' dir='ltr'><strong>utrique</strong></span> <span class='ocrx_word' id='word_1_328' title='bbox 1182 4358 1370 4395; x_wconf 88' lang='lat' dir='ltr'><strong>nomen</strong></span> 
     </span>
    </p>
   </div>
   <div class='ocr_carea' id='block_1_8' title="bbox 1442 2961 2541 4318">
    <p class='ocr_par' dir='ltr' id='par_1_11' title="bbox 1442 2961 2541 3113">
     <span class='ocr_line' id='line_1_46' title="bbox 1443 2961 2508 3027; baseline -0.01 -6"><span class='ocrx_word' id='word_1_329' title='bbox 1443 2976 1499 3021; x_wconf 90' lang='lat' dir='ltr'><strong>et</strong></span> <span class='ocrx_word' id='word_1_330' title='bbox 1526 2968 1773 3020; x_wconf 75' lang='lat' dir='ltr'><strong>Horatius</strong></span> <span class='ocrx_word' id='word_1_331' title='bbox 1796 2967 1915 3019; x_wconf 86' lang='lat' dir='ltr'><strong>Ode</strong></span> <span class='ocrx_word' id='word_1_332' title='bbox 1930 2971 1982 3018; x_wconf 82' lang='grc'><strong>4.</strong></span> <span class='ocrx_word' id='word_1_333' title='bbox 2017 2965 2105 3014; x_wconf 78' lang='lat' dir='ltr'><strong>nb.</strong></span> <span class='ocrx_word' id='word_1_334' title='bbox 2142 2976 2223 3014; x_wconf 77' lang='lat' dir='ltr'><strong>xv.</strong></span> <span class='ocrx_word' id='word_1_335' title='bbox 2254 2961 2508 3027; x_wconf 75' lang='lat' dir='ltr'><strong>‘Augusti</strong></span> 
     </span>
     <span class='ocr_line' id='line_1_47' title="bbox 1442 3037 2541 3113; baseline -0.009 -16"><span class='ocrx_word' id='word_1_336' title='bbox 1442 3054 1691 3113; x_wconf 85' lang='lat' dir='ltr'><strong>paternus</strong></span> <span class='ocrx_word' id='word_1_337' title='bbox 1719 3047 1778 3095; x_wconf 90' lang='lat' dir='ltr'><strong>In</strong></span> <span class='ocrx_word' id='word_1_338' title='bbox 1804 3058 1993 3109; x_wconf 79' lang='lat' dir='ltr'><strong>pueros</strong></span> <span class='ocrx_word' id='word_1_339' title='bbox 2013 3042 2211 3092; x_wconf 84' lang='lat' dir='ltr'><strong>animus</strong></span> <span class='ocrx_word' id='word_1_340' title='bbox 2237 3037 2511 3090; x_wconf 51' lang='lat' dir='ltr'><strong>Nerone&amp;</strong></span> <span class='ocrx_word' id='word_1_341' title='bbox 2532 3106 2541 3113; x_wconf 29' lang='grc' dir='ltr'><em>Π</em></span> 
     </span>
    </p>

    <p class='ocr_par' dir='ltr' id='par_1_12' title="bbox 1443 3114 2508 3262">
     <span class='ocr_line' id='line_1_48' title="bbox 1521 3114 2508 3185; baseline -0.007 -13"><span class='ocrx_word' id='word_1_342' title='bbox 1521 3120 1763 3185; x_wconf 73' lang='lat' dir='ltr'><strong>¹F&#39;imdis]</strong></span> <span class='ocrx_word' id='word_1_343' title='bbox 1785 3122 2049 3170; x_wconf 87' lang='lat' dir='ltr'><strong>Ausonum</strong></span> <span class='ocrx_word' id='word_1_344' title='bbox 2072 3118 2125 3167; x_wconf 88' lang='lat' dir='ltr'><strong>in</strong></span> <span class='ocrx_word' id='word_1_345' title='bbox 2150 3116 2298 3167; x_wconf 87' lang='lat' dir='ltr'><strong>Latio</strong></span> <span class='ocrx_word' id='word_1_346' title='bbox 2321 3114 2508 3177; x_wconf 65' lang='lat' dir='ltr'><strong>civitas</strong></span> 
     </span>
     <span class='ocr_line' id='line_1_49' title="bbox 1443 3195 2125 3262; baseline -0.003 -14"><span class='ocrx_word' id='word_1_347' title='bbox 1443 3197 1564 3262; x_wconf 87' lang='lat' dir='ltr'><strong>fuit,</strong></span> <span class='ocrx_word' id='word_1_348' title='bbox 1587 3199 1744 3249; x_wconf 88' lang='lat' dir='ltr'><strong>etiam</strong></span> <span class='ocrx_word' id='word_1_349' title='bbox 1773 3197 1927 3248; x_wconf 87' lang='lat' dir='ltr'><strong>hodie</strong></span> <span class='ocrx_word' id='word_1_350' title='bbox 1952 3195 2125 3246; x_wconf 82' lang='lat' dir='ltr'><strong>Fomii.</strong></span> 
     </span>
    </p>

    <p class='ocr_par' dir='ltr' id='par_1_13' title="bbox 1442 3268 2513 3719">
     <span class='ocr_line' id='line_1_50' title="bbox 1505 3268 2508 3339; baseline -0.01 -13"><span class='ocrx_word' id='word_1_351' title='bbox 1505 3274 1531 3309; x_wconf 78' lang='lat'><strong>¹¹</strong></span> <span class='ocrx_word' id='word_1_352' title='bbox 1564 3275 1857 3339; x_wconf 79' lang='lat' dir='ltr'><strong>Felicitatis]</strong></span> <span class='ocrx_word' id='word_1_353' title='bbox 1886 3270 2194 3323; x_wconf 84' lang='lat' dir='ltr'><strong>Adulatorie</strong></span> <span class='ocrx_word' id='word_1_354' title='bbox 2236 3269 2288 3318; x_wconf 91' lang='lat' dir='ltr'><strong>in</strong></span> <span class='ocrx_word' id='word_1_355' title='bbox 2309 3268 2508 3319; x_wconf 80' lang='lat' dir='ltr'><strong>Tiberi-</strong></span> 
     </span>
     <span class='ocr_line' id='line_1_51' title="bbox 1443 3345 2511 3414; baseline -0.007 -15"><span class='ocrx_word' id='word_1_356' title='bbox 1443 3364 1552 3411; x_wconf 87' lang='lat' dir='ltr'><strong>um,</strong></span> <span class='ocrx_word' id='word_1_357' title='bbox 1566 3350 1712 3414; x_wconf 84' lang='lat' dir='ltr'><strong>quasi</strong></span> <span class='ocrx_word' id='word_1_358' title='bbox 1730 3349 1891 3398; x_wconf 85' lang='lat' dir='ltr'><strong>Orbis</strong></span> <span class='ocrx_word' id='word_1_359' title='bbox 1907 3346 2150 3397; x_wconf 86' lang='lat' dir='ltr'><strong>felicitati</strong></span> <span class='ocrx_word' id='word_1_360' title='bbox 2168 3352 2364 3393; x_wconf 87' lang='lat' dir='ltr'><strong>natum.</strong></span> <span class='ocrx_word' id='word_1_361' title='bbox 2384 3345 2511 3391; x_wconf 88' lang='lat' dir='ltr'><strong>Tor-</strong></span> 
     </span>
     <span class='ocr_line' id='line_1_52' title="bbox 1444 3419 2513 3487; baseline -0.006 -14"><span class='ocrx_word' id='word_1_362' title='bbox 1444 3425 1642 3474; x_wconf 80' lang='lat' dir='ltr'><strong>rentius</strong></span> <span class='ocrx_word' id='word_1_363' title='bbox 1678 3424 1866 3474; x_wconf 87' lang='lat' dir='ltr'><strong>lubens</strong></span> <span class='ocrx_word' id='word_1_364' title='bbox 1905 3425 2048 3487; x_wconf 83' lang='lat' dir='ltr'><strong>legat</strong></span> <span class='ocrx_word' id='word_1_365' title='bbox 2074 3419 2428 3482; x_wconf 76' lang='lat' dir='ltr'><strong>foecanditatis,</strong></span> <span class='ocrx_word' id='word_1_366' title='bbox 2451 3425 2513 3468; x_wconf 93' lang='lat' dir='ltr'><strong>ut</strong></span> 
     </span>
     <span class='ocr_line' id='line_1_53' title="bbox 1443 3496 2511 3558; baseline -0.006 -9"><span class='ocrx_word' id='word_1_367' title='bbox 1443 3499 1496 3549; x_wconf 90' lang='lat' dir='ltr'><strong>in</strong></span> <span class='ocrx_word' id='word_1_368' title='bbox 1520 3500 1696 3557; x_wconf 84' lang='lat' dir='ltr'><strong>Juliae,</strong></span> <span class='ocrx_word' id='word_1_369' title='bbox 1722 3500 1905 3551; x_wconf 83' lang='lat' dir='ltr'><strong>Severi</strong></span> <span class='ocrx_word' id='word_1_370' title='bbox 1947 3508 2003 3549; x_wconf 89' lang='lat' dir='ltr'><strong>et</strong></span> <span class='ocrx_word' id='word_1_371' title='bbox 2032 3497 2311 3558; x_wconf 82' lang='lat' dir='ltr'><strong>Faustinae,</strong></span> <span class='ocrx_word' id='word_1_372' title='bbox 2345 3504 2400 3545; x_wconf 90' lang='lat' dir='ltr'><strong>et</strong></span> <span class='ocrx_word' id='word_1_373' title='bbox 2432 3496 2511 3544; x_wconf 87' lang='grc' dir='ltr'><strong>Μ.</strong></span> 
     </span>
     <span class='ocr_line' id='line_1_54' title="bbox 1442 3571 2509 3639; baseline -0.006 -13"><span class='ocrx_word' id='word_1_374' title='bbox 1442 3576 1647 3626; x_wconf 85' lang='lat' dir='ltr'><strong>Aurelii</strong></span> <span class='ocrx_word' id='word_1_375' title='bbox 1677 3576 1895 3626; x_wconf 82' lang='lat' dir='ltr'><strong>nummis</strong></span> <span class='ocrx_word' id='word_1_376' title='bbox 1916 3575 2109 3639; x_wconf 86' lang='lat' dir='ltr'><strong>legitur</strong></span> <span class='ocrx_word' id='word_1_377' title='bbox 2141 3574 2157 3603; x_wconf 88' lang='lat'>‘</span> <span class='ocrx_word' id='word_1_378' title='bbox 2180 3571 2509 3622; x_wconf 84' lang='lat' dir='ltr'><strong>Foecunditas</strong></span> 
     </span>
     <span class='ocr_line' id='line_1_55' title="bbox 1442 3654 1742 3719; baseline 0.01 -16"><span class='ocrx_word' id='word_1_379' title='bbox 1442 3654 1742 3719; x_wconf 61' lang='lat' dir='ltr'><strong>Augustae!</strong></span> 
     </span>
    </p>

    <p class='ocr_par' dir='ltr' id='par_1_14' title="bbox 1443 3728 2512 4102">
     <span class='ocr_line' id='line_1_56' title="bbox 1505 3728 2511 3795; baseline -0.002 -15"><span class='ocrx_word' id='word_1_380' title='bbox 1505 3728 1521 3763; x_wconf 87' lang='lat'><strong>¹</strong></span> <span class='ocrx_word' id='word_1_381' title='bbox 1553 3731 1615 3780; x_wconf 84' lang='lat' dir='ltr'><strong>In</strong></span> <span class='ocrx_word' id='word_1_382' title='bbox 1639 3731 1853 3795; x_wconf 82' lang='lat' dir='ltr'><strong>Palatio]</strong></span> <span class='ocrx_word' id='word_1_383' title='bbox 1890 3729 2007 3781; x_wconf 85' lang='lat' dir='ltr'><strong>Hoc</strong></span> <span class='ocrx_word' id='word_1_384' title='bbox 2036 3736 2133 3790; x_wconf 82' lang='lat' dir='ltr'><strong>est,</strong></span> <span class='ocrx_word' id='word_1_385' title='bbox 2150 3730 2233 3780; x_wconf 86' lang='lat' dir='ltr'><strong>vel</strong></span> <span class='ocrx_word' id='word_1_386' title='bbox 2256 3730 2310 3779; x_wconf 91' lang='lat' dir='ltr'><strong>in</strong></span> <span class='ocrx_word' id='word_1_387' title='bbox 2335 3736 2511 3779; x_wconf 87' lang='lat' dir='ltr'><strong>monte</strong></span> 
     </span>
     <span class='ocr_line' id='line_1_57' title="bbox 1443 3804 2512 3871; baseline -0.002 -15"><span class='ocrx_word' id='word_1_388' title='bbox 1443 3807 1704 3871; x_wconf 83' lang='lat' dir='ltr'><strong>Palatino,</strong></span> <span class='ocrx_word' id='word_1_389' title='bbox 1728 3808 1812 3857; x_wconf 83' lang='lat' dir='ltr'><strong>vel</strong></span> <span class='ocrx_word' id='word_1_390' title='bbox 1837 3808 1889 3856; x_wconf 91' lang='lat' dir='ltr'><strong>in</strong></span> <span class='ocrx_word' id='word_1_391' title='bbox 1915 3807 2159 3856; x_wconf 86' lang='lat' dir='ltr'><strong>Palatina</strong></span> <span class='ocrx_word' id='word_1_392' title='bbox 2177 3808 2384 3870; x_wconf 87' lang='lat' dir='ltr'><strong>regione</strong></span> <span class='ocrx_word' id='word_1_393' title='bbox 2410 3804 2512 3854; x_wconf 47' lang='lat' dir='ltr'><strong>Ur&amp;</strong></span> 
     </span>
     <span class='ocr_line' id='line_1_58' title="bbox 1443 3882 2508 3944; baseline -0.003 -12"><span class='ocrx_word' id='word_1_394' title='bbox 1443 3882 1521 3933; x_wconf 89' lang='lat' dir='ltr'><strong>bis</strong></span> <span class='ocrx_word' id='word_1_395' title='bbox 1544 3902 1556 3931; x_wconf 75' lang='lat' dir='ltr'><em>z</em></span> <span class='ocrx_word' id='word_1_396' title='bbox 1588 3897 1690 3933; x_wconf 86' lang='lat' dir='ltr'><strong>nec</strong></span> <span class='ocrx_word' id='word_1_397' title='bbox 1714 3883 1851 3933; x_wconf 89' lang='lat' dir='ltr'><strong>enim</strong></span> <span class='ocrx_word' id='word_1_398' title='bbox 1876 3889 2000 3934; x_wconf 86' lang='lat' dir='ltr'><strong>tunc</strong></span> <span class='ocrx_word' id='word_1_399' title='bbox 2014 3891 2281 3933; x_wconf 85' lang='lat' dir='ltr'><strong>exstructa</strong></span> <span class='ocrx_word' id='word_1_400' title='bbox 2307 3882 2508 3944; x_wconf 84' lang='lat' dir='ltr'><strong>Augus-</strong></span> 
     </span>
     <span class='ocr_line' id='line_1_59' title="bbox 1444 3959 2511 4024; baseline -0.002 -14"><span class='ocrx_word' id='word_1_401' title='bbox 1444 3960 1486 4010; x_wconf 86' lang='lat' dir='ltr'><strong>ti</strong></span> <span class='ocrx_word' id='word_1_402' title='bbox 1529 3960 1708 4009; x_wconf 84' lang='lat' dir='ltr'><strong>domus</strong></span> <span class='ocrx_word' id='word_1_403' title='bbox 1746 3960 2004 4015; x_wconf 87' lang='lat' dir='ltr'><strong>Palatina,</strong></span> <span class='ocrx_word' id='word_1_404' title='bbox 2041 3959 2105 4008; x_wconf 88' lang='lat' dir='ltr'><strong>de</strong></span> <span class='ocrx_word' id='word_1_405' title='bbox 2145 3974 2248 4024; x_wconf 88' lang='lat' dir='ltr'><strong>qua</strong></span> <span class='ocrx_word' id='word_1_406' title='bbox 2269 3972 2425 4024; x_wconf 82' lang='lat' dir='ltr'><strong>supra</strong></span> <span class='ocrx_word' id='word_1_407' title='bbox 2458 3959 2511 4008; x_wconf 90' lang='lat' dir='ltr'><strong>in</strong></span> 
     </span>
     <span class='ocr_line' id='line_1_60' title="bbox 1447 4038 2194 4102; baseline -0.001 -16"><span class='ocrx_word' id='word_1_408' title='bbox 1447 4038 1686 4102; x_wconf 85' lang='lat' dir='ltr'><strong>Augusto</strong></span> <span class='ocrx_word' id='word_1_409' title='bbox 1709 4053 1754 4086; x_wconf 85' lang='lat' dir='ltr'><strong>c.</strong></span> <span class='ocrx_word' id='word_1_410' title='bbox 1770 4041 1851 4088; x_wconf 83' lang='lat'><strong>29.</strong></span> <span class='ocrx_word' id='word_1_411' title='bbox 1874 4044 1928 4087; x_wconf 93' lang='lat' dir='ltr'><strong>et</strong></span> <span class='ocrx_word' id='word_1_412' title='bbox 1951 4052 1997 4086; x_wconf 89' lang='lat' dir='ltr'><strong>c.</strong></span> <span class='ocrx_word' id='word_1_413' title='bbox 2020 4043 2069 4087; x_wconf 79' lang='lat'><strong>5.</strong></span> <span class='ocrx_word' id='word_1_414' title='bbox 2093 4041 2194 4088; x_wconf 73' lang='grc' dir='ltr'><strong>ὅτε.</strong></span> 
     </span>
    </p>

    <p class='ocr_par' dir='ltr' id='par_1_15' title="bbox 1446 4113 2510 4318">
     <span class='ocr_line' id='line_1_61' title="bbox 1508 4113 2508 4178; baseline 0 -14"><span class='ocrx_word' id='word_1_415' title='bbox 1508 4122 1546 4147; x_wconf 81' lang='lat'><strong>¹¹¹</strong></span> <span class='ocrx_word' id='word_1_416' title='bbox 1570 4115 1647 4164; x_wconf 88' lang='lat' dir='ltr'><strong>M.</strong></span> <span class='ocrx_word' id='word_1_417' title='bbox 1672 4115 1868 4164; x_wconf 78' lang='lat' dir='ltr'><strong>AEmilio</strong></span> <span class='ocrx_word' id='word_1_418' title='bbox 1889 4113 2092 4178; x_wconf 82' lang='lat' dir='ltr'><strong>Lepido]</strong></span> <span class='ocrx_word' id='word_1_419' title='bbox 2114 4113 2264 4163; x_wconf 84' lang='lat' dir='ltr'><strong>Anno</strong></span> <span class='ocrx_word' id='word_1_420' title='bbox 2286 4114 2350 4163; x_wconf 91' lang='lat' dir='ltr'><strong>ab</strong></span> <span class='ocrx_word' id='word_1_421' title='bbox 2364 4114 2508 4165; x_wconf 88' lang='lat' dir='ltr'>U.C.</span> 
     </span>
     <span class='ocr_line' id='line_1_62' title="bbox 1446 4191 2510 4248; baseline -0.003 -7"><span class='ocrx_word' id='word_1_422' title='bbox 1446 4195 1565 4241; x_wconf 74' lang='lat'>712.</span> <span class='ocrx_word' id='word_1_423' title='bbox 1611 4198 1732 4240; x_wconf 89' lang='lat' dir='ltr'><strong>ante</strong></span> <span class='ocrx_word' id='word_1_424' title='bbox 1779 4191 2036 4248; x_wconf 83' lang='lat' dir='ltr'><strong>Christum</strong></span> <span class='ocrx_word' id='word_1_425' title='bbox 2079 4197 2255 4240; x_wconf 87' lang='lat' dir='ltr'><strong>natum</strong></span> <span class='ocrx_word' id='word_1_426' title='bbox 2301 4191 2510 4241; x_wconf 88' lang='lat' dir='ltr'><strong>circiter</strong></span> 
     </span>
     <span class='ocr_line' id='line_1_63' title="bbox 1447 4270 1530 4318; baseline -0.012 0"><span class='ocrx_word' id='word_1_427' title='bbox 1447 4270 1530 4318; x_wconf 75' lang='lat'><strong>39.</strong></span> 
     </span>
    </p>
   </div>
  </div>
 </body>
</html>
