3019 4922
504 382 637 448 106

510 546 943 608 trectatorum
965 549 986 576 ¹
997 540 1177 624 jocis
1196 543 1557 607 obnoxiam
1579 537 1909 627 expertus.
1957 541 2260 624 Ideoque
2285 551 2355 606 et
2387 542 2699 606 deficien-

508 644 686 710 tem⁸
729 644 1049 727 capillum
1089 664 1406 710 revocare
1436 665 1479 709 a
1505 637 2110 723 vertice'assuerat,
2154 653 2221 711 et
2263 666 2349 709 ex
2393 645 2698 710 omnibus

509 746 798 813 decretis
828 748 959 811 sibi
992 768 1036 812 a
1064 747 1311 813 Senatu
1344 750 1731 835 populoque
1762 750 2143 824 honoribus»,
2168 769 2298 815 non
2327 740 2507 812 aliud
2527 756 2554 798 ⁹
2580 755 2701 820 aut

504 850 761 934 recepit
780 858 897 914 ant
931 851 1279 934 usurpavit
1301 851 1641 928 libentiuS‚
1672 871 1868 934 quarn
1891 851 2008 934 jus
2040 851 2285 916 laureae
2310 859 2363 888 ¹0
2393 870 2659 915 coronae
2680 858 2700 885 ⁸

504 957 829 1039 perpetuo
859 951 1243 1034 gestandae!
1313 952 1537 1018 Etiam
1565 953 1749 1018 cultu
1780 952 2134 1019 notabilem
2162 954 2403 1018 ferunt.
2478 951 2697 1017 Usum

508 1053 679 1118 enim
711 1053 854 1118 lato
885 1052 1113 1119 clavo²
1137 1053 1224 1118 ad
1252 1074 1486 1120 manus
1519 1055 1912 1133 fimbriat0‚¹¹
1936 1075 2059 1121 nec
2091 1065 2162 1121 ut
2190 1076 2479 1142 unquam
2511 1057 2700 1122 aliter

1373 398 1435 444 Ο.
1480 392 1836 446 ΒΠΒΤΟΝΙΙ

1426 1250 1600 1270 ΝΙΟΟΙ
1604 1250 1783 1270 ΝΜΟ

509 1387 664 1438 Voss.
686 1387 857 1438 Periz.
881 1386 1114 1437 Harlem.
1147 1387 1163 1416 ‘
1184 1387 1349 1449 Bene,
1366 1387 1408 1436 si
1431 1388 1634 1450 plenam
1655 1386 2035 1436 distinctionem
2060 1402 2221 1451 ponas
2243 1395 2361 1437 ante
2383 1389 2585 1447 calvitii,
2607 1404 2700 1453 pro

494 1453 684 1514 serebat
699 1468 719 1511 ,·
753 1453 829 1501 uti
858 1467 887 1501 e
924 1453 1089 1515 glossa
1109 1461 1355 1503 exaratur
1378 1454 1428 1501 in
1455 1452 1631 1515 Cujac.
1653 1459 1708 1502 et
1732 1452 1932 1515 Copes.’
1968 1455 2094 1503 Oud.
2161 1455 2329 1517 Supra
2351 1455 2510 1508 habet
2534 1455 2701 1505 Rhed.

510 1522 560 1567 2.
585 1524 638 1568 ut
658 1534 702 1581 q.
733 1517 1042 1581 exprobat-ent
1070 1521 1189 1568 culv.
1222 1518 1317 1578 def.
1343 1534 1445 1566 cum
1468 1518 1681 1580 iniq.—7
1720 1518 1832 1566 Obt.
1854 1534 1978 1580 saepe
2011 1518 2243 1569 Harlem.
2270 1520 2446 1583 Cujac.
2469 1520 2631 1569 Vind.
2659 1524 2702 1570 1.

505 1582 677 1644 Periz.
708 1597 822 1632 curn
848 1582 982 1632 Edd.
1004 1583 1405 1646 quampluvimis.
1435 1583 1744 1631 obtrectat-um
1783 1583 1997 1631 Memm-
2062 1584 2202 1634 Dein
2225 1585 2452 1634 obnoxias
2473 1583 2630 1635 Vind.
2654 1589 2701 1635 2.

506 1651 606 1696 -8
639 1647 816 1711 Cujac.
848 1648 938 1696 dat
972 1648 1291 1713 diffidentem.
1355 1650 1484 1708 Tum
1509 1648 1812 1711 conjectura
1834 1648 2139 1711 Schultingii
2163 1651 2224 1698 ad
2245 1650 2464 1699 verticem
2493 1651 2701 1713 perpla-

509 1717 596 1761 cet
636 1713 761 1761 Ern.
799 1719 983 1761 contra
1009 1727 1184 1761 omnes
1218 1712 1371 1762 codd.
1393 1728 1453 1761 ac
1477 1712 1611 1761 Edd.
1660 1713 1797 1763 Item
1833 1713 2018 1776 Copes.
2041 1714 2186 1764 Med.
2212 1719 2254 1765 l.
2287 1720 2700 1766 consueveram—9

505 1776 706 1826 Probat
743 1778 920 1828 Burm.
960 1777 1373 1828 emendationem
1415 1778 1512 1825 viri
1542 1777 1683 1827 docti
1716 1777 1767 1827 in
1801 1792 1892 1828 ora
1928 1778 2027 1828 Ed.
2070 1779 2244 1828 Plant.
2287 1779 2561 1829 scribentis
2609 1795 2702 1829 non

503 1841 666 1905 alium,
701 1843 827 1891 Ern.
862 1843 1333 1905 improbante.—10
1374 1842 1623 1892 Restituit
1656 1856 1836 1892 vocem
1873 1845 2048 1894 laureoe
2084 1843 2222 1893 Oud.
2257 1859 2322 1893 ex
2356 1845 2482 1894 Mss.
2519 1841 2704 1909 pleris-

504 1921 626 1969 que,
648 1906 984 1970 omnibusque
1008 1907 1143 1957 Edd.
1167 1922 1324 1972 usqne
1349 1907 1416 1957 ad
1439 1906 1660 1958 casaub.
1691 1907 2086 1971 astipulantibus
2118 1910 2243 1958 Ern.
2271 1911 2485 1973 Baumg.

507 1978 690 2023 serunt
712 1973 888 2021 Burm.
910 1972 1073 2022 ScriV.
1097 1973 1216 2037 Bip.
1242 1973 1328 2022 alii
1359 1979 1416 2024 et
1448 1972 1709 2023 multi.—l
1746 1974 1896 2023 Huls.
1926 1976 2225 2037 gestandum.
2294 1973 2427 2025 Dein
2462 1978 2515 2023 ut
2545 1976 2705 2026 minus

509 2036 688 2101 anac.
754 2037 883 2087 Mox
902 2043 958 2087 ut
981 2037 1131 2088 abest
1152 2053 1184 2088 a
1200 2038 1413 2089 Memm.
1430 2038 1618 2090 Barth.
1640 2038 1787 2089 Med.
1811 2039 1968 2090 duob.
1991 2040 2142 2089 Voss.
2215 2040 2284 2089 Ut
2304 2055 2388 2090 aec
2409 2054 2518 2103 unq.
2554 2040 2703 2094 Cort.

1495 2184 1710 2237 No‘rAE
1776 2155 1777 2158 '

508 2304 566 2360 ut
589 2298 717 2362 pilos
739 2299 962 2349 volsellis
996 2299 1149 2349 evelli
1171 2300 1267 2350 sibi
1283 2277 1562 2365 juberent3
1645 2307 1924 2366 praetexta,
1960 2301 2153 2364 vulgari
2196 2299 2373 2351 tunica
2404 2298 2582 2363 latior,
2620 2299 2703 2351 cui

507 2375 644 2438 quod
692 2375 817 2424 vitio
869 2375 1108 2433 dabatur,
1164 2377 1300 2426 unde
1346 2392 1566 2442 corpora
1645 2385 1767 2442 toga
1829 2378 2317 2442 superinduebatur,
2374 2377 2701 2429 Senatorium

507 2453 654 2501 vulsa
717 2452 1039 2503 miiliebriter
1101 2452 1381 2505 foedissima
1435 2454 1566 2506 dicit
1642 2456 1874 2506 ordinem
1910 2455 1974 2504 ab
2008 2453 2240 2520 equestri
2278 2453 2623 2518 distinguens,
2645 2461 2703 2505 ut

507 2528 853 2580 Quintilianus
878 2529 965 2579 lib.
984 2542 1070 2579 ιιι.
1085 2537 1141 2578 et
1163 2530 1421 2580 Martialis
1435 2532 1563 2581 mol·
1643 2532 1782 2581 Plin.
1805 2532 1893 2582 lib.
1921 2544 2124 2581 xxxm.
2146 2546 2192 2580 c.
2209 2535 2258 2583 2.
2285 2535 2468 2580 auctor
2488 2537 2603 2592 est3
2629 2530 2704 2581 sie

503 2605 579 2654 les
603 2606 773 2669 carpit
793 2621 895 2656 non
920 2607 1098 2658 semel.
1643 2609 1787 2659 dicta
1823 2607 1960 2674 qnod
1997 2607 2302 2675 quibusdam
2342 2606 2507 2657 veluti
2542 2608 2704 2658 clavis

2555 1909 2703 1959 Omi-
2778 1907 2782 1910 ’

568 2689 589 2714 ““
625 2676 1030 2746 obtrectatorum]
1067 2684 1139 2733 Ut
1168 2689 1318 2748 patet
1350 2699 1416 2734 ex
1451 2685 1560 2736 dic-

503 2759 571 2808 tis
595 2760 749 2822 paulo
781 2758 918 2809 infra
958 2759 1024 2809 de
1062 2761 1310 2812 militibus
1333 2763 1561 2814 canenti·

504 2836 677 2886 busin
702 2836 981 2901 triumpho.

512 2956 520 2961 .
568 2920 589 2945 ⁸
619 2913 714 2961 Jus
763 2914 937 2962 luureoe
981 2912 1187 2976 cor-once]
1240 2915 1359 2964 Non
1405 2915 1561 2966 modo

505 2988 644 3052 qnod
670 2988 1090 3053 triumphantium
1115 2989 1338 3054 insigne,
1361 3006 1564 3043 verum-

508 3065 665 3115 etiam
726 3066 861 3129 quod
908 3066 1002 3115 bac
1049 3067 1246 3117 ratione
1296 3069 1564 3119 calvitium

507 3142 826 3192 occultaret:
865 3143 950 3208 qni
974 3143 1206 3193 Suetonii
1244 3145 1407 3206 locus,
1445 3161 1562 3197 cum

507 3231 570 3267 eo
594 3217 728 3282 quod
753 3219 837 3268 hic
874 3210 1024 3269 etiam
1050 3219 1203 3281 dixit,
1233 3222 1564 3272 consuevisse

478 3281 694 3357 'nempe
716 3296 957 3359 capillum
997 3312 1028 3344 a
1058 3296 1256 3348 vertice
1294 3311 1562 3361 revocare,

504 3372 728 3421 maxime
766 3372 904 3421 favet
936 3374 996 3422 iis
1021 3375 1106 3437 qui
1134 3373 1390 3427 Romanos
1411 3391 1560 3440 aper·

505 3454 562 3497 to
593 3448 745 3510 vulgo
775 3449 951 3512 capite
989 3449 1040 3497 iu
1085 3449 1209 3497 urbe
1248 3448 1406 3501 fnisse
1439 3465 1560 3502 con-

505 3523 758 3581 tendunt:
784 3525 849 3574 de
870 3541 969 3590 quo
982 3524 1112 3575 infra
1127 3541 1244 3589 cap.
1259 3531 1339 3578 ⁵⁷.
1353 3535 1408 3578 et
1423 3528 1561 3594 Aug.

503 3621 620 3671 cap.
642 3610 724 3657 82.
778 3608 937 3667 Certe
975 3607 1159 3656 mirum
1195 3613 1276 3656 est
1299 3608 1558 3658 Caesarem

502 3684 823 3735 occultandae
847 3684 1071 3733 calvitiei
1102 3699 1203 3733 non
1236 3699 1381 3734 usum
1401 3686 1558 3736 comis

501 3761 601 3809 illis
632 3759 787 3822 fictis,
811 3760 991 3825 quibus
1016 3767 1094 3809 tot
1113 3760 1239 3809 alios
1268 3761 1421 3823 paulo
1438 3769 1558 3825 post

504 3855 622 3890 usos
663 3849 810 3904 patet
855 3841 980 3891 oth.
1010 3856 1135 3906 cap.
1179 3847 1258 3895 12.
1301 3852 1357 3895 et
1389 3847 1555 3912 Calig.

502 3931 619 3980 cap.
659 3920 738 3965 11.
773 3923 830 3965 et
864 3918 992 3966 Ner.
1029 3923 1112 3968 26.
1149 3923 1247 3968 ὅτε.
1293 3936 1409 3971 cum
1457 3937 1556 3972 nec

502 3998 625 4040 ante
650 3991 808 4054 ipsius
843 3999 1080 4056 tempora
1115 3997 1315 4058 populis
1349 3998 1462 4047 aliis
1486 4001 1560 4049 in-

501 4068 720 4130 cognitas
755 4074 949 4132 essent,
990 4075 1174 4132 utpote
1218 4075 1403 4137 quibus
1439 4091 1559 4127 usos

500 4143 655 4204 vulgo
676 4142 860 4192 Medos
883 4152 1090 4195 constat
1111 4161 1182 4195 ex
1205 4149 1443 4215 Xenopb.
1464 4153 1567 4203 liba

499 4234 542 4270 1.
559 4217 630 4267 de
649 4218 984 4269 Institutione
1007 4222 1149 4284 Cyri.
1167 4264 1172 4265 a

565 4291 584 4330 ⁸
614 4293 734 4344 Lato
756 4296 907 4363 clato]
942 4297 1144 4349 Tunica
1177 4306 1290 4351 erat
1324 4315 1554 4367 purpura

1641 2688 2050 2752 distingueretur
2081 2687 2267 2745 aureis,
2302 2685 2371 2735 de
2406 2701 2511 2751 qua
2535 2686 2705 2738 adbuc

1643 2766 1778 2820 iufra
1798 2769 2069 2831 Ang.cap.
2093 2770 2173 2816 38.
2200 2772 2255 2814 et
2272 2768 2355 2814 94.
2381 2765 2512 2815 Erat
2534 2773 2592 2816 et
2613 2781 2701 2816 an·

1644 2852 1823 2909 gustus
1842 2845 2036 2907 clavus,
2059 2843 2126 2893 de
2149 2857 2250 2908 quo
2272 2842 2399 2893 oth.
2417 2856 2537 2906 cap.
2557 2848 2663 2901 lt).⁴

1707 2931 1731 2956 '¹
1765 2918 2056 2982 fimbriato]
2107 2919 2345 2970 Fimbria
2390 2929 2515 2970 sunt
2552 2936 2705 2972 orna-

1643 2999 1800 3048 menti
1820 3013 2000 3063 genus,
2020 2999 2078 3046 de
2098 2997 2351 3058 Iasmnge,
2372 3011 2489 3061 quae
2515 2997 2581 3047 ad
2599 3012 2705 3047 ma-

1644 3091 1738 3126 nus
1781 3090 1939 3141 usque
1972 3074 2371 3139 pertingebant:
2408 3075 2562 3136 cujus
2596 3089 2707 3124 mo·

1644 3154 1713 3203 ris
1740 3153 2008 3215 vestigium
2035 3150 2366 3201 casaubonus
2405 3164 2521 3199 esse
2559 3157 2707 3200 notat

1645 3231 1779 3296 quod
1821 3230 1970 3279 bodie
2014 3227 2229 3277 dicimus
2265 3229 2350 3276 des
2391 3228 2705 3278 manehettes.

1645 3308 1724 3357 Ex
1764 3307 1859 3355 hac
1897 3313 2043 3371 parte
2077 3303 2315 3354 notabilis
2358 3303 2486 3354 Julii
2527 3305 2705 3354 cultus

1643 3383 1778 3448 quod
1815 3381 2086 3431 fimbriatae
2123 3380 2188 3429 ad
2226 3394 2404 3428 manus
2439 3394 2607 3444 nsque
2630 3378 2706 3430 fo·

1642 3465 1776 3519 rent,
1810 3458 1919 3521 ejus
1962 3471 2112 3521 quem
2147 3455 2381 3517 gestabat
2425 3454 2709 3518 lati-clavi,

1641 3535 1890 3584 manicae:
1928 3547 2023 3582 nec
2048 3532 2181 3580 enim
2222 3531 2449 3579 adducor
2487 3539 2548 3581 nt
2582 3532 2707 3582 doc·

1639 3611 1836 3663 tissime
1858 3608 2187 3661 Gothosredo
2216 3607 2469 3657 assentiar
2505 3608 2708 3661 dicenti

1639 3689 1704 3739 ad
1726 3690 1892 3752 legem
1914 3692 1996 3738 42.
2019 3686 2074 3736 ff.
2099 3687 2114 3715 ‘
2137 3685 2202 3735 de
2220 3684 2590 3735 donationibus
2628 3687 2707 3737 in.

1638 3772 1720 3815 ter
1736 3765 1902 3816 virum
1921 3771 1977 3814 et
1998 3760 2246 3823 uxorem,’
2269 3759 2529 3817 colobium
2564 3760 2707 3817 idern

1637 3856 1753 3892 cum
1798 3839 2049 3904 ejusmodi
2091 3834 2501 3891 tunicisfuisse.
2573 3839 2707 3893 Cum

1637 3918 1773 3966 enim
1806 3916 2015 3964 Servius
2056 3913 2119 3961 ad
2145 3925 2224 3961 rx.
2261 3912 2527 3976 AEneidos,
2565 3915 2707 3964 colo-

1636 3992 1755 4054 biis,
1780 3993 1873 4042 boc
1895 3998 1994 4052 est,
2014 3989 2124 4040 sine
2140 3989 2340 4039 manica
2353 3989 2568 4054 tunicis,
2586 4007 2707 4044 usos

1636 4070 1766 4120 dicit
1787 4076 2011 4127 veteres,
2031 4066 2158 4115 alios
2180 4064 2477 4128 intelligere
2498 4080 2610 4122 non*
2632 4068 2707 4119 vj.

1636 4146 1789 4195 detur
1823 4143 1890 4193 ab
1926 4142 2001 4191 eis
2029 4142 2116 4205 qui
2144 4141 2430 4193 manicatas
2477 4140 2711 4207 Phrygi.

1639 4225 1734 4272 bus
1769 4220 1968 4271 tunicas
2007 4215 2427 4280 exprobrabant:
2479 4217 2494 4243 ‘
2524 4218 2595 4272 Et
2630 4227 2708 4267 m.

1635 4300 1766 4351 nicae
1800 4295 2051 4356 manicas,
2083 4305 2137 4342 et
2169 4291 2360 4340 liabent
2397 4292 2711 4347 redimicula
