3019 4922
2361 412 2493 481 ³15

306 564 589 643 Caium)
637 565 945 644 Lucium,
973 572 1040 632 et
1082 565 1489 652 Agrippam:
1541 575 1782 653 neptes
1841 568 2032 647 duaS,
2082 568 2365 651 Juliam,
2417 583 2491 639 et

301 667 767 754 Agrippinam.
831 668 877 733 J
882 669 1089 734 uliam
1111 669 1222 735 Ia*
1242 670 1478 748 Paulo,
1511 671 1825 736 Censoris
1854 672 2017 750 filio,
2047 673 2490 760 Agrippinam
2533 731 2536 734 Α

303 771 731 850 Germanice,
787 774 1039 838 sororis
1063 780 1087 821 ⁵
1147 792 1296 839 suae
1337 777 1591 859 nepoti,
1652 775 2024 842 collocavit.
2118 776 2357 848 Caium
2418 788 2488 847 et

299 868 623 939 Lucium¹
656 875 1027 960 adoptavit,
1071 876 1253 943 domi
1296 897 1412 962 per
1456 877 1723 943 assem⁶
1767 886 1836 943 et
1865 879 2168 945 libramm
2222 892 2490 953 erutos*

300 997 342 1043 a
363 985 554 1063 patre
585 976 929 1064 Agrippa:
977 986 1374 1065 teneros-que
1397 982 1614 1047 adhuc
1642 982 1726 1047 ad
1759 1001 1985 1048 curam
2002 990 2034 1046 ⁷.
2062 982 2488 1068 Reipublicae

298 1082 634 1148 admovit:
675 1090 748 1149 et
789 1082 1121 1150 Consules
1150 1087 1530 1169 designatos
1560 1086 1807 1153 circum
1827 1086 2209 1170 provincias
2229 1091 2487 1155 exerci-

299 1189 543 1269 tusque
573 1187 849 1253 dimisit.
939 1188 1179 1254 Filiam
1243 1197 1311 1253 et
1367 1196 1602 1275 neptes
1646 1189 1747 1254 ita
1800 1191 2107 1268 instituit,
2153 1196 2231 1255 ut
2280 1192 2485 1257 etiam

293 1287 637 1354 lanificio⁰
680 1290 1138 1370 assuefaceret,
1183 1298 1576 1378 vetaretque
1622 1293 1835 1377 loqui,
1883 1299 2000 1359 aut
2048 1313 2246 1379 agere
2290 1296 2483 1379 quic-

1198 421 1470 470 oc'rAvi
1484 422 1593 474 US.
1635 493 1654 505 ο

1210 1506 1360 1528 00000
1364 1506 1449 1527 000
1454 1506 1506 1526 θ’
1512 1506 1568 1526 ‘O
1590 1511 1596 1522 t

292 1659 504 1707 nme-8
526 1657 713 1708 *Caium
728 1660 776 1707 et
798 1658 918 1708 Luc.
943 1660 1072 1710 Mss.
1095 1661 1266 1716 Pulm.
1283 1663 1479 1713 Medic.
1502 1678 1697 1721 omnes,
1719 1664 1871 1713 vind.
1896 1668 2132 1729 uterque,
2153 1663 2297 1713 Cort.
2329 1664 2477 1715 Dun-

291 1721 446 1773 Fouc.
462 1722 615 1771 Voss.
631 1723 801 1774 Pet-iz.
825 1739 940 1773 am.
963 1740 1069 1776 sec.
1090 1735 1146 1776 et
1178 1728 1312 1778 Edd.
1349 1730 1500 1779 Rom.
1532 1730 1666 1779 Ven.
1700 1729 1914 1780 Mediol.
1948 1730 2184 1794 aliaeque.
2232 1729 2479 1792 Tumpto

402 1787 414 1799 ‘
484 1787 496 1844 ,'
618 1794 839 1853 utroque
854 1791 967 1840 loco
987 1791 1256 1857 Agrippam
1274 1794 1426 1844 vind.
1452 1800 1500 1844 l.
1525 1795 1857 1845 Harlem.—4
1892 1794 2202 1845 Proenomen
2223 1794 2292 1846 L.
2326 1793 2480 1845 deest

289 1850 505 1917 Cuia—5
534 1852 630 1902 -1ta
663 1854 844 1917 scripti
869 1871 1065 1918 omnes,
1085 1858 1177 1908 sed
1199 1859 1333 1908 Edd.
1357 1860 1597 1909 Frobenii
1621 1860 1786 1910 uxoris
1807 1859 2018 1922 babent,
2053 1859 2305 1923 probante
2328 1860 2477 1909 Torr.

287 1914 604 1973 Panloante
630 1920 863 1969 cemrio
884 1922 935 1970 in
969 1924 1223 1973 Fouc.-6
1260 1924 1412 1974 Hanc
1432 1926 1556 1975 lect.
1577 1924 1681 1976 fide
1703 1925 1857 1975 codd.
1884 1933 2059 1975 tuetur
2081 1923 2305 1975 Casaub.
2323 1971 2334 1978 ,
2350 1924 2478 1976 Qui,-

286 1979 403 2032 den
418 1982 628 2041 band.
648 1985 861 2035 mallent
878 2003 965 2051 per
983 2003 1068 2053 oes,
1087 1996 1140 2038 et
1163 1990 1236 2038 ita
1256 1990 1390 2041 Edd.
1415 1990 1538 2040 Ald.
1562 1997 1616 2040 et
1638 1991 1919 2054 steph—⁷
1957 1994 2099 2041 Curoe
2131 1989 2327 2040 Medic.
2353 1994 2400 2039 1.
2427 1994 2476 2040 3.

287 2046 415 2114 Gop.
440 2050 674 2106 ,Deum
688 2052 937 2122 vernaus
956 2069 1054 2103 cur.
1079 2054 1228 2107 Huls.
1274 2056 1403 2106 Mox
1436 2058 1499 2106 ad
1533 2056 1790 2123 lanificium
1807 2057 1953 2112 Cort.
1976 2056 2080 2113 duo
2102 2056 2232 2106 Mss.
2249 2055 2397 2110 Torr.
2413 2061 2478 2106 ¹et

1266 2265 1480 2318 NOTAE

341 2403 354 2438 ¹
394 2407 568 2458 Caium
605 2415 652 2459 et
689 2410 913 2477 Lucium]
950 2411 996 2461 Ii
1039 2420 1160 2464 sunt
1203 2428 1332 2479 quos
1415 2430 1521 2467 aere
1544 2415 1723 2468 libram
1743 2383 2091 2483 percutiebat,
2109 2417 2377 2486 ipsumque
2401 2431 2475 2471 aes

280 2481 500 2548 Augusti
525 2486 713 2538 liberos
736 2505 890 2555 supra
913 2492 1068 2542 toties
1089 2492 1237 2543 dixit.
1413 2493 1574 2544 dabat
1595 2496 1664 2556 ei,
1689 2511 1719 2544 a
1745 2509 1843 2559 quo
1868 2495 2174 2558 mancipium
2202 2511 2288 2544 seu
2314 2495 2474 2546 filium

276 2598 279 2599 γ
330 2563 661 2631 *Adeptus-il,
677 2569 802 2617 domi
813 2584 899 2632 per
913 2585 1063 2619 assem
1077 2574 1122 2619 et
1139 2569 1332 2634 libram]
1411 2569 1537 2635 (nec
1561 2572 1695 2620 enim
1718 2572 1815 2620 hoc
1836 2586 1960 2621 casu
1983 2569 2321 2636 differebant)
2336 2573 2473 2622 acci·

279 2636 604 2703 Adoptiones
628 2646 1046 2708 apud.Romanos
1078 2647 1218 2697 varie
1239 2662 1330 2712 pro

277 2717 421 2771 varia
442 2733 773 2782 personarum
801 2725 1099 2776 conditione
1117 2724 1232 2774 fieri
1251 2739 1332 2775 so-

273 2794 465 2846 lebant.
533 2799 637 2850 Qui
658 2800 721 2849 in.
737 2803 906 2865 patria
928 2810 1195 2867 potestate
1212 2818 1335 2853 con-

275 2872 837 2937 stituti,consentiente
854 2887 1001 2944 patre
1018 2882 1332 2946 adoptaban-

276 2953 387 3014 tur,
402 2950 439 2999 ii
467 2966 579 3002 pan
598 2967 673 3004 AEs
697 2969 766 3005 ΕΤ
785 2970 1041 3008 umatum
1070 2958 1334 3010 debebant

276 3026 553 3092 adoptari;
606 3030 717 3081 haec
763 3033 899 3083 enim
943 3035 1173 3099 adoptio,
1217 3043 1332 3085 erat

273 3102 578 3168 imaginaria
601 3114 658 3158 et
689 3108 873 3161 fictitia
896 3113 1129 3176 quaedam
1152 3114 1328 3163 vendi-

272 3179 363 3243 tio,
386 3196 489 3246 qua
512 3191 662 3246 pater
698 3190 947 3238 naturalis
983 3188 1141 3238 filium
1181 3205 1328 3240 suum

273 3257 523 3322 adoptivo
539 3261 674 3322 patri
707 3264 930 3314 cedebat
946 3273 1002 3315 et
1019 3267 1164 3331 qnasi
1186 3281 1327 3317 man-

271 3334 499 3398 cipabat,
523 3336 587 3387 ad
626 3338 1010 3390 similitudinem
1043 3358 1329 3407 servorum,

266 3426 401 3477 quos
422 3421 479 3463 et
495 3414 738 3465 emebant
754 3416 849 3466 boc
867 3417 1035 3469 modo.
1100 3418 1325 3470 Adhibe·

268 3489 428 3541 batur
449 3497 620 3541 autem
655 3508 727 3542 aes
749 3500 804 3542 et
834 3494 966 3544 libra
986 3504 1043 3545 et
1064 3495 1327 3560 libripens,

265 3566 366 3618 hoc
410 3574 515 3628 est,
552 3568 784 3620 minister
837 3571 1180 3635 appendendo
1235 3572 1329 3622 aeri

262 3643 571 3703 destinatus,
584 3645 1111 3716 (pecuniamqnippe,
1125 3663 1218 3697 seu
1234 3664 1322 3713 po-

265 3722 466 3772 tinraes
489 3738 635 3774 suum
673 3724 738 3773 ab
768 3725 919 3780 initio
941 3724 1324 3789 appendebant,

262 3799 769 3866 nonmumerabant)
804 3808 860 3850 et
892 3802 1115 3867 quinque
1152 3808 1327 3863 testes,

226 3898 233 3903 ·
264 3877 405 3929 cives
447 3878 670 3928 Romani
724 3878 962 3942 puberes,
1014 3892 1228 3942 quorum
1273 3879 1326 3928 in

263 3962 569 4019 conspectu,
584 3956 669 4021 qui
689 3954 1325 4019 mancipiumaccipiebat,

264 4032 537 4083 nutilium
554 4032 842 4082 alter-insin
861 4032 1192 4095 adoptionem
1214 4048 1228 4081 ι
1254 4047 1324 4082 aes

264 4117 467 4165 tenens,
481 4110 597 4159 baec
615 4109 775 4159 verba
790 4109 1092 4173 proserebat
1112 4126 1125 4157 ε
1161 4109 1323 4160 Hunc

266 4199 376 4239 mo
400 4199 707 4236 ,nouimus
731 4199 805 4236 nx
841 4200 984 4236 suan
1017 4199 1323 4239 Quinrrrtm

266 4276 432 4314 itanu
474 4275 600 4312 assa
620 4275 735 4319 luo,
764 4275 927 4314 ιεαυε
966 4275 1104 4315 snm
1141 4276 1323 4313 nurus

266 4354 360 4392 m
382 4355 501 4394 noc
518 4354 642 4392 aaa
659 4353 933 4396 muamus
948 4354 1133 4392 arnna.
1195 4343 1322 4393 Tum

1412 2646 1611 2709 piebat.
1678 2647 1817 2696 Hinc
1841 2647 2276 2711 Horatiusepist.
2298 2651 2347 2698 2.
2382 2648 2473 2698 lib.

1414 2736 1476 2772 ιι.
1521 2737 1597 2773 vs.
1636 2727 1749 2774 158.
1782 2725 1799 2752 ‘
1824 2724 2154 2789 sirproprium
2195 2731 2295 2788 est,
2332 2726 2472 2790 quod

1414 2799 1530 2864 quis
1572 2799 1706 2867 libra
1746 2810 2008 2852 mercatur
2041 2809 2098 2851 et
2140 2800 2296 2852 aerez’
2351 2803 2473 2852 inde

1414 2876 1713 2941 mancipare
1736 2891 1831 2941 pro
1853 2876 2077 2928 vendere
2101 2878 2238 2942 apud
2264 2879 2469 2929 Cicero-

1412 2967 1530 3003 nem
1553 2961 1611 3004 et
1631 2954 1774 3015 alios,
1790 2962 1844 3004 et
1862 2955 2187 3020 emancipare
2206 2970 2301 3020 pro
2323 2970 2353 3005 e
2378 2971 2469 3020 po-

1413 3037 1606 3082 testate
1663 3031 1966 3096 dimittere,
1991 3037 2091 3082 &00
2164 3033 2472 3083 Torrentius

1411 3123 1505 3173 pro
1528 3125 1677 3160 assem
1698 3108 1989 3159 emendavit
2003 3126 2100 3168 (ευ
2135 3108 2471 3160 Casaubonus

1406 3201 1561 3236 assem
1592 3186 1824 3249 retinuit,
1859 3201 2147 3251 quanquam
2179 3200 2208 3234 a
2222 3185 2470 3250 jurecon-

1407 3262 1558 3312 sultis
1580 3278 1648 3312 oes
1668 3262 1857 3326 s'aepius
1876 3261 2095 3312 dicatur.
2127 3263 2143 3290 ‘
2166 3260 2358 3313 Domi?
2382 3277 2469 3314 ve-

1410 3351 1468 3387 ro
1513 3338 1681 3388 dixit:
1736 3338 1942 3402 publica
1979 3340 2111 3387 enim
2154 3338 2470 3389 auctoritate

1409 3428 1513 3464 non
1568 3413 1758 3477 egebat
1789 3414 1948 3477 -bujus
1991 3414 2192 3475 generis
2238 3414 2468 3476 adoptio,

1409 3497 1629 3553 propter
1671 3496 1984 3553 potestatem
2028 3489 2187 3550 patris
2225 3489 2278 3537 in
2308 3488 2468 3550 filios;

1408 3581 1559 3617 secus
1582 3581 1698 3617 cum
1729 3573 2058 3629 arrogaretur
2081 3563 2466 3628 paterfamilias.
2505 3612 2508 3615 .

1468 3652 1494 3678 ¹¹
1528 3643 1717 3707 Emtos]
1765 3642 1981 3693 Fictitia
2019 3642 2108 3692 illa
2131 3642 2464 3708 venditione,

1406 3721 1473 3772 de
1496 3734 1599 3786 qua
1618 3721 1788 3771 modo.

1470 3806 1494 3831 ⁰
1526 3797 1781 3864 Lanificio]
1817 3795 2148 3847 Ordinarium
2173 3794 2299 3844 illud
2324 3796 2462 3859 apud

1407 3875 1625 3926 Graecos
1661 3882 1716 3925 et
1750 3877 2009 3925 Romanos
2048 3873 2370 3932 exercitium,
2406 3881 2467 3926 ut

1405 3954 1472 4003 de
1514 3954 1779 4017 Penelope
1810 3952 2053 4011 Ovidius,
2075 3949 2140 3998 de
2164 3951 2464 4016 Tanaquille
2499 3986 2504 3991 -

1406 4039 1462 4082 et
1483 4032 1731 4083 Lucretia
1758 4030 1949 4085 Livius,
1989 4029 2176 4092 aliique
2209 4030 2336 4080 satis
2370 4030 2461 4083 de-

1404 4114 1724 4159 monstrant:
1761 4105 1896 4171 apud
1928 4106 2114 4155 Persas
2152 4106 2345 4170 probro
2373 4108 2463 4161 ba?

1404 4186 1590 4248 bitum,
1602 4184 1647 4234 si
1669 4199 1780 4250 quae
1800 4182 2007 4233 foemina
2025 4183 2155 4233 lanae
2174 4198 2353 4235 manus
2367 4184 2458 4235 ad·

1403 4269 1651 4318 moveret,
1675 4268 1733 4312 ut
1764 4266 1914 4325 patet
1949 4260 2185 4323 exemplo
2218 4260 2461 4325 Sisigam-

1404 4341 1483 4396 bis
1501 4347 1558 4392 et
1579 4339 1811 4403 aliarum,
1834 4335 1970 4403 apud
1993 4336 2245 4387 Curtium.
