3019 4922
498 401 628 467 212
1356 413 1418 460 c.
1466 383 1819 459 svarei-111

503 567 901 644 exsugerent
925 581 943 636 ;
968 567 991 606 ⁵
1023 557 1201 643 quod
1233 557 1487 641 perisse
1517 575 1738 620 morsu
1763 553 2055 637 aspidisc
2087 554 2471 638 putabatur.
2517 552 2684 619 Am·
2787 601 2788 604 ,

500 666 721 730 bobus
751 669 1172 728 communem
1202 662 1563 743 sepulturae
1591 659 1904 723 honorem
1935 658 2193 737 tribuit,
2234 678 2316 723 ac
2351 659 2681 723 tumulum

504 770 591 832 ab
646 768 818 850 ipsis
873 764 1258 829 inchoatum
1314 761 1543 846 perfici
1589 762 1821 846 jussit.
1926 759 2295 826 Antonium
2343 763 2682 848 juvenem,

499 872 819 955 majorem
848 867 975 934 de⁶
1018 868 1283 932 duobus
1314 866 1553 931 Fulvia
1573 863 1601 901 ‘¹
1645 865 1903 949 genitiS,
1955 865 2314 930 simulacro
2363 865 2453 930 D.
2483 864 2529 929 J
2535 864 2682 940 ulii,

502 972 588 1037 ad
618 971 800 1055 quod
830 977 987 1054 post
1014 971 1259 1035 multas
1276 975 1344 1033 et
1363 970 1581 1033 irritas
1603 987 1837 1050 preces
1861 967 2273 1049 confugerat,
2294 967 2679 1051 abreptum⁸

499 1074 853 1138 interemit.
964 1072 1135 1137 Item
1185 1066 1686 1147 caesarionem,f
1724 1089 1927 1153 quem
1982 1089 2074 1135 ex
2129 1068 2397 1136 Caesare
2444 1078 2631 1153 patre
2653 1079 2681 1119 ⁷

501 1177 867 1260 Cleopatra
896 1176 1288 1258 concepisse
1317 1173 1755 1256 praedicabat,
1784 1180 2150 1238 retractum
2172 1193 2209 1238 e
2237 1173 2395 1257 fuga
2420 1175 2683 1257 suppli-

1410 1368 1525 1389 0000
1531 1368 1587 1387 00
1592 1368 1643 1388 δέ
1649 1367 1767 1388 0000

496 1505 740 1555 exhibent
772 1504 872 1553 duo
904 1504 1150 1554 'rom—5
1185 1501 1417 1563 Sages-ent
1442 1500 1584 1551 Cort.
1607 1507 1662 1550 et
1686 1499 1820 1551 Edd.
1843 1502 1994 1553 Rom.
2018 1509 2073 1552 et
2089 1503 2318 1567 putabant
2342 1503 2488 1555 Cort.
2552 1506 2681 1557 Tum

496 1573 561 1619 al.
596 1570 812 1632 periisse,
847 1580 902 1617 ut
936 1569 1075 1617 alibi.
1141 1569 1269 1617 Mox
1290 1566 1513 1615 retribuit
1544 1565 1775 1615 Harlem.
1809 1568 2042 1616 incoatum
2065 1570 2148 1618 vel
2170 1569 2435 1617 incohatam
2455 1570 2683 1619 vind.—

496 1640 528 1685 6
567 1637 729 1684 Deest
751 1636 810 1683 de
829 1634 1041 1682 Memm.
1069 1632 1261 1681 Medic.
1286 1636 1334 1681 3.
1400 1630 1547 1681 Infra
1571 1632 1725 1680 Fouc.
1750 1632 2026 1693 simulacra,
2048 1640 2103 1682 et
2126 1633 2261 1682 idem
2283 1640 2541 1697 arreptum,
2564 1650 2682 1685 cum

495 1700 651 1750 duob.
675 1699 869 1749 Medic.
895 1699 1014 1748 Pin.
1036 1698 1192 1747 Vind.
1216 1701 1264 1747 8.
1299 1697 1473 1746 Periz.
1511 1704 1565 1744 et
1596 1695 1731 1746 Edd.
1762 1697 2083 1761 aliquot0--7-
2107 1699 2259 1747 Patre
2282 1700 2442 1764 ejecit
2463 1700 2682 1749 Casaub.

495 1779 610 1814 cum
645 1764 836 1814 Sabell.
873 1765 1055 1813 Burm.
1087 1763 1206 1826 Bip.
1239 1769 1294 1810 et
1324 1762 1469 1810 abest
1503 1760 1570 1810 ab
1594 1761 1771 1824 Cujac.
1805 1762 1955 1810 Huls.
1992 1763 2141 1811 Voss.
2161 1763 2315 1813 vind.
2336 1766 2388 1814 2.
2410 1764 2607 1814 Medic.
2629 1769 2682 1815 2.

496 1844 526 1879 a
549 1845 618 1880 m.
642 1844 748 1880 sec.
813 1829 1019 1895 Reliqui
1053 1842 1166 1878 cum
1200 1825 1333 1876 Edd.
1367 1827 1517 1875 Vett.
1550 1835 1744 1890 praeter
1773 1827 1895 1876 Bas.
1930 1836 2156 1890 servant,
2178 1842 2304 1892 quos
2337 1831 2503 1880 secuti
2536 1830 2679 1880 Oud.

1486 1994 1702 2072 No‘ra':

414 2173 419 2177 ·
492 2169 572 2203 ras
595 2154 785 2204 Incolit
808 2170 838 2203 a
861 2169 998 2204 saevo
1021 2160 1313 2219 serpentum
1339 2154 1546 2203 innoxia

491 2231 696 2290 morsn,'
718 2234 817 2280 διο.
847 2231 863 2259 ⁸
882 2232 1211 2281 Marmaridae
1248 2232 1414 2295 Psylli
1449 2245 1545 2295 par

488 2309 665 2371 lingua
688 2308 985 2371 potentibus
1005 2306 1216 2359 herbis?
1261 2309 1379 2357 Non
1404 2306 1543 2372 quod

489 2384 739 2448 peculiari
777 2384 997 2448 quadam
1019 2392 1132 2434 arte
1156 2384 1219 2434 ad
1244 2384 1545 2446 exsugenda

486 2475 687 2510 venena
729 2460 1003 2525 pollerent,
1051 2461 1142 2510 sed
1182 2460 1317 2526 qnod
1359 2460 1449 2510 illa
1489 2460 1543 2509 in

488 2539 700 2589 vulnere
724 2538 993 2601 duntaxat,
1017 2543 1117 2589 non
1136 2547 1284 2602 gustu
1307 2545 1544 2588 noceant.

488 2615 721 2666 Auctore
747 2616 917 2665 Plinio
937 2616 1027 2665 lib.
1053 2629 1152 2665 vn.
1173 2620 1350 2679 cap.2.
1374 2622 1427 2663 et
1450 2610 1539 2664 lib.

489 2705 616 2740 vm.
643 2705 690 2742 c.
709 2688 791 2741 25.

549 2776 571 2802 ⁶
604 2769 773 2817 Morsu
799 2768 1002 2832 aspidis]
1048 2768 1288 2819 Affirmat
1308 2769 1540 2818 Velleius

485 2845 523 2893 l.
549 2858 616 2893 n.
638 2859 686 2895 c.
711 2849 792 2894 2⁷2
813 2846 830 2873 ⁴
846 2844 920 2895 At
943 2846 1240 2910 Cleopatra,
1273 2846 1538 2896 frustratis

484 2924 803 2986 custodibus,
824 2924 970 2973 illata
994 2925 1194 2986 aspide,
1226 2937 1540 2985 morsuqsane

484 2998 613 3061 ejus,
626 3013 812 3062 expers
827 2998 1085 3048 muliebris
1100 3006 1290 3063 metus,
1303 3000 1539 3062 spiritum

483 3073 685 3123 edidit!
752 3075 932 3123 Florus
950 3076 984 3124 1.
1009 3089 1091 3124 tv.
1108 3090 1155 3126 c.
1181 3081 1261 3125 11.
1286 3074 1303 3102 ‘
1319 3077 1539 3140 Regina,
1573 3108 1582 3119 .

484 3146 548 3198 ad
573 3149 733 3213 pedes
757 3150 973 3200 Caesaris
995 3151 1288 3213 provoluta,
1318 3153 1543 3202 tentavit

483 3227 661 3277 oculos
683 3227 848 3291 ducis,
872 3221 1082 3290 frustra,
1095 3231 1196 3277 ὅτε.
1218 3228 1541 3294 admotisque

482 3304 549 3353 ad
590 3318 747 3354 venas
785 3305 1130 3368 serpentibus,
1178 3307 1326 3370 quasi
1361 3321 1540 3357 somno

481 3378 688 3429 soluta!
780 3378 1034 3443 Aspidum
1089 3382 1263 3444 plures
1319 3383 1541 3447 species,

480 3470 696 3521 quarum
719 3457 941 3505 omnium
965 3471 1231 3506 commune
1248 3466 1539 3521 symptoma

478 3546 702 3595 somnus,
718 3538 772 3581 et
786 3533 898 3582 sine
922 3547 1073 3582 sensu
1096 3548 1157 3583 ac
1180 3534 1358 3583 dolore
1380 3550 1536 3584 mors.

480 3610 646 3659 Cinna
687 3609 824 3672 apud
861 3609 1088 3660 Gellium
1133 3611 1220 3659 lib.
1258 3624 1338 3659 rx.
1373 3625 1419 3658 c.
1454 3615 1535 3662 12.

476 3687 920 3736 ‘Somniculosam
957 3692 1016 3734 ut
1063 3686 1255 3735 Poenus
1303 3687 1536 3750 aspidem

477 3763 725 3826 Psyllus.'
789 3763 945 3813 Unde
983 3763 1343 3812 verosimiliter
1379 3763 1537 3814 electi

478 3850 600 3890 snut
639 3856 669 3889 a
713 3841 1027 3904 Cleopatra3
1079 3854 1369 3905 quanquam
1414 3841 1536 3906 sint,

478 3918 565 3978 qui
589 3917 766 3966 dicant
787 3919 927 3967 illam
948 3919 1165 3981 periisse
1191 3931 1388 3967 veneno
1412 3933 1537 3981 quo·

476 3991 595 4041 darn
615 3993 944 4057 delibutorio,
969 3997 1104 4059 quod
1130 3996 1182 4043 in
1205 3995 1396 4044 lamina
1414 4009 1536 4043 con·

475 4082 605 4119 cava
643 4071 737 4119 sub
775 4071 1001 4121 crinibus
1036 4073 1345 4120 occultaret.
1411 4071 1536 4121 Plu-

474 4147 686 4196 tarchus
724 4147 948 4211 quidem,
986 4149 1098 4197 haec
1140 4149 1249 4210 ipsa
1285 4146 1537 4209 referens,

475 4223 748 4273 addubitat
770 4239 866 4288 quo
890 4222 1069 4273 rnortis
1088 4239 1274 4288 genere
1298 4226 1533 4289 perierit,

478 4302 647 4364 quasi,
666 4314 780 4350 cum
814 4299 989 4363 periit,
1014 4314 1192 4363 parum
1215 4303 1535 4355 constitisset

1625 2167 1785 2216 genus
1810 2154 1945 2203 illius
1970 2154 2184 2216 mortis;
2217 2154 2343 2203 licet
2374 2154 2421 2201 in
2447 2153 2680 2218 aspidem

1621 2232 1781 2293 magis
1806 2231 2034 2293 inclinet,
2051 2230 2142 2280 sed
2169 2230 2505 2285 brachio,n0n
2525 2245 2681 2279 mam·

1621 2321 1719 2355 mae
1745 2305 1965 2369 affixam,
1984 2324 2085 2374 quo
2109 2309 2264 2357 etiam
2290 2323 2463 2363 sensu,
2480 2308 2546 2357 de
2569 2310 2681 2371 ejus

1623 2383 1843 2446 imagine
1882 2385 1933 2432 in
1969 2386 2278 2448 triumphum
2321 2384 2512 2445 delata,
2551 2385 2680 2433 Pro-

1625 2468 1762 2523 pert.
1783 2463 1916 2525 eleg.
1936 2467 2015 2511 10.
2038 2463 2124 2511 lib.
2142 2477 2229 2511 111.
2254 2465 2268 2490 ‘
2286 2460 2504 2510 Brachia
2527 2477 2677 2525 spec-

1623 2537 1726 2586 tavi
1760 2540 1919 2588 sacris
1943 2539 2180 2589 admorsa
2202 2539 2444 2596 colubris,
2476 2540 2547 2588 Et
2570 2548 2673 2589 tra·

1623 2612 1745 2663 here
1771 2618 2027 2664 occultum
2052 2616 2276 2665 membra
2312 2616 2510 2678 soporis
2541 2616 2682 2666 iter.’

1619 2690 1707 2739 De
1731 2691 1917 2754 quibus
1939 2700 1993 2742 et
2016 2693 2203 2742 Strabo
2229 2693 2315 2742 lib.
2339 2706 2483 2742 xvii.

1684 2767 1709 2801 ¹¹
1744 2767 1940 2832 Fulvia]
1977 2769 2161 2818 Priore
2187 2767 2402 2818 Antonii
2441 2769 2681 2833 conjuge,

1620 2842 1686 2893 de
1724 2860 1826 2909 qna
1862 2860 1907 2894 c.
1929 2849 2011 2895 14.
2044 2847 2141 2895 bac
2164 2848 2300 2894 enim
2322 2850 2525 2896 mortua
2549 2844 2679 2894 dux·

1620 2927 1737 2969 erat
1778 2921 2054 2972 Octaviam
2088 2922 2314 2985 Augusti
2350 2932 2593 2984 sororem,
2625 2923 2679 2970 in

1621 2999 1770 3063 cujus
1791 3008 1979 3050 octavo
2004 3007 2125 3064 post
2141 3012 2274 3049 anno
2291 3000 2577 3067 repudiatae
2602 3001 2679 3048 lo-

1624 3092 1739 3126 cum
1773 3078 2114 3128 substituerat
2153 3079 2500 3141 Cleopatram,
2532 3079 2679 3142 cujus

1624 3167 1794 3203 amore
1808 3155 1915 3218 jam
1940 3160 2095 3205 antea
2115 3153 2389 3218 flagrabat.

1685 3238 1708 3265 θ
1740 3231 2003 3281 Simulaero
2031 3231 2101 3281 D.
2137 3231 2267 3281 Jutii
2298 3265 2343 3282 ..
2364 3265 2377 3280 .
2412 3229 2681 3296 abreptum]

1620 3307 1705 3357 Ne
1728 3307 1792 3356 ad
1817 3308 2006 3371 ipsum,
2027 3317 2088 3356 ut
2108 3307 2378 3370 probabile
2400 3312 2499 3364 est,
2522 3307 2680 3354 inter·

1618 3383 1891 3446 ficeretur3
1914 3384 2223 3434 tutissimum
2242 3384 2373 3432 enim
2394 3390 2576 3446 postea
2599 3397 2677 3432 re·

1611 3460 1816 3524 fugium
1839 3460 1960 3525 fuit,
1992 3461 2034 3510 si
2058 3461 2144 3526 qui
2166 3459 2233 3509 ad
2255 3466 2456 3510 statuas
2486 3460 2675 3524 princi-

1621 3554 1740 3602 pum
1765 3539 2124 3601 confugerent.

1680 3614 1700 3649 ¹
1732 3614 2071 3678 C'aewionem]
2096 3616 2182 3664 De
2202 3615 2377 3679 quoin
2398 3613 2510 3665 Jul.
2528 3628 2576 3662 c.
2594 3615 2673 3671 52,

1617 3692 1791 3754 Hunc,
1803 3707 1919 3742 cum
1932 3693 2080 3755 jussu
2095 3693 2270 3741 matris
2290 3690 2499 3754 fugeret
2521 3690 2572 3737 in
2589 3688 2674 3738 In·

1616 3767 1772 3832 diam,
1806 3766 2070 3831 Augustus
2107 3767 2171 3817 ab
2210 3767 2399 3816 itinere
2436 3766 2582 3829 quasi
2620 3764 2673 3813 in

1618 3844 1922 3893 societatem
1979 3844 2121 3906 regni
2176 3847 2531 3900 revocaverat,
2586 3839 2673 3902 qui

1617 3934 1735 3969 cum
1770 3920 2052 3969 amicorum
2093 3932 2251 3982 super
2291 3932 2354 3966 eo
2392 3916 2673 3966 senten-tias

1617 3995 1929 4060 requireret,
1984 3994 2176 4043 dixisse
2231 3992 2405 4041 ferunt
2459 3991 2671 4041 Areium

1616 4071 1997 4136 philosophum,
2019 4070 2085 4120 de
2108 4084 2210 4134 quo
2234 4067 2368 4118 infra
2391 4082 2439 4118 c.
2465 4072 2547 4117 89.
2569 4081 2671 4116 non

1590 4167 1594 4172 ·
1615 4162 1728 4198 esse
1747 4147 2070 4212 probandam
2099 4147 2359 4196 Caesarum
2382 4142 2672 4194 multitudi-

1614 4239 1747 4280 nem,
1782 4231 1936 4287 atqne
1964 4223 2161 4272 idcirco
2184 4221 2426 4272 occisum.
2494 4221 2570 4270 Ut
2595 4226 2669 4268 re·

1611 4301 1719 4352 fert
1740 4302 2008 4351 Plutarch.
2031 4301 2084 4348 in
2109 4299 2351 4349 Antonio.
