3019 4922
1184 428 1578 478 OCTAVIUS.
1613 455 1616 464 ·

289 571 512 655 phalia
558 568 978 635 ornamenta¹
1030 571 1446 638 decernenda
1497 574 1767 639 curavit.

2341 382 2484 483 '263

1885 576 2146 641 Liberis
2207 576 2486 644 Senato-

287 682 497 753 rum,¹¹¹
528 693 669 759 quo
701 674 987 739 celerius
1020 674 1445 759 Reipublicae
1473 687 1954 758 assuescerent,
1987 681 2291 764 protinus
2325 681 2482 747 viri·

1275 910 1491 961 NOTAE

284 1044 420 1089 tores
465 1038 594 1087 alios
633 1052 834 1087 omnem
867 1038 1105 1103 rejicere,
1151 1040 1217 1089 ab
1240 1039 1347 1093 Au-

281 1121 430 1177 gusto
451 1112 764 1163 factitatum
784 1115 1098 1179 suspicatur,
1121 1117 1258 1181 quod
1275 1118 1341 1167 de

284 1192 529 1241 Carinate
559 1199 739 1262 narrat
760 1192 897 1242 idem
921 1194 1021 1242 Dio
1045 1195 1135 1246 lib.
1159 1208 1230 1244 ιι.
1254 1210 1345 1245 ex-

1424 1044 1685 1094 Romanus
1707 1050 1838 1107 erat,
1861 1041 2048 1094 deinde
2081 1041 2374 1107 accipiebat
2391 1043 2482 1093 ho*-

1422 1134 1599 1170 norem
1620 1121 1906 1170 Senatoriae
1931 1118 2236 1186 dignitatis.’
2285 1120 2483 1184 Legiti-

1422 1196 1581 1246 milui
1598 1198 1714 1247 anni
1734 1206 1886 1247 erant
1909 1202 1988 1248 25.
2011 1213 2137 1264 quos
2155 1199 2300 1247 aetati
2320 1198 2478 1247 Sena·

282 1269 451 1332 emplo
474 1282 662 1331 nempe
684 1266 830 1332 Julii,
869 1270 1218 1333 compluribus
1242 1272 1347 1321 suis
1419 1272 1568 1323 toriae
1593 1273 1696 1322 Dio
1733 1273 1917 1323 tribuit
1942 1289 1957 1335 3
1989 1275 2268 1325 Senatores
2303 1280 2479 1321 antem

285 1343 470 1405 legatis
523 1344 766 1406 triumphi
804 1345 1043 1394 bonorem
1087 1346 1349 1419 tribuisse,
1420 1348 1485 1398 ab
1534 1348 1795 1414 equitibus
1840 1350 1946 1399 lato
1990 1349 2136 1399 clavo
2185 1347 2478 1409 distinctos,

279 1421 363 1486 qui
387 1422 470 1470 vel
506 1420 609 1469 suis
633 1421 714 1470 vel
752 1421 932 1471 alienis
968 1421 1212 1486 auspiciis
1249 1423 1336 1473 vix

281 1498 553 1562 quicquam
581 1497 822 1560 egissent.
1296 1539 1301 1542 .

339 1571 352 1605 ¹
385 1574 712 1637 Triumphalia
750 1573 1048 1637 ornamenta]
1097 1575 1175 1625 Ea
1215 1584 1337 1628 sunt

277 1662 339 1696 ex
360 1648 500 1700 Livii
534 1649 625 1698 lib.
650 1663 706 1700 x.
743 1657 797 1700 et
821 1664 914 1699 xx.
940 1666 1130 1702 corona
1153 1660 1208 1703 et
1243 1669 1334 1718 pa-

279 1731 390 1774 tera
415 1739 613 1787 aureae,
636 1727 764 1776 sella
785 1728 976 1777 curulis
997 1729 1244 1793 eburnea,
1279 1739 1338 1781 et

277 1814 340 1849 ex
373 1801 559 1850 eadem
597 1802 813 1852 materie
856 1804 1020 1867 scipio
1058 1820 1173 1856 cum
1215 1808 1335 1856 insi-

277 1875 432 1927 dente
454 1877 646 1942 aqnila,
681 1885 804 1941 toga
829 1880 986 1942 picta,
1010 1882 1235 1945 palmata
1257 1890 1337 1932 tu·

274 1953 408 2010 nica,
431 1961 622 2004 statuae
646 1956 912 2020 laureatae,
934 1960 1033 2008 διο.

332 2036 369 2063 ¹¹¹
401 2030 595 2080 Liberis
631 2030 932 2095 Senatorum,
965 2035 1075 2099 εγω]
1124 2036 1335 2101 Duplex

271 2107 545 2173 significari
583 2110 788 2161 videtur
823 2112 907 2161 hic
961 2128 1146 2164 novum
1190 2116 1336 2166 insti·

271 2192 470 2236 tutum:
509 2187 725 2237 alterum
750 2195 809 2237 ut
826 2188 1004 2239 liberis
1026 2190 1332 2242 Senatorum

270 2262 449 2313 adesse
491 2264 648 2313 curiae
684 2264 884 2328 liceret,
924 2267 1160 2331 alterum,
1197 2269 1329 2333 quod

270 2340 417 2390 istius
439 2340 703 2405 appendix
727 2350 824 2406 est,
857 2349 915 2392 ut
938 2345 1114 2393 statim
1142 2360 1172 2394 a
1195 2361 1327 2395 sum-

272 2418 482 2467 ta‘virili
517 2424 643 2482 toga
677 2418 862 2467 liceret
886 2433 1090 2485 quoque
1128 2421 1230 2472 illis
1255 2423 1355 2472 la-·

274 2502 377 2544 tum
415 2494 621 2544 clavum
664 2496 913 2548 induere:
948 2506 1207 2557 (neutrum
1253 2507 1328 2551 ta-

269 2588 383 2623 men
418 2588 610 2624 novum
629 2574 855 2637 Augusti
879 2576 1143 2626 inventum
1168 2575 1328 2628 fuisse

267 2650 488 2701 videtur.
556 2654 637 2702 De
661 2653 969 2703 Senatorum
996 2652 1190 2710 liberis,
1212 2668 1331 2717 pro-

270 2726 361 2777 bat
384 2729 603 2791 Papyrii
637 2728 772 2778 illius
815 2730 1124 2781 Praetextati
1157 2740 1331 2781 exem-

273 2806 429 2868 plum,
453 2806 520 2854 de
557 2820 658 2869 quo
693 2807 989 2855 Macrobius
1017 2807 1103 2857 lib.
1126 2821 1165 2856 ι.
1207 2822 1254 2857 c.
1277 2813 1327 2857 θ.

271 2889 324 2930 et
347 2882 567 2930 totidem
584 2896 746 2945 prope
765 2882 934 2933 verbis
953 2883 1153 2933 Gellius
1170 2883 1256 2935 l.1.
1281 2899 1328 2933 c.

269 2961 346 3006 23.
416 2958 637 3008 Virilem
654 2973 776 3008 vero
797 2967 970 3022 togam
987 2960 1328 3018 sumentibus,

270 3040 490 3085 summm
532 3050 737 3100 quoque
780 3037 940 3086 latum
967 3037 1189 3100 clavum,
1214 3052 1332 3103 pro·

267 3110 355 3162 bat
373 3112 598 3176 Augusti
612 3160 619 3167 ,
634 3114 791 3176 ipsius
815 3116 1105 3178 exemplum
1127 3114 1264 3165 infra
1283 3131 1329 3165 c.

266 3193 341 3239 94.
359 3204 458 3239 nec
482 3189 586 3240 dici
612 3198 784 3253 potest
817 3189 869 3239 id
895 3191 992 3254 ipsi
1017 3199 1169 3240 extra
1200 3191 1334 3241 ordi·

265 3278 380 3315 nem
415 3281 720 3316 concessum
741 3266 806 3315 ab
829 3268 1082 3318 avunculo
1115 3268 1331 3332 majore,

267 3340 406 3392 Julio
429 3344 601 3393 omnia
625 3350 750 3393 tunc
773 3345 839 3394 ad
865 3336 1131 3395 arbitrium
1154 3345 1330 3409 dispo-

265 3424 454 3480 nente3
491 3421 646 3485 cujus
677 3421 810 3470 enim
850 3423 1180 3471 concessione
1222 3423 1330 3472 lato

269 3491 357 3561 illo
378 3494 551 3558 clavo,
567 3495 679 3560 ipse
701 3496 894 3564 Julius,
921 3497 1211 3558 eadem,ne
1237 3495 1328 3542 mi·

268 3583 390 3620 nore
413 3571 586 3621 dicam
623 3580 802 3629 aetate,
833 3588 955 3622 usus
990 3588 1104 3623 esse
1127 3572 1326 3622 dicere·

266 3647 381 3694 tur?
416 3661 518 3711 quo
542 3655 710 3696 tamen
733 3662 854 3698 usus
896 3655 998 3713 est,
1028 3657 1088 3698 ut
1124 3649 1175 3697 in
1214 3647 1326 3711 ejus

268 3721 373 3770 vita
405 3726 559 3772 c.<45.
605 3723 783 3774 videre
822 3732 917 3776 est.
982 3726 1112 3777 Jure
1152 3734 1328 3774 autem

268 3798 452 3859 veteri,
486 3798 656 3850 Julius
702 3806 758 3849 et
805 3801 1076 3865 Augustus
1121 3801 1326 3851 nonnisi

269 3877 465 3940 equites
486 3882 612 3925 tunc
637 3880 885 3941 temporis
918 3884 1083 3941 erant,
1104 3879 1322 3929 Senato-

269 3966 378 4001 rum
412 3953 547 4001 enim
584 3952 735 4002 liberi
760 3956 988 4018 equestri
1017 3963 1219 4005 tautum
1243 3955 1324 4004 fu·

212 4018 215 4025 ²
269 4041 353 4077 ere
374 4028 650 4093 dignitate,
673 4028 834 4078 donec
852 4030 1038 4095 Remp.
1063 4031 1324 4095 capescis-

275 4113 404 4168 sent,
423 4112 480 4155 ut
507 4119 662 4169 snpra
684 4105 956 4168 probatum
981 4114 1082 4169 est,
1110 4114 1165 4156 et
1203 4121 1324 4156 con-

271 4179 433 4231 firmat
464 4182 696 4232 Isidorus
721 4182 995 4246 Originum
1039 4184 1129 4234 lib.
1151 4197 1234 4233 lx.
1274 4198 1323 4233 c.

271 4259 318 4304 4.
344 4257 361 4285 ‘
383 4260 610 4322 quamvis
651 4259 925 4308 Senatoria
967 4260 1082 4324 quis
1126 4259 1323 4322 origine

275 4344 417 4401 esset,
432 4349 593 4402 usque
611 4334 680 4385 ad
702 4335 958 4400 legitimos
983 4349 1142 4387 annos
1159 4347 1321 4397 eques

1420 1439 1576 1487 supra
1598 1431 1830 1474 notatum
1856 1432 1937 1475 est
1959 1426 2011 1474 in
2034 1425 2141 1477 Jul.
2161 1417 2242 1474 Ᾱό.
2311 1422 2477 1473 Aldus

1416 1501 1681 1550 Manutius
1724 1501 1816 1552 lib.
1859 1516 1925 1551 11.
1983 1500 2047 1550 de
2101 1501 2334 1565 quaesitis
2379 1515 2479 1564 per

1419 1577 1710 1642 epistolam,
1738 1578 1891 1642 epist.
1918 1582 1966 1628 2.
2001 1578 2182 1628 scribit
2206 1579 2338 1628 latos
2372 1578 2476 1627 cla·-

1418 1669 1508 1704 vos
1546 1656 1768 1704 omnium
1802 1653 1978 1716 fnisse,
2016 1654 2100 1717 qui
2134 1662 2285 1717 patre
2312 1653 2477 1713 ‘Sena‘-

1417 1739 1533 1782 tore
1552 1733 1632 1781 vel
1666 1732 1839 1796 equite
1875 1731 1983 1780 nati
2008 1728 2203 1791 forent,
2235 1744 2336 1778 nou
2370 1729 2478 1794 qui·-

1416 1807 1533 1857 dem
1558 1823 1589 1855 a
1612 1808 1789 1870 primis
1812 1808 1977 1868 annis,
2006 1805 2095 1855 sed
2133 1805 2198 1855 ab
2234 1819 2365 1854 anno
2404 1820 2474 1854 ω-

1418 1883 1542 1931 tatis
1574 1887 1652 1931 17.
1696 1896 1797 1947 quo
1822 1889 1942 1944 toga
1971 1880 2127 1929 virilis
2160 1880 2484 1943 sumebatur,

1416 1959 1480 2009 ad
1505 1974 1690 2008 annum
1717 1959 1883 2008 aetatis
1899 1957 2205 2016 Senatoriae,
2222 1972 2321 2022 quo
2344 1961 2471 2006 tem.-

1417 2051 1559 2101 pore,
1581 2036 1623 2085 si
1648 2036 1731 2086 vel
1767 2035 1934 2099 gratia
1968 2034 2223 2097 destituti,
2256 2033 2338 2082 vel
2368 2033 2467 2081 oti-

1413 2127 1499 2162 um
1525 2111 1882 2178 praeferentes,
1897 2111 2175 2161 honoribus
2194 2124 2293 2159 nou
2313 2124 2471 2173 coop-

1415 2198 1652 2241 tarentur
1698 2191 1749 2239 in
1790 2191 2064 2250 Senatum,
2104 2197 2231 2238 tunc
2266 2187 2472 2251 depost»

1416 2274 1470 2316 to
1509 2268 1617 2316 lato
1653 2269 1801 2316 clavo
1838 2266 2110 2316 sumebant
2152 2272 2469 2329 angustum:

1410 2343 1545 2409 quod
1570 2344 1737 2406 colligi
1756 2343 1962 2392 videtur
1985 2357 2048 2392 ex
2070 2341 2261 2391 Ovidio
2284 2341 2377 2391 lib.
2397 2356 2471 2390 ιν.

1407 2420 1649 2469 Tristium
1676 2420 1858 2483 Elegia
1880 2424 1959 2470 10.
2025 2417 2269 2468 ‘Interea
2309 2419 2471 2468 tacito

1408 2498 1563 2559 passu
1588 2495 1883 2544 labentibus
1908 2492 2333 2555 annis,'Liberior
2362 2491 2468 2541 fra·

1410 2573 1478 2621 tri
1518 2579 1702 2634 sumta,
1733 2571 1956 2636 miliique
1994 2576 2116 2632 toga
2158 2577 2258 2631 est,
2287 2568 2468 2637 Indui-

1411 2656 1596 2712 turque
1638 2646 1861 2695 humeris
1919 2660 2033 2694 cum
2089 2645 2194 2693 lato
2239 2658 2470 2708 purpura

1410 2724 1580 2785 clavo,
1620 2725 1718 2772 ὅτε.
1818 2720 1973 2771 Curia
2030 2720 2278 2783 restabat,
2334 2721 2470 2770 clavi

1411 2814 1649 2849 mensura
1673 2811 1853 2848 coacta
1877 2805 1973 2848 est.
2008 2797 2193 2860 .Majus
2218 2807 2331 2847 erat
2351 2812 2467 2847 nos-

1411 2879 1502 2927 tris
1538 2877 1730 2925 viribus
1761 2874 1886 2925 illud
1911 2875 2200 2930 onus‚’&c,
2270 2875 2463 2924 Verum

1411 2971 1441 3004 a
1464 2953 1688 3018 pueritia
1711 2966 1910 3017 quoque
1936 2953 2040 3001 lato
2064 2951 2211 3001 clavo
2230 2951 2466 3000 indutum

1412 3032 1689 3091 Caesarem,
1714 3029 1931 3092 probare
1962 3029 2168 3077 videtur
2198 3028 2308 3091 ipse
2344 3028 2466 3076 Sue-

1413 3108 1600 3170 tonius,
1635 3106 1748 3154 loco
1786 3120 1940 3168 supra
1992 3105 2189 3154 citato:
2249 3119 2467 3167 puerum

1413 3186 1548 3232 enim
1622 3182 1881 3232 Caesarem
1947 3182 2247 3244 appellabat
2302 3182 2466 3246 Sylla,

1414 3261 1552 3326 quod
1577 3261 1641 3308 de
1676 3273 1737 3309 eo
1773 3266 1888 3324 post
1923 3267 2141 3309 sumtam
2167 3259 2364 3308 virilem
2389 3267 2467 3308 to·

1413 3353 1527 3401 gam
1551 3337 1811 3388 dicturum
1842 3334 2023 3399 fuisse,
2046 3351 2145 3385 non
2183 3336 2258 3385 ita
2282 3336 2465 3399 proba-

1413 3414 1515 3463 bile
1548 3420 1647 3475 est,
1684 3427 1847 3477 eoque
1869 3413 2054 3473 minus,
2081 3411 2216 3477 quod
2250 3424 2464 3460 uxorem

1411 3504 1473 3538 eo
1496 3496 1727 3552 tempore
1763 3486 2006 3548 duxerat,
2037 3493 2099 3536 ut
2130 3500 2197 3534 ex
2229 3484 2465 3548 ejusdem

1409 3564 1648 3614 Suetonii
1665 3579 1712 3614 c.
1736 3567 1782 3612 1.
1804 3562 2133 3612 manifestum
2159 3570 2259 3610 est.
2304 3561 2464 3609 Certe

1405 3642 1714 3691 Senatorum
1737 3639 1887 3689 liberi
1912 3652 2180 3702 nusquam,
2203 3636 2341 3702 quod
2366 3649 2463 3698 ego

1409 3717 1718 3781 acceperim,
1733 3715 1930 3777 curiam
1954 3713 2172 3778 ingressi
2195 3714 2458 3774 leguntur,

1407 3810 1436 3844 a
1461 3793 1751 3858 supradicti
1776 3790 2087 3841 Praetextati
2112 3788 2462 3851 temporibusz

1407 3879 1463 3922 et
1504 3887 1562 3921 re
1593 3885 1715 3920 vera
1749 3870 1883 3918 latus
1917 3868 2094 3916 clavus
2124 3865 2360 3915 Senatori
2392 3858 2463 3914 'ab

1404 3947 1590 4013 equite
1602 3943 1964 4008 distinguendo
1990 3943 2260 3992 institutus
2281 3960 2298 4006 ς
2316 3942 2358 3991 si
2374 3956 2464 3992 au-

1405 4033 1512 4074 tem
1547 4037 1694 4072 secus
1736 4019 1936 4070 factum
1978 4027 2056 4068 est
2087 4020 2153 4068 ab
2186 4018 2462 4082 aliquibus,

1403 4099 1621 4150 licentia
1645 4105 1933 4160 temporum
1956 4094 2010 4144 id
2033 4095 2311 4158 contigisse
2351 4109 2464 4143 cre·

1405 4175 1649 4239 diderim,
1672 4173 1823 4239 (quot
1846 4173 1980 4222 enim
2017 4187 2049 4221 a
2083 4171 2237 4236 Syllae
2261 4177 2461 4235 tempo-

1402 4255 1544 4304 ribus
1567 4253 1631 4302 ad
1657 4252 1948 4315 Augustum
1970 4251 2108 4301 bella
2123 4251 2294 4309 civilia
2311 4250 2358 4313 ?)
2381 4256 2461 4298 at·

1404 4345 1525 4398 que,
1550 4336 1610 4382 ut
1630 4328 1705 4380 ait
1726 4328 2078 4387 casaubonus,
2102 4341 2136 4377 a
2154 4325 2459 4377 Senatorum
