3019 4922
969 414 1031 459 c.
1080 413 1441 463 SUETONII
1490 417 1868 469 'nunnius
2384 416 2512 480 409

322 558 629 617 consorte
654 547 957 633 Romuli,
987 556 1118 634 vel,
1148 559 1325 640 quod
1365 563 1575 644 magis
1609 568 1896 644 constat,
1931 565 2100 634 Atta
2120 566 2141 604 f
2174 571 2460 640 Claudio
2482 584 2513 624 4

2463 625 2482 653 2

318 655 526 735 gentis
560 655 921 739 principe,ss
955 663 1104 741 post
1129 678 1316 742 reges
1347 672 1633 729 exactos
1662 674 1855 732 sexto
1884 669 2248 751 fereannO,
2281 697 2324 741 a
2373 678 2512 744 Pa-

320 756 538 820 tribus
578 758 647 821 in
688 759 1005 841 patricias
1037 768 1408 847 cooptata.⁵
1495 765 1745 850 Agrum
1777 770 2050 855 insuper
2079 782 2262 841 trans
2305 778 2509 845 Anie-

317 872 466 923 nem
488 858 515 898 ⁶
539 857 565 896 ¹¹
596 861 966 942 clientibuS,
999 864 1361 949 locumque
1395 867 1565 934 sibii
1597 872 1683 936 ad
1712 875 2120 958 sepulturam
2154 880 2277 946 sub‘
2304 881 2508 968 Capi-

1217 1078 1572 1101 OOOOOOOOOOOO

314 1221 454 1272 Oud.
476 1223 619 1275 bonis
648 1225 814 1277 Codd.
848 1225 1097 1279 faventib.
1166 1230 1333 1296 Vulgo
1365 1233 1604 1284 clientum.
1669 1236 1795 1285 Tum
1830 1236 1911 1301 qui
1947 1240 2101 1300 magis
2133 1242 2385 1295 Fouc.—4
2421 1249 2506 1299 Sic

310 1288 533 1339 Turneb.
570 1305 721 1354 quem
764 1293 930 1344 Pulm.
965 1295 1186 1345 Casaub.
1220 1299 1410 1363 aliique
1432 1302 1596 1350 secuti
1619 1309 1758 1365 sunt,
1789 1301 2153 1355 accedentibus
2180 1307 2308 1358 Cod.
2334 1311 2504 1364 Vatic.

309 1352 451 1403 Pitb.
473 1363 530 1404 et
551 1357 765 1408 Memm.
829 1359 890 1407 In
930 1359 1065 1408 Edd.
1101 1362 1274 1425 vulgg.
1313 1372 1396 1413 est
1425 1363 1585 1430 Appio
1622 1367 1839 1430 Claudio,
1875 1383 1966 1432 pro
2000 1370 2183 1434 quibus
2219 1380 2503 1438 reponend.

311 1418 575 1470 existimat
607 1422 755 1473 Torr.
789 1421 915 1472 Atta
950 1426 1141 1484 clauso,
1172 1427 1349 1492 sicque
1385 1437 1621 1480 notatum
1652 1440 1734 1482 est
1767 1447 1797 1481 a
1835 1448 1969 1483 man.
1991 1436 2130 1485 doct.
2155 1437 2217 1486 ad
2243 1453 2380 1488 oram
2405 1444 2505 1493 Ed.

311 1482 512 1548 Gryph.
531 1489 674 1536 1539.
706 1486 846 1541 oud.
866 1495 920 1538 et
935 1489 1114 1555 Burin.
1132 1492 1437 1544 alterutrum
1456 1496 1711 1548 scribend.
1727 1498 2064 1558 contendunt,
2075 1502 2296 1554 autAtta
2315 1508 2504 1566 Clauso,

308 1543 495 1598 Sabina
519 1552 887 1615 appellatione,
908 1562 996 1603 aut
1018 1555 1174 1617 Appio
1194 1559 1411 1621 Claudio,
1428 1561 1480 1609 in
1504 1560 2003 1626 Romanwumlmorem
2027 1573 2242 1618 mutata.
2278 1570 2360 1620 cf.
2379 1573 2502 1624 Tac.

308 1625 414 1662 xn-
435 1619 517 1664 25.
550 1616 663 1664 Liv.
688 1630 750 1682 ιι.
773 1622 855 1667 16.
890 1618 1046 1671 Ovid.
1071 1621 1212 1671 Fast.
1235 1637 1313 1672 ιν.
1336 1628 1419 1675 30.
1486 1626 1550 1675 In
1577 1641 1678 1676 uno
1700 1629 1802 1678 Ms.
1824 1629 1966 1679 Torr.
1988 1630 2116 1681 Aeta
2147 1633 2290 1683 Tucia
2313 1636 2503 1700 Clauso,

257 1714 258 1717 ,
305 1678 485 1741 inalio
507 1680 633 1731 Acta
659 1682 797 1731 Tatio
824 1675 1037 1735 Claudio.
1071 1730 1072 1733 ,
1107 1685 1318 1738 Habent
1334 1707 1365 1738 a
1391 1691 1532 1740 Tatio
1549 1692 1750 1742 Viterb.
1769 1693 1890 1754 Lisl.
1913 1695 2010 1744 Ed.
2034 1696 2213 1760 Camp.
2249 1700 2394 1750 'Pacis
2417 1705 2502 1753 vel

309 1743 449 1793 Tatio
473 1746 671 1795 Claudio
695 1744 849 1809 Fouc'.
870 1750 1010 1798 Dun.
1030 1745 1145 1814 cuj.
1172 1753 1304 1802 Edd.
1337 1755 1486 1804 Rom.
1514 1757 1646 1805 Ven.
1684 1762 1730 1807 1.
1765 1759 2002 1824 aliaeque,
2039 1768 2093 1810 et
2114 1762 2189 1811 ita
2212 1764 2362 1816 Lind.
2382 1768 2501 1821 cod.

311 1809 364 1858 T.
403 1810 604 1860 Claudio
635 1811 765 1861 Ven.
801 1811 921 1863 duae
954 1815 1185 1879 reliquae,
1222 1817 1355 1868 Bon.
1405 1820 1507 1870 Aia
1534 1823 1733 1873 Claudio
1756 1822 1906 1874 Huls.
1927 1835 1982 1874 et
2004 1825 2106 1874 ΜΒ.
2131 1827 2339 1893 Crucei,
2362 1831 2503 1881 Actio

310 1874 481 1924 Clauso
503 1875 718 1925 Claudite
741 1877 901 1926 Vind.
927 1883 972 1928 1.
1022 1880 1161 1930 Tatio
1187 1882 1398 1932 Claudia*
1419 1885 1577 1935 Vind.
1599 1890 1648 1936 2.
1681 1889 1827 1938 Corn
1859 1905 1890 1938 a
1917 1890 2052 1939 Tatio
2078 1892 2291 1942 Claudite
2313 1895 2429 1944 Pal.
2451 1900 2501 1946 1.

301 1938 429 1988 Atta
453 1940 664 1989 Claudio
684 1942 788 1992 Ms.
809 1943 935 1993 Ern.
980 1946 1105 1995 Acta
1130 1946 1329 1996 Claudio
1350 1949 1466 1999 Pal.
1488 1953 1539 1999 2.
1565 1951 1694 2015 Cop.
1741 1952 1885 2002 Actio
1908 1955 2107 2004 Claudio
2126 1957 2242 2007 Pal.
2265 1963 2312 2007 3.
2364 1960 2500 2010 Tatio

307 2004 497 2054 clausio
519 2005 692 2054 Periz.
759 2006 821 2054 In
848 2008 1044 2059 Medic.
1066 2014 1115 2059 3.
1146 2012 1345 2062 Claudio
1363 2027 1464 2062 non
1488 2025 1775 2081 comparet,
1811 2019 1906 2068 nisi
1941 2020 1993 2068 in
2033 2035 2194 2084 marg.
2228 2023 2367 2074 unde
2389 2040 2501 2075 sus-

301 2077 515 2131 pectum
537 2077 619 2120 est
640 2071 764 2120 Ern.
788 2078 841 2122 et
864 2072 1005 2122 Oud.
1042 2075 1129 2138 qui
1164 2076 1301 2140 conj·
1335 2078 1550 2131 Sueton.
1591 2083 1894 2144 simpliciter
1921 2085 2187 2148 scripsisse
2207 2090 2348 2152 Atta,
2364 2096 2500 2152 gent.

293 2149 372 2197 pr.
446 2134 591 2186 Idem
607 2134 716 2198 jam
739 2137 861 2188 olim
885 2139 1043 2189 visum
1067 2146 1149 2189 est
1172 2141 1469 2207 Vertranio,
1492 2147 1631 2208 apud
1663 2148 1829 2198 Tacit.
1861 2147 2000 2199 Anu.
2041 2165 2116 2201 ιν.
2149 2157 2199 2201 9.
2234 2153 2311 2218 (in
2350 2156 2499 2220 cujus

300 2198 417 2249 cod.
442 2208 688 2267 exaratur
707 2201 902 2266 clauso)
917 2204 1005 2253 sed
1030 2205 1225 2268 legenti
1244 2208 1497 2259 decim—5
1519 2211 1604 2261 Ita
1627 2221 1748 2263 ante
1771 2214 1992 2278 Baumg.
2014 2216 2181 2269 edidit
2196 2218 2320 2270 Ern.
2355 2221 2502 2270 Proe·

297 2260 474 2314 ferunt
508 2265 560 2314 in
595 2266 826 2327 patricios
863 2274 1073 2331 cooptato
1107 2271 1250 2321 Duk.
1275 2273 1339 2321 ad
1363 2275 1476 2326 Liv.
1500 2290 1581 2326 ιν.
1603 2281 1654 2327 4.
1677 2285 1732 2328 et
1754 2280 1991 2332 Perizon.
2057 2281 2120 2331 In
2142 2283 2362 2335 Tornac.
2385 2287 2499 2338 eod.

286 2328 399 2388 sere
433 2335 559 2379 sext.
593 2345 734 2392 anno,
769 2339 926 2398 atque
955 2349 984 2382 α
1006 2340 1134 2397 patr.
1158 2337 1208 2385 in
1225 2340 1457 2400 patricias
1476 2348 1627 2405 coopt.
1697 2342 1803 2394 Pro
1829 2361 1859 2394 a
1891 2352 2020 2409 patr.
2042 2348 2198 2397 etiam
2230 2349 2424 2400 Medic.
2447 2355 2498 2403 3.

300 2392 464 2444 Ponit.
506 2396 648 2444 dant
672 2402 829 2459 atque,
864 2398 999 2447 unde
1039 2400 1196 2450 verba
1233 2403 1321 2452 illa
1362 2407 1771 2472 proscripserunt
1805 2411 1951 2460 Torr.
1984 2420 2037 2460 et
2073 2413 2215 2476 Lips.
2252 2422 2306 2465 et
2325 2416 2500 2467 omisit

296 2459 475 2509 Bur-m.
497 2461 550 2509 in
574 2477 665 2510 sua
687 2463 783 2512 Ed.
810 2463 947 2514 Oud.
966 2474 1086 2514 'curn
1110 2465 1229 2517 Ald.
1250 2468 1433 2532 Steph.
1454 2473 1583 2536 legit
1603 2490 1725 2524 anno
1741 2492 1758 2525 .·
1780 2480 1918 2539 atque
1938 2492 1968 2525 a
1989 2481 2116 2539 patr.
2135 2478 2187 2526 in
2203 2493 2253 2541 p.
2277 2496 2319 2529 e.
2343 2495 2496 2544 quem

295 2526 537 2589 sequitur
578 2527 695 2590 Bip.
728 2528 903 2579 Burni.
938 2536 993 2579 et
1031 2530 1187 2580 Wolf.
1237 2536 1467 2595 patricios
1519 2538 1834 2601 maluerunt,
1887 2541 1979 2590 sed
2022 2542 2252 2604 patricias
2287 2544 2498 2597 firmant

295 2590 495 2641 Medic.
520 2595 566 2639 1.
587 2596 635 2641 3.
659 2592 819 2643 Polit.
841 2595 973 2657 Cop.
997 2593 1105 2659 (cui
1136 2595 1324 2648 desunt
1343 2606 1478 2651 sexto
1498 2602 1652 2666 etin)
1678 2604 1830 2654 Huls.
1855 2605 2003 2654 Voss.
2041 2608 2276 2668 emptam
2296 2610 2496 2661 Medic.

296 2660 342 2704 1.
361 2656 500 2706 Dun.
528 2656 658 2719 Cop.
681 2657 853 2709 Periz.
891 2659 1025 2709 Edd.
1061 2661 1209 2709 Rom.
1234 2663 1473 2729 aliaeque,
1506 2667 1751 2729 cohoptata
1772 2669 2050 2728 Perim—-ss
2081 2670 2314 2723 Anionem
2337 2675 2493 2727 Vind.

295 2724 342 2770 1.
409 2721 550 2772 Dein
572 2722 811 2787 lucumque
832 2724 961 2776 Mss.
997 2723 1100 2775 duo
1133 2725 1282 2778 Torr.
1319 2730 1534 2797 Nonnii,
1568 2732 1769 2785 Viterb.
1800 2734 1993 2785 Medic.
2021 2739 2063 2784 1.
2085 2740 2135 2787 3.
2167 2738 2315 2789 Voss.
2349 2739 2492 2792 Dun.

1280 2915 1500 2968 NOTAE

293 3035 427 3072 mam
465 3025 681 3093 nempe)
704 3029 946 3080 collatum
984 3032 1121 3096 regis
1155 3033 1351 3084 utrius·
1432 3049 1536 3084 non
1564 3034 1787 3095 insistat,
1820 3041 1880 3087 ut
1915 3028 1990 3089 ait
2014 3038 2234 3088 Festus:
2269 3044 2285 3067 ‘
2310 3037 2491 3090 Attam

294 3116 395 3167 que
430 3116 661 3165 regnum.
726 3109 813 3157 De
847 3108 1029 3174 quibus
1063 3110 1240 3163 Livius
1262 3112 1350 3164 lib.
1431 3125 1524 3176 pro
1549 3113 1842 3164 reverentia
1865 3116 1976 3165 seni
2016 3114 2232 3166 cuilibet
2253 3115 2492 3180 dicimus,

292 3169 333 3228 i.
360 3178 547 3230 decad.
567 3196 606 3231 1.

354 3252 375 3287 ¹
401 3255 550 3321 Atta]
595 3259 755 3310 Varie
790 3260 985 3325 legitur
1013 3264 1112 3315 hoc
1145 3280 1350 3317 nomen.

293 3329 398 3381 Alii
420 3334 614 3399 quippe
634 3335 775 3386 Attio
802 3338 1001 3402 legunt,
1032 3340 1169 3389 aliia
1195 3341 1349 3405 Tatio,

291 3424 352 3459 ac
388 3409 613 3477 denique
650 3415 821 3477 Appio.
891 3416 954 3465 In
986 3431 1043 3465 re
1082 3424 1186 3467 tam
1220 3433 1349 3482 vaga

290 3494 491 3537 certum
516 3490 638 3553 quid
662 3492 750 3540 vix
783 3491 1024 3544 affirmes.
1088 3494 1208 3543 Tria
1243 3493 1349 3544 for-

290 3570 432 3613 tasse
449 3548 592 3627 ¹apud
623 3567 841 3619 Sabinos
872 3570 921 3619 ei
955 3569 1101 3621 fuere
1126 3571 1351 3634 nomina,

288 3640 438 3702 Atta,
461 3641 666 3705 Tatius,
689 3644 929 3707 Clausus,
954 3647 1034 3696 vel
1050 3646 1187 3697 forte
1205 3654 1350 3711 post·

287 3732 441 3783 quam
493 3719 866 3785 commigravit,
920 3723 1153 3773 Romano
1207 3739 1350 3774 more

288 3809 436 3846 suum
464 3810 649 3846 nomen
672 3795 891 3855 effinxit,
909 3807 967 3849 ut
983 3808 1123 3851 esset
1145 3801 1348 3866 Appius

287 3860 557 3921 Claudius.
612 3872 766 3924 Quod
788 3871 983 3926 factum
1006 3890 1037 3925 a
1053 3877 1347 3928 Lucumone

285 3946 501 4010 legitur,
540 3950 627 4013 qui
667 3964 785 3999 cum
817 3952 1106 4016 Tarquiniis
1128 3954 1343 4004 Romam

287 4026 533 4093 yenisset,
554 4028 615 4079 L.
635 4028 906 4094 Tarquinii
941 4046 1125 4082 nomen
1158 4032 1343 4084 edidit.

286 4103 383 4152 Est
411 4118 538 4153 vero
572 4110 589 4132 ‘
615 4103 773 4155 Atta'
811 4122 914 4156 vox
947 4115 1095 4159 vetus
1133 4109 1341 4174 Sabina,

288 4195 404 4244 quae
437 4180 695 4231 hominem
720 4177 1030 4235 ambulando
1054 4186 1200 4250 quasi
1221 4187 1341 4237 sub-

287 4257 548 4307 silientem
586 4257 863 4322 significat,
902 4269 1117 4326 propter
1148 4263 1341 4328 pedum

287 4341 379 4385 aut
399 4333 628 4386 crurium
650 4335 848 4393 vitium,
865 4351 965 4402 quo
987 4337 1049 4389 fit
1070 4347 1129 4390 ut
1152 4340 1342 4405 plantis

1429 3188 1577 3250 quasi
1620 3203 1737 3239 eum
1776 3189 1860 3240 avi
1898 3192 2104 3242 nomine
2140 3193 2495 3257 appellemus.’

1416 3261 1611 3314 ’'Ar-rem
1631 3266 1867 3317 subsilire
1890 3275 1990 3331 est,
2027 3276 2102 3332 et,
2124 3278 2180 3318 ut
2203 3271 2277 3319 ait
2300 3271 2490 3321 Casan·

1425 3338 1613 3404 bonus,
1633 3355 1886 3405 nusquam
1909 3342 2074 3393 ferme
2095 3345 2282 3407 pedem
2309 3345 2491 3409 figere.

1490 3424 1516 3459 s
1549 3416 1800 3481 Principe]
1836 3418 1918 3467 De
1939 3419 2038 3469 hoc
2074 3420 2190 3469 fuse
2212 3421 2487 3486 Dionysius

1427 3487 1853 3544 Halicarnasseus
1875 3495 1965 3544 lib.
1989 3510 2044 3546 v.

1490 3569 1515 3603 ¹¹
1546 3570 1804 3635 Anienem]
1854 3573 2111 3630 Fluvium,
2141 3573 2293 3624 hodie
2343 3576 2488 3627 Tene-

1427 3662 1556 3704 rone.
1623 3647 1906 3712 Dionysius
1938 3648 2362 3701 Halicarnasseus
2398 3652 2486 3701 ad-

1429 3723 1526 3787 dit,
1545 3723 1814 3773 comitatui
1850 3724 2028 3775 datum
2064 3740 2242 3789 agrum
2264 3727 2485 3777 Fidenas

1426 3799 1566 3850 inter
1603 3806 1659 3849 et
1695 3800 1969 3863 Picnliam‚
2016 3800 2208 3857 viritim
2246 3801 2482 3853 dividen-

1426 3875 1569 3941 dum,
1599 3875 1737 3924 unde
1777 3890 1897 3925 mox
1937 3874 2078 3926 facta
2116 3876 2278 3928 fuerit
2317 3880 2483 3930 tribus

1427 3952 1660 4003 Claudia.
1723 3950 1931 4001 Videsis
1969 3958 2026 4003 et
2058 3953 2392 4028 Plutarchum
2416 3956 2483 4016 ¹in

1426 4027 1720 4095 Publicola,
1742 4028 1834 4077 sub
1859 4027 2034 4077 finem.

1486 4104 1501 4137 ¹
1529 4105 1793 4167 Locumque
1808 4102 1925 4165 sibi]
1960 4104 2023 4152 In
2048 4101 2276 4169 margine
2308 4106 2484 4159 Viter·

1422 4180 1616 4231 biensis
1663 4180 1858 4230 codicis
1881 4178 2099 4243 'legerat
2142 4183 2479 4235 Casaubouus

1420 4261 1592 4321 lacum,
1633 4270 1731 4307 nec
1769 4255 2022 4320 probavit.
2088 4257 2172 4307 De
2212 4261 2479 4325 sepultura

1420 4343 1564 4388 tacet
1584 4334 1861 4400 Dionysius
1880 4332 2094 4399 ibidem,
2110 4334 2343 4400 dicitque
2365 4342 2479 4386 tan-
