3019 4922
502 358 590 425 90

504 503 591 585 ad
641 520 800 586 bina
850 520 1062 587 millia
1112 542 1475 602 nummum,
1522 524 1588 588 in
1637 523 1843 589 Italia
1892 544 2019 589 non
2069 523 2244 590 ultra
2264 525 2691 609 quingenos-⁴

504 623 847 688 sestertios
875 625 1150 690 remisit.
1238 625 1515 710 Adjecit
1546 625 1818 711 epulum
1851 647 1933 692 ac
1975 628 2530 710 viscerationem‚⁵
2555 638 2582 676 ⁸
2625 636 2694 700 et

501 733 666 809 post
714 725 1241 810 Hispaniensem
1291 730 1638 793 victoriam
1691 729 1827 794 duo
1877 728 2206 815 prandia.¹¹
2299 732 2481 798 Nam
2539 754 2693 799 oum

502 827 692 913 prius
723 848 953 913 parce,
973 850 1190 914 neque
1220 821 1348 916 pro>
1368 832 1767 898 liberalitate
1797 854 1925 899 sua
1947 835 2312 917 praebitum
2334 836 2692 919 judicaret,

503 930 734 1014 quinto
764 939 918 1016 post
950 934 1058 999 die
1091 936 1275 1000 aliud
1303 935 1800 1019 largissimum⁶
1852 938 2162 1023 praebuit.
2250 938 2421 1022 [39]
2467 939 2695 1018 Edidit

502 1038 904 1117 spectacula
924 1046 949 1087 ⁷
982 1040 1147 1104 varii
1178 1042 1432 1123 generis
1452 1040 1496 1106 ε*
1551 1060 1790 1106 munus
1821 1042 2286 1124 gladiatorium
2313 1063 2328 1103 :
2353 1039 2413 1080 ⁸³
2459 1038 2694 1107 ludosk

502 1138 707 1203 etiam
749 1139 1179 1224 regionatim¹
1224 1142 1411 1208 Urbe
1450 1151 1620 1222 tota,
1667 1151 1734 1208 et
1764 1145 2024 1229 quidem
2068 1166 2190 1229 per
2231 1145 2694 1211 omnium‘lin·

501 1259 775 1322 guarum
835 1244 1231 1310 histriones:
1255 1253 1297 1282 ¹¹²
1355 1247 1513 1311 item
1572 1245 1980 1327 Circenses‚¹²
2032 1248 2375 1329 athletaS,⁰
2415 1268 2694 1314 nauma-

1369 375 1433 424 ο.
1480 374 1839 438 susronn

1413 1445 1442 1463 0

497 1577 737 1639 antiph-4
774 1575 1067 1638 Quingentos
1101 1576 1290 1642 copes,
1329 1578 1563 1635 Harlem.
1632 1580 1770 1630 Dein
1812 1595 1908 1644 pro
1946 1581 2128 1631 remisit
2153 1581 2313 1632 Vind.
2343 1586 2391 1632 1.
2430 1582 2696 1636 dimisit.—

498 1645 528 1688 5
564 1641 741 1689 Burm.
779 1642 1010 1704 reposuit
1041 1643 1104 1691 ad
1137 1645 1253 1706 vise.
1289 1658 1355 1692 ex
1400 1644 1635 1694 Har-lem.
1669 1646 1838 1695 Periz.
1862 1647 1995 1697 Ven.
2035 1646 2156 1698 trib.
2198 1647 2360 1711 Lugd.
2394 1649 2543 1700 Junt.
2571 1651 2693 1701 Ald.

441 1705 462 1711 “
496 1706 677 1767 steph.
703 1705 887 1770 quibus
909 1706 1165 1757 accedunt
1187 1708 1344 1758 vind.
1368 1716 1603 1774 uterque,
1623 1710 1785 1761 Juuk.
1805 1711 2141 1775 probantibus
2160 1712 2298 1763 Oud.
2316 1712 2469 1763 wolf.
2488 1715 2696 1767 Ruhnk-

499 1769 693 1819 Verum
717 1787 773 1820 ac
793 1786 910 1821 cum
931 1772 1195 1836 plerisque
1218 1774 1346 1823 Mss.
1382 1782 1437 1824 et
1461 1776 1593 1825 Edd.
1618 1778 1940 1827 retinuerunt
1962 1779 2140 1829 (ἔνων.
2165 1778 2397 1829 Gronov,
2423 1781 2550 1829 Ern.
2573 1781 2696 1845 Bip.

496 1835 625 1884 Var.
666 1836 885 1898 Baumg.
951 1839 1108 1887 Fouc..
1139 1838 1291 1888 unice
1315 1840 1526 1890 exhibet
1545 1857 1616 1905 ep.
1638 1844 1702 1891 ad
1723 1858 1868 1906 usque
1896 1844 2354 1894 saturationem—6
2390 1845 2486 1895 Ed.
2509 1847 2695 1909 Camp.

494 1901 772 1963 largissimi,
796 1900 936 1951 forte
961 1918 1054 1965 pro
1070 1904 1361 1964 fortissime.
1425 1906 1554 1955 Tum
1573 1907 1701 1966 fecit
1721 1907 1872 1957 Huls.
1895 1908 2028 1971 quod
2055 1923 2157 1959 uon
2180 1908 2392 1960 damnat
2412 1911 2693 1961 Burm.—·⁷

499 1966 845 2029 Exspectanda
877 1967 1091 2016 Merum.
1129 1969 1309 2020 Barth.
1348 1969 1484 2019 unde
1526 1971 1641 2023 Jac.
1681 1972 1846 2022 Gron.
1878 1972 2106 2023 faciebat
2137 1978 2189 2023 et
2217 1989 2339 2038 spec.
2406 1976 2512 2025 Pro
2543 1976 2696 2027 edidit

497 2030 667 2080 Per-iz.
690 2032 935 2083 dedit—8
972 2033 1302 2084 Gladiatoru'm
1336 2035 1483 2087 Med.
1515 2035 1636 2100 dno,
1659 2038 1818 2089 Vind.
1839 2043 1889 2089 2.
1913 2040 2058 2089 Cort.
2082 2040 2315 2090 Harlem.
2338 2040 2520 2106 Camp.
2549 2040 2695 2093 Cald.

1492 2201 1710 2252 NOTAE
1770 2225 1773 2230 ·

481 2303 581 2339 ἲιιι.
607 2289 672 2340 de
694 2305 808 2342 asse
833 2301 888 2343 et
920 2295 1255 2347 casaubonus
1278 2298 1431 2358 etiam
1455 2299 1551 2351 sic.
1634 2315 1716 2350 am
1739 2302 2034 2365 nuptiarum
2055 2301 2244 2366 gratia,
2268 2301 2576 2367 largitionis,
2602 2309 2695 2353 aut

494 2366 596 2418 Qui
635 2368 773 2417 cives
807 2369 1022 2420 Romani
1054 2372 1106 2421 in
1130 2374 1389 2426 conducto
1407 2376 1551 2426 habi·
1631 2378 1942 2431 ambitionis.
2007 2380 2168 2430 Secus
2216 2380 2396 2429 brevia
2437 2385 2493 2429 et
2535 2395 2694 2445 parca

494 2442 675 2494 tabant
706 2446 904 2510 Romae,
943 2449 1096 2500 modo
1126 2451 1395 2518 plusquam
1429 2454 1551 2506 bina
1631 2453 1810 2521 fuisse,
1842 2457 2048 2508 disertis
2074 2457 2246 2508 verbis
2270 2457 2591 2509 Plutarchus
2616 2473 2699 2513 re·.

493 2520 656 2570 millia
677 2537 846 2587 annua
869 2538 968 2573 uon
984 2526 1340 2590 solverent,et
1360 2530 1415 2578 in
1440 2530 1548 2581 Ita·
1629 2531 1734 2584 fert
1771 2534 1822 2583 in
1846 2535 2193 2599 Symposiacis
2232 2535 2323 2585 lib.
2350 2549 2473 2586 vm.
2502 2542 2693 2602 quaest.
2769 2566 2771 2568 -

492 2597 559 2646 lia
592 2598 901 2664 quingentos
932 2617 1184 2667 nummos,
1216 2607 1279 2656 iis
1310 2609 1547 2659 omuibus
1627 2613 1678 2661 6.
1701 2611 1902 2675 priscos
1926 2627 2111 2676 nempe
2140 2613 2394 2662 Romanos
2417 2613 2694 2664 moderate

429 2712 430 2715 ,
491 2674 999 2740 remisitpeusionem
1015 2681 1164 2736 unius
1180 2684 1545 2749 anui,hocest,
1630 2686 1972 2753 privatimque
2008 2689 2283 2754 prandere,
2321 2705 2532 2740 coenare
2570 2705 2696 2744 vero

490 2749 639 2800 unius
664 2755 782 2803 anni
813 2756 1061 2818 pensione
1093 2760 1363 2813 liberavit:
1402 2779 1544 2814 com·
1627 2778 1743 2813 cum
1767 2765 1942 2813 amicis
1974 2766 2320 2828 consuevisse,
2340 2766 2565 2832 ideoque
2588 2782 2693 2819 eoe-

488 2827 638 2878 mode
658 2830 886 2894 quidem,
916 2833 1068 2883 modo
1093 2837 1268 2903 Caesar
1290 2840 1546 2906 intelliga-
1626 2855 1763 2904 nam,
1782 2841 1926 2906 qnasi
1951 2841 2242 2902 κοινὴνφῑῑθθ
2267 2851 2368 2905 θδῑυ
2388 2859 2695 2909 mmmm»

488 2910 575 2953 tur
625 2920 824 2972 quoque
868 2909 1159 2962 locatorum
1214 2914 1549 2969 indemnitati
1625 2916 1752 2979 ipsis
1783 2919 2119 2983 appellatam,
2143 2919 2293 2984 quod.
2317 2927 2490 2970 tamen
2518 2923 2696 2972 Caesa-

485 2982 834 3046 prospexisse,
866 2988 1133 3053 ceteroqui
1164 2988 1307 3041 soret
1334 2993 1444 3057 haze
1477 2993 1546 3045 de

487 3052 657 3106 alieno
675 3058 978 3111 liberalitas.

548 3141 574 3177 3
613 3135 815 3198 Epulum
846 3153 902 3187 ac
929 3139 1311 3208 viscerationem]
1345 3146 1431 3196 De
1454 3146 1544 3197 illo

484 3224 642 3275 supra
657 3227 775 3278 cap.
796 3218 878 3264 26.
902 3217 1019 3267 Hoc
1044 3228 1156 3269 erat
1180 3222 1351 3272 carnis
1367 3224 1542 3281 crudae

381 3296 386 3301 ·
483 3286 778 3339 distributio
814 3292 1195 3346 domesticatim
1240 3297 1396 3362 facta,
1440 3301 1543 3351 vis·

482 3379 605 3414 cera
646 3367 781 3417 enim
826 3372 1227 3434 appellabantur
1282 3392 1541 3443 quaecum·

481 3455 581 3506 que
621 3456 803 3492 carnes
844 3446 1049 3500 crudae:
1085 3449 1182 3500 boc
1218 3459 1274 3503 et
1307 3453 1362 3502 in
1397 3453 1544 3506 sune-

482 3517 561 3573 bri
596 3534 786 3585 pompa
810 3521 1034 3573 virorum
1069 3525 1342 3579 illustrium
1379 3531 1539 3582 usita-

481 3602 589 3645 tum
614 3605 716 3648 est.

543 3673 568 3708 ὴ
600 3678 714 3727 Duo
750 3680 979 3744 prandia]
1039 3682 1311 3734 Notandus
1345 3687 1537 3755 „locus;

478 3751 773 3804 existimant
805 3757 940 3805 enim
976 3772 1007 3807 e
1043 3759 1406 3811 Grammaticis
1429 3764 1538 3826 alii,

476 3829 695 3892 prandia
733 3833 995 3882 veteribus
1043 3835 1285 3885 Romanis
1326 3838 1536 3902 prorsus

479 3905 748 3969 inusitata,
763 3916 818 3957 ut
834 3909 1044 3960 Servius
1061 3912 1265 3963 AEneid.
1282 3929 1359 3967 tv,
1382 3932 1535 3982 quern

476 3987 683 4031 secutus
707 3993 786 4032 est
810 3984 1043 4036 Isidorus
1064 3989 1291 4052 Etymol.
1316 4007 1432 4058 cap.
1452 3999 1535 4046 20.

475 4057 564 4105 alii
605 4066 785 4107 contra
821 4061 1059 4124 omuin03
1097 4065 1323 4119 ‚diversis
1358 4085 1536 4128 omnes

474 4139 738 4182 auctorum
763 4136 889 4186 locis
922 4137 1061 4189 freti.
1126 4142 1283 4194 Certe
1305 4155 1534 4200 sumtuo-

473 4209 611 4258 siora
665 4219 722 4260 et
773 4212 1065 4267 liberaliora
1115 4220 1337 4284 prandia
1379 4222 1534 4277 festis

474 4283 655 4347 diebus
679 4289 830 4339 solita
852 4301 1002 4344 erant
1036 4296 1292 4362 usurpari,
1316 4308 1405 4351 aut
1431 4303 1532 4354 eti·

1625 2994 1694 3043 ris
1718 2995 2056 3059 temporibus,
2092 2996 2143 3045 in
2178 3002 2325 3046 tanta
2351 3010 2526 3047 rerum
2549 2997 2698 3048 afflu-

1624 3063 1785 3137 entia,
1815 3074 1927 3138 jam
1975 3074 2296 3124 immutatum
2339 3072 2526 3138 fuisse,
2565 3088 2695 3127 vero

1625 3149 1829 3200 videtur·
1848 3151 2175 3202 simillimum.

1690 3239 1712 3283 t
1747 3233 1812 3281 A.
1837 3233 1902 3282 U.
1923 3232 1982 3282 C.
2005 3235 2119 3281 708.
2690 3273 2699 3289 ,

1687 3305 1702 3339 ¹
1733 3309 1912 3357 Munus
1946 3305 2310 3377 gladiatorium]
2362 3308 2694 3361 Promissum
2726 3332 2731 3335 ·

1614 3382 1727 3447 jam
1750 3384 1869 3434 iude
1888 3400 2003 3435 eum
2027 3391 2168 3435 esset
2188 3385 2240 3434 in
2264 3384 2440 3436 Gallia
2466 3400 2587 3451 cap.
2607 3391 2693 3438 26.

1686 3458 1711 3494 ¹¹
1742 3461 1926 3524 Ludos]
1941 3460 2261 3525 Tragoedias,
2276 3463 2584 3528 comoedias,
2600 3466 2697 3515 mi-

1619 3553 1751 3604 mos,
1773 3547 1826 3588 et
1852 3552 1964 3604 quae
1990 3539 2053 3589 ad
2089 3540 2412 3590 Circensium
2435 3539 2691 3594 differen-

1619 3617 1743 3665 tiam
1767 3617 1879 3665 ludi
1899 3616 2104 3666 Scenici
2130 3617 2462 3667 dicebantur.
2645 3683 2649 3686 y
2694 3666 2700 3682 -.

1682 3699 1705 3724 ⁸·
1739 3691 2067 3758 Regionatim]
2112 3695 2220 3743 Per
2261 3695 2494 3758 singulas
2542 3698 2699 3761 urbis,

1619 3768 1877 3833 regiones,
1906 3786 2021 3835 quae
2046 3774 2126 3821 14.
2162 3772 2422 3836 praecipue
2448 3771 2692 3840 fuerunt,

1616 3846 1669 3894 in
1704 3844 1839 3910 Aug.
1875 3853 2096 3911 cap-30.
2132 3857 2189 3898 ut
2213 3865 2542 3917 unaquaeque
2567 3868 2699 3917 suos¹

1617 3923 1758 3987 quasi
1785 3925 2071 3987 peculiares
2098 3925 2249 3974 ludos
2273 3926 2513 3978 baberet.

1679 4010 1716 4036 ¹¹³
1749 4002 1851 4052 Per
1871 4004 2075 4053 omnium
2105 4004 2378 4066 linguarum
2399 4007 2698 4075 histriones]

1613 4078 1685 4128 Ut
1713 4078 1809 4128 toti
1832 4079 1906 4128 illi
1931 4080 2270 4144 multitudini,
2303 4098 2422 4147 quae
2462 4084 2689 4137 Romam

1613 4156 1666 4205 in
1689 4155 1802 4206 dies
1836 4157 2232 4222 commigrabat,
2263 4158 2449 4223 melius
2486 4162 2699 4230 gratifig.

1611 4240 1840 4284 caretur.

1677 4316 1700 4342 ¹·
1738 4307 2004 4372 Circenses]
2040 4308 2213 4377 Ludos
2246 4309 2470 4378 scilicet,
2495 4328 2686 4381 eques.
