3019 4922
1018 907 1884 987 SERENISSIMO

616 1176 2267 1298 DELPHINO

1279 1467 1340 1525 S.
1398 1464 1466 1526 P.
1522 1468 1600 1525 D.

631 1717 642 1745 ι
761 1674 1389 1747 AUGUSTINUS
1467 1679 2106 1790 BABELONIUs.

317 2182 625 2279 CAwM
674 2214 1132 2281 SuETonM
1181 2213 1765 2292 TRANQumLuM
1824 2216 2223 2299 scriptorem
2273 2217 2542 2301 politis-

317 2317 576 2381 simum
623 2316 747 2381 tibi
794 2316 1020 2396 offero,
1060 2318 1461 2382 Dssm’nmn
1507 2317 2049 2384 Skssnmssnuss.
2141 2320 2545 2402 Interpreta-

322 2419 519 2485 tione
539 2423 610 2484 et
637 2420 812 2485 notis
833 2420 1296 2486 illustrandum
1327 2420 1517 2487 illum
1538 2440 1992 2507 susceperam,
2015 2427 2093 2488 ut
2120 2422 2543 2508 aliquatenus

324 2527 454 2586 tua
484 2522 709 2586 studia
737 2523 895 2587 olim
918 2522 1164 2607 juvare
1186 2542 1504 2607 possem3
1552 2525 1668 2588 sed
1717 2544 1871 2589 sero
1918 2527 2143 2591 editus
2187 2526 2255 2589 in
2295 2525 2539 2601 lucem,

328 2624 449 2707 qui
481 2625 607 2688 tibi
636 2626 869 2708 nequit
894 2625 1220 2708 prodesse
1248 2625 1435 2701 liber,
1481 2624 1664 2690 idem
1714 2632 1831 2691 tuo
1879 2627 2060 2693 Filio
2099 2626 2542 2692 Serenissimo

328 2727 734 2809 Burgundiae
765 2728 944 2792 Duci
961 2726 1110 2811 jam
1125 2726 1273 2811 jam
1298 2726 1458 2791 usui
1487 2747 1641 2791 esse
1688 2729 1960 2811 poterit.
2051 2729 2307 2811 Regius
2351 2745 2541 2810 puer,

330 2849 536 2913 quem
566 2828 751 2894 Galli
778 2847 1034 2906 omnes,
1065 2828 1224 2912 quia
1253 2832 1435 2903 tuus,
1464 2836 1533 2892 et
1562 2830 1725 2911 quia
1757 2820 1842 2893 te'
1873 2829 2111 2912 dignus
2155 2835 2260 2894 est
2304 2828 2540 2904 Filius,

332 2932 529 2996 unice
580 2938 832 3009 amant,
883 2932 1439 3014 carissimumque
1488 2931 1757 3009 habent,
1803 2952 1954 2997 cum
2001 2931 2242 2996 ceteris
2282 2930 2542 2995 artibus

335 3034 584 3116 quibus
612 3033 922 3099 studuisti
953 3051 1214 3116 semper
1242 3033 1412 3116 ipse,
1445 3038 1590 3097 tum
1631 3033 1702 3097 in
1746 3034 1982 3117 primis
2024 3033 2402 3098 imitatione
2443 3031 2543 3096 tui

333 3136 683 3200 erudietur.
772 3136 985 3200 Nulla
1012 3135 1183 3199 enim
1211 3135 1335 3200 erit
1360 3136 1490 3201 hac
1518 3138 1939 3220 praestantior
1969 3136 2352 3218 disciplina.
2424 3133 2542 3197 Sic

337 3256 489 3320 ergo
539 3238 871 3320 continget
912 3238 1196 3306 feliciter
1237 3235 1525 3303 Auctori
1574 3244 1827 3317 nostro,
1858 3243 1935 3302 ut
1964 3238 2276 3303 manibus
2308 3236 2545 3318 Regiis

334 3339 847 3423 pertractandus
890 3340 1139 3407 veniat.
1230 3340 1468 3419 Immo,
1496 3342 1557 3406 si
1606 3341 1890 3417 licuerit,
1944 3339 2165 3404 ausim
2220 3338 2544 3403 affirmare

336 3441 727 3507 Suetonium
798 3444 941 3522 tibi,
1011 3443 1531 3507 Snussmssmss
1604 3443 2041 3523 Debemus,
2102 3441 2541 3506 oblectationi

334 3546 537 3608 etiam
590 3565 769 3609 nunc
821 3564 972 3609 esse
1023 3564 1255 3628 posse.
1348 3544 1741 3609 Praesertim
1790 3528 1945 3607 vero
1986 3563 2141 3607 cum
2172 3562 2214 3606 a
2243 3542 2532 3626 publicis

335 3645 621 3727 negotiis
666 3647 734 3709 in
767 3651 1024 3710 secreta
1069 3641 1466 3728 quandoque
1493 3651 1814 3721 remotuS,
1846 3644 1970 3708 otii
2001 3644 2259 3727 aliquid
2298 3644 2544 3727 imper-

338 3747 527 3812 tieris
577 3748 882 3830 legendis
941 3748 1049 3826 iis,
1102 3767 1257 3830 quae
1308 3767 1352 3812 a
1388 3746 1435 3812 J
1439 3746 1581 3812 ulio
1631 3745 1931 3822 Caesare,
1977 3751 2180 3827 atque
2232 3742 2541 3826 Augusto

339 3857 527 3933 gesta
552 3846 834 3929 fortiter,
865 3852 969 3914 vel
1004 3871 1047 3915 a
1073 3850 1344 3915 Tiberio
1376 3857 1580 3914 acute
1610 3848 2022 3930 excogitata,
2059 3848 2393 3930 eleganter
2424 3866 2543 3910 au-

338 3958 469 4015 tem
511 3959 582 4016 et
611 3951 821 4016 nitide
861 3959 1020 4017 sunt
1047 3952 1396 4037 descripta
1425 3953 1515 4018 ab
1548 3951 1851 4017 Auctore
1891 3956 2144 4014 nostro.
2232 3949 2545 4013 Delecta-

337 4054 540 4132 beriS,
580 4055 873 4138 inquam,
905 4075 1078 4133 cum,
1109 4056 1155 4121 J
1161 4055 1275 4120 ulii
1308 4055 1603 4121 Caesaris
1632 4054 1952 4118 victorias
1981 4053 2365 4118 innumeras
2392 4068 2544 4133 per-

341 4176 628 4235 currens,
661 4158 990 4223 Ludovici
1022 4157 1255 4241 Magni
1280 4156 1587 4222 Parentis
1619 4157 1718 4221 tui
1747 4156 2061 4220 victorias
2092 4172 2358 4238 quoque
2395 4171 2543 4235 per-

338 4279 595 4325 currere
657 4267 725 4324 te
787 4261 1021 4325 merito
1068 4261 1366 4345 putabis.
1475 4258 1743 4330 Gallias
1805 4258 2083 4323 diversis
2137 4254 2544 4319 factionibus

466 4369 644 4435 Delph.
665 4375 714 4422 et
741 4370 858 4422 γαν.
878 4371 1009 4421 Clas.
1344 4367 1542 4418 Sueten.
2368 4361 2417 4410 A
