3019 4922
1227 410 1608 460 Truentus.
2369 396 2500 462 493

332 559 488 626 dum
532 557 856 626 adventus
899 556 1007 622 sui
1050 575 1239 641 spem
1294 556 1476 635 facit,
1522 556 1952 640 complurium
1997 555 2248 622 dierum
2290 576 2499 635 mora,

334 668 647 745 corrupto
695 657 959 724 demum
1012 667 1082 726 et
1127 659 1359 726 tabido
1412 669 1694 744 corpore
1750 659 2115 724 funeratam
2168 657 2505 743 prohibuit

333 761 764 840 consecrari‚⁸
787 769 814 799 ⁰
872 763 1073 845 qnasi
1127 762 1197 827 id
1264 763 1444 847 ipsa,
1481 760 1888 828 mandasset.
2003 761 2506 828 Testamentum

330 881 608 949 qnoque
635 865 780 950 ejus
810 884 930 949 pro
956 866 1143 930 irrito
1173 865 1432 944 habuit,
1476 883 1836 948 omnesque
1864 863 2196 930 amicitias
2226 870 2294 929 at
2320 864 2509 930 sami-

334 966 707 1048 liaritates,⁹
733 966 938 1032 etiam
981 967 1227 1052 quibus
1256 987 1338 1033 ea
1371 967 1625 1046 funeris
1668 966 1777 1031 sui
1818 985 2040 1032 curam
2082 959 2510 1031 moriens'de-

335 1069 711 1149 mandarat,
732 1070 908 1136 intra
926 1071 1123 1136 breve
1150 1076 1412 1155 tempus
1435 1067 1720 1151 afflixit3
1749 1087 1885 1133 uno
1913 1089 2002 1133 ex
2027 1069 2153 1147 hia,
2183 1070 2511 1151 equestris

334 1171 589 1238 ordinis
615 1174 784 1252 viro,
810 1172 976 1239 etin
1003 1174 1281 1239 antliam
1298 1181 1349 1214 ¹⁰
1366 1182 1394 1223 Ρ
1434 1171 1890 1239 condemnato.
1975 1170 2144 1256 [52]
2189 1171 2514 1236 Filiorum

336 1292 550 1357 neque
577 1276 945 1341 naturalem
975 1276 1295 1358 Drusum,
1337 1295 1551 1360 neque
1592 1274 1983 1359 adoptivum
2020 1273 2513 1352 Germanicum,

338 1376 562 1458 patria
613 1378 890 1444 caritate
944 1377 1224 1462 dilexit3
1292 1378 1566 1444 alterius
1620 1377 1805 1443 vitiis
1829 1384 1850 1416 ¹
1907 1377 2228 1442 infensus.
2332 1374 2515 1441 Nam

1345 1570 1401 1591 θ’
1407 1570 1618 1594 000·Μο

339 1684 408 1736 de
438 1700 582 1738 more
655 1686 897 1753 lemque.
962 1688 1093 1739 Tam
1128 1688 1518 1752 compluriumque
1539 1687 1672 1739 Ven.
1701 1692 1755 1739 2.
1787 1692 1936 1740 11.-8
1973 1688 2226 1739 Obseerm·
2247 1689 2448 1738 Vens‘a’.
2470 1691 2520 1739 8.

343 1750 489 1800 Med.
511 1701 656 1803 Caldz
719 1754 859 1803 Dein
880 1759 1295 1817 testamentumque
1317 1754 1516 1803 Medic.
1534 1756 1584 1802 8.
1614 1769 1730 1804 cum
1751 1753 1885 1803 Edd.
1902 1754 2122 1804 Casaub.
2145 1753 2521 1818 prioribus,.ex·

342 1818 510 1879 ceptis
532 1817 680 1867 Rom.
701 1818 933 1868 Bam—9
953 1818 1321 1868 Familias-itatis
1341 1817 1536 1867 Medic.
1560 1821 1607 1867 1.
1655 1819 1774 1869 Non
1789 1818 2007 1868 habetur
2026 1819 2101 1868 sui
2117 1819 2168 1868 in
2192 1816 2523 1879 Edd.Stepli.

339 1882 517 1934 Plant.
538 1882 755 1947 aliisque
772 1889 828 1933 et
845 1884 1018 1933 Burm.
1072 1883 1133 1932 ln
1151 1884 1300 1934 Hnls.
1324 1897 1435 1932 cura
1457 1890 1515 1932 et
1531 1884 1899 1933 demandaverat
1923 1883 2118 1933 Medic.
2140 1888 2188 1932 1.
2222 1883 2526 1933 demandaret

346 1946 506 1996 Polit.
570 1947 700 1996 Mox
720 1961 745 1996 e
777 1948 927 1997 uestri
948 1947 1142 1997 Medic.
1160 1953 1206 1998 1.
1226 1951 1409 1997 2.-10
1445 1948 1525 1996 Ex
1558 1948 1717 2012 antiq.
1750 1949 1879 2012 Cod.
1900 1948 1973 1997 sie
1993 1948 2121 2012 legit
2140 1945 2363 1996 Turneb.
2389 1944 2525 1995 Adv.

345 2023 465 2060 xlv.
487 2014 569 2061 17.
591 2012 713 2061 item
783 2014 873 2062 itlr.
898 2012 1032 2062 Λᾶν.
1052 2025 1111 2061 ιι.
1134 2015 1214 2061 16.
1246 2012 1386 2076 Lips.
1418 2013 1588 2063 Eleet.
1612 2025 1675 2061 ιι.
1695 2016 1777 2062 1⁵.
1800 2012 2093 2077 probantib.
2115 2012 2331 2062 casaub.
2351 2009 2527 2059 aueto-

344 2075 504 2125 ritate
524 2076 698 2126 Vatie.
722 2084 778 2127 et
798 2079 1010 2127 Memm.
1030 2078 1155 2126 item
1177 2077 1325 2126 Voss.
1346 2076 1400 2124 in
1435 2077 1609 2140 Etym.
1637 2077 1804 2128 Scriv.
1840 2078 1981 2128 Ond.
2013 2077 2245 2142 aliisque.
2291 2074 2529 2125 Antiliam

344 2138 541 2189 habent
562 2139 723 2190 Polit.
744 2140 941 2191 Medic.
961 2147 1012 2193 8.
1035 2142 1150 2192 Pal.
1172 2145 1221 2190 3.
1244 2141 1394 2191 Huls.
1429 2140 1658 2190 Harlem.
1680 2142 1809 2205 Cop.
1834 2142 1967 2191 Edd.
1987 2142 2120 2192 Ven.
2141 2147 2187 2190 1.
2212 2139 2356 2190 Med.
2379 2138 2529 2188 Cald.

344 2204 477 2253 Bon.
499 2205 662 2268 Lnga.
682 2206 715 2257 J
723 2213 831 2255 unt.
853 2203 971 2255 Ald.
989 2206 1171 2282 Steph.
1205 2206 1421 2255 amtliam
1439 2205 1634 2255 Medic.
1656 2209 1708 2255 2.
1740 2212 1788 2257 et
1806 2206 2066 2256 mantilium
2082 2206 2199 2255 Pal.
2214 2209 2264 2254 2.
2282 2208 2332 2255 3.
2361 2203 2415 2252 in
2426 2202 2529 2252 An-

342 2268 497 2319 tilient
518 2270 652 2320 Edd.
675 2270 866 2321 Sabell.
885 2270 941 2320 in
960 2271 1129 2321 Media
1146 2271 1314 2321 Periz.
1330 2270 1429 2320 Ed.
1446 2271 1597 2320 Rom.
1615 2284 1718 2320 sec.
1745 2270 1801 2320 in
1818 2271 1968 2320 medio
1987 2270 2141 2320 Vind.
2161 2274 2211 2319 2.
2232 2270 2391 2319 Fene.
2426 2265 2533 2316 Alii

346 2332 480 2383 Mas.
520 2333 661 2384 Oud.
698 2342 751 2385 et
780 2336 935 2386 Torr.
953 2334 1163 2385 Audiam
1199 2350 1249 2383 v.
1282 2336 1503 2385 mediam.
1569 2335 1757 2385 Nonnii
1788 2336 1923 2384 liber
1958 2337 2021 2384 ad
2055 2334 2261 2384 inediam
2297 2333 2444 2383 Cort.
2478 2338 2534 2381 et

346 2397 531 2461 camp.
554 2398 734 2450 inedia.
797 2399 1039 2451 Beroald.
1060 2402 1110 2448 in
1131 2401 1385 2449 nonnullis
1408 2400 1616 2464 scriptis
1638 2400 1742 2464 legi
1765 2399 1817 2449 in
1831 2399 2112 2464 Anticyram
2131 2406 2301 2459 notat,
2334 2404 2387 2446 et
2411 2410 2533 2452 sane

346 2463 403 2512 in
418 2461 580 2515 vind.
600 2471 646 2515 1.
666 2471 910 2515 exaratur
929 2466 982 2514 in
995 2464 1330 2516 Anthicuram.
1374 2464 1494 2528 lpse
1511 2480 1542 2514 e
1557 2466 1655 2515 Ma.
1679 2467 1875 2515 mavult
1891 2466 1944 2514 ia
1959 2465 2229 2527 Latonium,
2243 2460 2380 2527 quod
2400 2459 2535 2511 Edd.

348 2527 473 2578 Bas.
494 2528 695 2594 Gryph.
714 2531 879 2581 Colin.
893 2531 1065 2581 Dolet.
1084 2537 1413 2592 receperunt.
1427 2530 1577 2578 Torr.
1594 2530 1676 2578 vel
1685 2528 1910 2593 Auticyr.
1927 2531 2007 2577 vel
2021 2528 2292 2577 Latumiam
2305 2524 2539 2590 praet'ert.

346 2593 592 2657 Tun-nebo
616 2595 772 2645 etiam
791 2594 1007 2645 venitin
1028 2601 1255 2647 mentem
1276 2593 1327 2643 in
1344 2594 1597 2643 AEuoeiam
1626 2609 1673 2643 v.
1693 2594 1746 2642 in
1766 2594 1969 2643 insulam
1988 2594 2151 2643 Diam.
2186 2591 2326 2643 Ond.
2346 2590 2536 2647 inedies.

350 2655 562 2709 Desunt
583 2659 665 2710 hae
690 2666 796 2709 tres
819 2674 970 2711 voees
992 2658 1185 2709 Medic.
1209 2662 1349 2708 1.—1
1371 2658 1515 2722 Lips.
1536 2659 1705 2708 Elect.
1729 2670 1769 2706 1.
1790 2661 1873 2707 28.
1895 2658 2023 2722 legit
2042 2657 2242 2707 alterius
2261 2654 2535 2709 viu-tutibus,

348 2722 546 2773 alterius
563 2724 654 2774 vit.
716 2726 846 2776 Tum
865 2724 1015 2775 autimi
1036 2731 1216 2774 carent
1243 2723 1357 2772 Pal.
1380 2727 1425 2773 l.
1448 2727 1497 2774 3.
1521 2723 1653 2787 Cep.
1686 2721 1885 2772 Medic.
1909 2727 1954 2774 1.
1972 2727 2021 2772 3.
2047 2730 2103 2773 et
2125 2730 2233 2787 opt.
2262 2722 2410 2772 Torr.
2432 2732 2539 2777 nou

1345 2867 1568 2921 »101³AE

419 2989 444 3014 ⁸
480 2982 780 3049 emeram]
813 2985 890 3036 Ut
910 2987 978 3036 de
1013 2985 1155 3038 Julio
1191 2999 1308 3050 cap.
1329 2988 1410 3036 88.

357 3063 415 3108 et
438 3059 674 3123 Augusto
695 3074 813 3128 eap.
852 3066 965 3114 1⁰1.
988 3079 1018 3113 a
1040 3062 1260 3114 Claudio
1287 3075 1409 3111 eon-

352 3141 558 3186 secrata
572 3137 896 3201 postmodnm
912 3138 1030 3202 fuit,
1043 3137 1180 3190 infra
1190 3140 1243 3188 in
1255 3138 1410 3190 Clau·

360 3209 447 3260 dio
465 3226 583 3277 cap.
604 3217 686 3265 11.
708 3223 763 3264 et
785 3216 955 3266 Dione
978 3217 1069 3267 lib.
1096 3229 1188 3266 Lx.

422 3296 448 3329 Ρ
479 3288 718 3353 Autliam]
760 3289 868 3341 Alii
900 3293 1079 3355 legunt
1112 3291 1411 3356 Anticyram,

361 3369 422 3413 ut
457 3363 779 3429 intelligatur
812 3380 970 3430 eques
1007 3366 1094 3416 ille
1128 3368 1182 3416 in
1219 3366 1412 3416 insulas

362 3440 749 3503 condemnatus,
780 3443 917 3507 qnod
950 3444 1160 3507 Vulgare
1196 3442 1297 3493 fuit
1316 3442 1413 3492 hae

364 3520 523 3565 astate
555 3517 883 3582 supplicium.
945 3518 1052 3568 Sed
1088 3518 1211 3586 quia
1244 3524 1304 3568 ut
1340 3518 1415 3568 in·

364 3592 570 3642 solitum
594 3593 714 3657 qnid
737 3591 970 3657 affertur,
988 3595 1106 3645 ideo
1139 3594 1280 3660 prior
1310 3594 1417 3643 lee-

366 3668 441 3716 tio
482 3674 685 3718 servata
720 3677 823 3720 est.
887 3670 1069 3721 Antlia
1104 3685 1259 3735 porro
1299 3678 1418 3720 orat

366 3745 602 3796 maehina
622 3746 919 3800 haurienda
933 3763 1080 3815 aqnae
1096 3756 1418 3814 comparata,

365 3834 467 3884 qua
503 3820 693 3884 pedum
729 3823 843 3872 nisu
882 3831 938 3874 et
964 3826 1244 3889 agitatione
1265 3839 1413 3890 aquae

358 3896 670 3961 ‚tollerentur
689 3913 783 3963 per
804 3899 1051 3951 m‘odiolos
1079 3909 1238 3967 atque
1267 3902 1415 3951 haus-

368 3979 471 4032 ιιι,
506 3975 707 4039 qualem
741 3984 992 4028 memorat
1028 3977 1285 4028 Martialis
1323 3978 1417 4029 lib.

368 4062 450 4099 rx.
490 4052 644 4116 Epig.
682 4056 762 4102 19.
827 4053 843 4082 ‘
863 4054 966 4104 Sed
1004 4054 1072 4104 de
1105 4055 1241 4105 valle
1276 4054 1423 4105 brevi
1502 4067 1595 4103 nos
1637 4052 1944 4102 damnantur
1988 4049 2055 4100 ad
2098 4048 2336 4112 remiges.

369 4143 496 4192 quas
520 4130 613 4179 det
632 4130 926 4181 sitientibus
944 4132 1124 4189 bortis,
1158 4132 1331 4182 Curva
1350 4131 1422 4181 la-

369 4205 577 4255 boratas
601 4207 758 4257 antlia
779 4208 919 4258 tollit
939 4208 1130 4272 aquas?
1194 4209 1263 4257 Et
1283 4208 1422 4257 clare

372 4280 730 4333 Artemidorus
767 4283 854 4334 lib.
886 4298 923 4335 1.
960 4299 1079 4350 cap.
1112 4288 1196 4336 50.
1234 4284 1322 4334 ubi
1357 4283 1422 4333 de

1489 2983 1712 3050 quodam
1749 2983 1997 3049 loquitur,
2030 2981 2118 3049 qui
2159 2996 2276 3032 eum
2296 2978 2543 3030 somnias·

1491 3069 1594 3122 set,
1614 3075 1670 3110 se
1688 3061 1823 3110 omni
1844 3072 2061 3123 corpore
2080 3059 2307 3113 immoto,
2323 3054 2545 3120 pedibus

1490 3138 1751 3187 duntaxat
1770 3136 2002 3186 laborare
2029 3133 2343 3199 moverique,
2376 3144 2546 3195 neque

1492 3222 1664 3265 tamen
1691 3214 1853 3263 hilum
1888 3211 2149 3276 progredi,
2185 3208 2360 3260 evenit
2394 3214 2454 3256 ut
2492 3208 2546 3256 in

1491 3292 1705 3341 antliam
1728 3290 2089 3339 damnareturx
2127 3284 2546 3337 exhaurientibus

1492 3372 1665 3416 autem
1689 3366 1785 3415 hoc
1804 3379 1903 3414 usu
1926 3366 2087 3423 venit,
2105 3368 2165 3411 ut
2186 3361 2348 3425 pedes
2371 3359 2549 3408 ambu-

1493 3440 1711 3490 lantium
1760 3439 1929 3489 instar
1981 3443 2253 3495 moveant3
2306 3441 2550 3482 maneant

1497 3524 1671 3565 tamen
1716 3514 1768 3564 in
1811 3513 1993 3564 eodem
2037 3514 2170 3563 loco.
2254 3510 2388 3563 Quae
2435 3508 2551 3572 ipsa

1493 3590 1658 3640 ferme
1678 3597 1799 3640 sunt
1832 3588 2150 3640 Artemidori
2183 3586 2344 3637 verba
2364 3584 2553 3633 Latine

1493 3668 1720 3720 reddita.
1785 3668 1872 3717 De
1912 3680 2015 3730 quo
2051 3671 2109 3716 et
2142 3661 2345 3728 Lipsius
2378 3661 2470 3710 lib.
2491 3673 2552 3708 ιι.

1494 3746 1792 3796 Electornm
1820 3757 1936 3806 eap.
1976 3746 2058 3792 1⁵.
2122 3736 2428 3789 Haurienda
2464 3750 2553 3785 au·

1495 3829 1602 3872 tem
1623 3821 1734 3871 haee
1755 3834 1908 3885 aqna,
1931 3820 2014 3868 vel
2037 3831 2105 3867 ex
2130 3814 2455 3865 metallorum
2476 3809 2556 3861 fo·

1494 3898 1651 3953 dinis,
1668 3896 1752 3948 vel
1770 3895 1997 3960 lapidum
2014 3891 2233 3955 intelligi
2251 3894 2442 3955 potest,
2464 3893 2557 3937 aut

1497 3977 1655 4028 etiam
1672 3990 1700 4026 e
1722 3975 1867 4025 navis
1891 3974 2116 4038 sentina,
2136 3966 2555 4037 quomodo-apud

2406 4044 2557 4095 Unde

1499 4146 1599 4181 nec
1622 4129 1827 4180 omnino
1850 4126 2131 4192 rejicienda
2148 4123 2370 4190 Gryphii
2396 4121 2557 4173 lectio

1500 4206 1756 4262 latomiam,
1780 4211 1835 4256 et
1855 4202 2118 4255 Beroaldi.
