3019 4922
1206 398 1604 449 oc‘ravius.
2375 387 2507 454 9265

315 542 649 624 cognovit,
688 548 847 626 post
873 544 1142 625 longam
1170 541 1738 625 intercapedinem
1766 542 2048 609 reducto
2075 564 2260 609 more
2289 550 2507 612 ¹trans-

316 646 687 711 vectioniS.¹
709 653 736 693 ⁰¹
791 646 925 711 Sed
951 665 1171 728 neque
1192 644 1452 710 detrahi
1473 665 1854 730 quenquam
1874 655 1893 681 ¹
1924 647 1995 710 in
2020 648 2503 715 transvehendo
2591 635 2594 642 ¹

317 748 400 810 ab
427 751 827 812 accusatore
853 766 1100 832 passus
1130 751 1258 826 est,
1288 746 1472 830 quod
1499 747 1643 812 fieri
1671 748 1974 814 solebat:
2001 754 2084 813 *et
2112 751 2300 815 senio
2323 758 2348 787 ²
2392 754 2503 818 vel

318 850 541 932 aliqua
571 851 876 934 corporis
900 851 1054 915 labe
1084 851 1464 934 insignibus
1482 860 1501 885 ⁸
1545 851 1877 935 permisit,
1923 855 2269 936 praemisso
2298 854 2366 918 in
2396 872 2520 920 or-·

319 953 467 1017 dine
510 973 711 1038 equo,
750 954 836 1018 ad
882 954 1440 1039 respondendum,
1488 955 1759 1038 quoties
1806 956 2188 1033 citarentur,
2217 957 2508 1041 pedibus

319 1058 581 1123 venire:
624 1077 788 1122 mox
816 1058 1167 1124 reddendi³
1215 1060 1368 1143 equi
1396 1059 1670 1142 gratiam
1698 1058 1891 1125 fecit‘
1918 1060 2040 1140 eiS,
2072 1060 2193 1144 qui
2218 1059 2508 1145 majores

1233 1241 1319 1261 ΟΝ

320 1378 383 1423 tr.
402 1372 546 1424 Med.
571 1374 718 1424 eald.
764 1374 900 1424 Item
919 1376 1163 1439 proposuit
1183 1377 1434 1427 Fouc.--1
1464 1377 1791 1427 stavectionis
1810 1376 2023 1425 Merum.
2046 1374 2134 1437 qui
2155 1379 2210 1424 et
2231 1374 2511 1440 travehendo

320 1451 433 1486 cnm
457 1439 653 1490 Medic.
674 1444 820 1489 2.-2
861 1442 940 1489 Ex
963 1443 1094 1490 senio
1126 1443 1291 1505 Lugd.
1326 1442 1476 1494 Junt.
1514 1442 1639 1505 Arg.
1674 1450 1727 1491 et
1762 1457 1855 1505 pro
1879 1443 2037 1505 aliqua
2061 1440 2179 1489 Pin.
2197 1440 2309 1489 ulia.
2375 1439 2511 1488 Dein

244 1552 253 1557 .
314 1503 495 1564 pedites
530 1507 692 1554 venire
730 1505 845 1556 Pal.
886 1510 933 1554 1.
968 1506 1215 1556 Huls.—-3
1251 1508 1473 1556 casaub.
1499 1508 1680 1557 maluit
1710 1507 1962 1565 retinendi,
1988 1505 2239 1569 probante
2263 1504 2510 1553 Grutero.

318 1566 450 1619 Tum
471 1570 793 1634 quadraginta
812 1572 1016 1621 retinere
1038 1572 1167 1623 Mss.
1189 1573 1356 1622 Pulm.
1371 1572 1550 1623 Ursin.
1569 1573 1657 1638 qui
1680 1572 1832 1622 etiarn
1854 1573 2030 1621 vellent
2051 1585 2166 1621 cum
2186 1569 2310 1619 Lisl.
2333 1569 2512 1619 Pate.

1302 1733 1516 1784 NOTAE

317 1826 400 1877 dio
422 1842 471 1877 c.
494 1832 579 1878 25.
602 1827 861 1879 videbitur
883 1828 1228 1882 immutatum.

322 1917 325 1920 ’
356 1913 403 1948 ¹1
439 1904 846 1972 Transvectionis]
893 1908 969 1956 Ea
999 1905 1160 1958 fiebat
1192 1905 1374 1957 Idibus

320 1980 650 2039 Quintilibus,
685 1983 735 2032 in
771 1984 1013 2032 honorem
1052 1984 1280 2035 Castoris
1318 1991 1375 2034 et

320 2057 566 2121 Pollucis,
588 2058 722 2123 quod
757 2060 860 2110 illis
878 2059 1192 2123 faventibus,
1210 2058 1377 2110 felici-

318 2140 397 2183 ter
418 2135 517 2184 hac
539 2135 625 2185 die
649 2143 932 2201 pugnatum
955 2144 1096 2187 esset
1117 2137 1181 2186 ad
1204 2137 1376 2187 lacum

320 2211 594 2275 Regillum,
628 2212 695 2262 de
737 2228 837 2277 qua
874 2228 1047 2278 pugna
1081 2212 1254 2263 Livius
1286 2214 1374 2264 lib.

321 2298 398 2337 ix.
438 2287 623 2339 decad.
669 2303 707 2337 ι.
765 2288 1085 2339 Caerimoniae
1136 2290 1215 2339 liae
1266 2287 1373 2339 fue·

319 2369 455 2424 runt,
497 2372 710 2416 auctore
748 2367 1000 2432 Dionysio
1043 2367 1374 2417 Halicarnas-

319 2452 405 2489 seo
426 2440 517 2492 lib.
542 2453 619 2491 vt.
654 2444 868 2508 Equites
903 2445 1120 2495 Romani
1142 2445 1375 2512 oleagina

320 2517 540 2567 redimiti
564 2533 771 2580 corona,
791 2519 935 2585 equis
958 2521 1264 2584 insidentes,
1287 2536 1374 2585 ge-

317 2599 594 2659 rentesque
616 2595 801 2659 singuli
817 2597 1034 2660 praemia
1052 2596 1373 2663 fortitudinis

312 2684 447 2734 sne,
460 2687 799 2737 qnaecumque
820 2681 1151 2738 acceperant,
1168 2674 1235 2724 ab
1259 2676 1374 2725 rede

318 2748 504 2799 Martis
527 2751 1023 2815 Extramurani,per
1037 2751 1203 2801 forum
1219 2752 1376 2816 juxta

321 2825 487 2875 aedem
519 2827 749 2878 Castoris
782 2834 837 2877 et
870 2827 1117 2886 Pollucis,
1137 2829 1187 2876 in
1221 2829 1378 2893 Capi-

320 2902 519 2967 tolium,
536 2911 652 2955 toto
683 2911 956 2967 spectante
981 2905 1194 2970 populo,
1217 2911 1379 2954 trans·

322 2978 670 3041 vehebantur-3
694 2982 859 3044 cujus
894 2996 1098 3045 pompae
1137 2982 1379 3031 memine-

322 3063 443 3115 runt
487 3060 692 3123 qnoque
735 3058 940 3108 Plinius
985 3059 1078 3108 lib.
1115 3072 1209 3109 xv.
1241 3073 1292 3109 c.
1326 3062 1380 3109 4.

322 3131 493 3184 Valer.
510 3134 656 3184 Max.
674 3133 766 3184 lib.
788 3148 854 3185 ιι.
870 3149 917 3184 c.
936 3139 985 3184 1.
1005 3150 1107 3200 quo
1123 3135 1240 3186 loco
1257 3149 1380 3186 non·

321 3208 446 3258 nihil
483 3207 665 3260 differt
697 3226 729 3260 a
755 3210 1027 3275 Dionysio,
1047 3211 1142 3261 sed
1178 3212 1381 3262 Livium

322 3286 554 3349 sequitur
576 3287 760 3349 inipso
784 3288 874 3337 lib.
898 3301 980 3338 tx.
1003 3288 1189 3339 decad.
1212 3303 1249 3338 ι.

328 3410 335 3415 .
384 3373 405 3399 ¹
437 3366 651 3416 Detrahe·
686 3367 971 3432 quenquam]
1014 3370 1134 3419 Hoc
1176 3379 1278 3433 est,
1328 3371 1384 3421 in

312 3440 400 3504 jus
423 3444 605 3508 arripi.
670 3446 953 3496 Accusator
975 3445 1112 3494 enim
1132 3460 1225 3509 pro
1247 3447 1386 3495 omni

325 3528 501 3571 actore
556 3529 613 3572 et
669 3523 890 3585 petitore
947 3523 1184 3585 sumitur,
1227 3524 1383 3572 etiam

323 3598 463 3662 apud
486 3600 789 3650 Ciceronem
812 3601 865 3651 in
888 3600 1248 3666 partitionibus
1271 3605 1387 3651 110.

325 3675 483 3726 Hunc
518 3677 756 3731 Suetonii
783 3680 953 3729 locum
988 3675 1262 3728 confirmat
1290 3678 1384 3728 Ul·

327 3750 517 3813 pianus
547 3753 584 3804 l.
607 3767 670 3803 ιι.
711 3753 769 3806 ff.
812 3754 883 3805 de
910 3755 963 3804 in
984 3755 1077 3819 jus
1111 3756 1348 3806 vocando
1367 3770 1383 3803 ε

327 3827 429 3877 .‘1n
458 3829 551 3892 jus
592 3832 769 3880 vocari
805 3845 908 3881 non
948 3837 1175 3897 oportet,
1213 3845 1384 3896 neque

329 3911 610 3973 consulem,
644 3923 834 3976 neque,
869 3913 969 3961 ἀπο.
1002 3910 1096 3961 sed
1131 3925 1235 3962 nec
1265 3925 1384 3961 eum

329 3984 415 4047 qui
437 3999 571 4050 equo
592 3985 801 4050 publico
810 3987 862 4035 in
882 3987 1194 4050 Capitolium
1219 3993 1384 4036 trans·

332 4060 581 4112 sebatur?
647 4062 736 4113 Sic
774 4063 918 4113 enirn
970 4064 1099 4129 legit
1139 4064 1383 4129 cujacins

334 4132 613 4191 observat.
633 4138 723 4188 lib.
748 4151 874 4190 xm.
898 4153 948 4189 c.
965 4143 1016 4190 9.

346 4240 353 4268 r
394 4219 413 4246 ⁸
444 4213 591 4264 Senio
618 4214 1386 4280 velariqucmporialabeiuig-

332 4289 491 4358 nebu]
524 4293 651 4350 Hoc,
675 4301 775 4358 est,
804 4309 920 4346 cum
944 4296 1123 4360 populi
1153 4295 1386 4349 dicteriis

1453 1831 1702 1882 obnoxios
1739 1829 1943 1879 videret
1973 1826 2223 1893 ejusmodi
2260 1825 2418 1882 viros,
2460 1825 2514 1875 id

1454 1906 1553 1956 illis
1577 1907 1811 1966 indulsit,
1846 1911 1907 1955 ut
1940 1904 2038 1968 ipsi
2074 1917 2172 1953 non
2212 1908 2515 1953 tenerentur

1455 1984 1635 2034 ordine
1657 1999 1748 2034 suo
1773 1982 2052 2044 transvehi,
2066 1980 2157 2029 sed
2178 1994 2365 2045 equum
2387 1978 2515 2027 dnn-

1459 2069 1606 2111 taxat
1629 2062 1857 2124 mittere,
1878 2065 1935 2109 et
1970 2057 2092 2108 dum
2127 2057 2517 2121 appellarentur

1457 2139 1679 2203 pedibus
1712 2137 1908 2203 venire,
1943 2143 2002 2187 ut
2038 2150 2154 2186 sese
2189 2135 2516 2184 exhiberent.

1453 2216 1608 2266 Unde
1630 2215 1785 2265 etiam
1811 2218 1960 2278 patet
1981 2213 2032 2261 in
2066 2212 2312 2275 ejusmodi
2338 2224 2516 2273 recog-

1454 2292 1738 2341 nitionibus
1777 2305 1870 2340 suo
1912 2290 2138 2353 singulos
2182 2288 2388 2338 nomine
2425 2302 2520 2354 ap·

1455 2367 1714 2430 pelletos3
1750 2375 1806 2416 et
1841 2366 2086 2429 colligere
2125 2373 2208 2414 est
2246 2366 2408 2414 etiam
2451 2378 2518 2412 ex

1453 2443 1659 2494 Valerii
1678 2444 1822 2493 Max.
1857 2442 1947 2494 lib.
1970 2455 2047 2491 ιν.
2072 2456 2121 2492 c.
2148 2445 2193 2491 1.
2216 2448 2271 2492 et
2304 2439 2441 2492 infra
2464 2440 2517 2490 in
2543 2504 2554 2515 θ

1455 2519 1618 2584 Calig.
1640 2534 1686 2569 c.
1714 2523 1794 2567 16.

1517 2597 1536 2627 ‘
1566 2596 1814 2644 Reddendi
1847 2593 1955 2657 equi
1984 2593 2198 2655 gratiam
2220 2591 2372 2656 fecit]
2406 2592 2514 2641 Vel

1450 2673 1536 2723 hic
1558 2687 1675 2722 cum
1690 2670 1951 2721 Beroaldo
1966 2670 2121 2720 aliter
2143 2669 2515 2732 intelligendus

1454 2758 1537 2801 est
1571 2750 1867 2812 Suetonius,
1903 2755 2063 2812 atque
2097 2763 2257 2811 supra
2291 2763 2410 2810 cap.
2433 2752 2518 2797 16.

1460 2830 1542 2878 vel
1561 2828 1604 2878 si
1623 2834 1858 2878 servetur
1872 2826 2124 2890 analogia,
2137 2827 2256 2876 loco
2265 2826 2521 2885 reddendi,

1459 2906 1667 2956 omnino
1694 2903 1972 2968 legendum
2002 2904 2258 2966 retinendi,
2279 2916 2394 2968 quoe
2424 2904 2522 2954 Ca-

1460 2981 1670 3032 sauboni
1694 2995 1838 3030 mens
1857 2987 1957 3046 est,
1980 2980 2077 3030 hoc
2108 2995 2292 3031 sensu:
2315 2979 2525 3043 Augus-

1462 3066 1545 3110 tus
1569 3058 1652 3121 iis,
1674 3057 1761 3122 qui
1799 3056 2008 3121 publice
2031 3064 2306 3121 acceptum
2332 3071 2523 3122 equum

1460 3136 1738 3197 haberent,
1777 3135 2011 3197 permisit
2056 3141 2113 3184 ut
2151 3134 2334 3198 adepti
2375 3134 2523 3199 quin-

1463 3226 1565 3277 que
1588 3219 1641 3261 et
1671 3212 1883 3281 triginta
1905 3225 2154 3260 annorum
2178 3218 2388 3265 aetatem
2411 3210 2523 3277 (vel

1460 3296 1522 3339 ut
1566 3289 1654 3339 alii
1683 3289 1863 3351 legunt
1899 3287 2009 3352 45.)
2045 3289 2185 3339 illum
2229 3304 2325 3353 pro
2360 3288 2523 3341 lubito

1464 3365 1747 3421 redderent
1783 3365 1865 3414 vel
1902 3365 2208 3414 retinerent.
2275 3364 2524 3417 Quamvis

1464 3442 1600 3491 enim
1624 3440 1815 3490 habere
1850 3454 2037 3504 equum
2067 3440 2269 3503 publice
2294 3439 2524 3500 assigna-

1465 3525 1575 3566 tum
1605 3532 1635 3565 a
1660 3529 1893 3578 censore,
1925 3516 2097 3578 magni
2129 3514 2268 3565 foret
2298 3515 2524 3577 honoris,

1462 3594 1586 3659 quia
1607 3600 1779 3643 temen
1804 3599 1915 3641 tota
1940 3593 2051 3641 vita
2085 3590 2366 3641 servandus
2388 3596 2521 3652 erat,

1463 3670 1565 3721 nisi
1597 3669 1756 3731 idem,
1787 3668 1874 3733 qni
1911 3668 2052 3717 illum
2091 3667 2330 3732 dederat,
2361 3667 2523 3730 magi·

1462 3752 1659 3798 stratus
1674 3746 1944 3807 adimeret,
1958 3743 2096 3808 quod
2111 3758 2174 3793 eo
2196 3757 2320 3792 casu
2335 3757 2523 3805 magno

1465 3824 1712 3875 dedecori
1767 3821 2089 3881 vertebatur,
2128 3819 2246 3868 ideo
2300 3816 2525 3875 fortasse

1463 3916 1659 3952 morem
1681 3900 1824 3948 illum
1848 3897 2108 3960 Augustus
2138 3895 2444 3960 antiquavit,
2468 3901 2526 3945 et

1465 3979 1592 4028 alias
1616 3975 1811 4025 militiae
1850 3981 2027 4036 partes
2060 3971 2314 4019 mitiorem
2341 3970 2395 4018 in
2416 3968 2526 4019 for-

1465 4069 1600 4104 mam
1647 4050 1889 4113 redigens
1915 4064 1931 4096 ι
1981 4047 2065 4096 vel
2110 4047 2268 4096 etism
2311 4045 2376 4107 ob
2409 4045 2526 4111 'alia

1465 4128 1703 4195 quaedam
1725 4139 1902 4188 onera,
1918 4137 2034 4188 qnae
2058 4123 2179 4171 hnic
2200 4121 2379 4173 honori
2403 4135 2526 4172 con-

1457 4209 1648 4270 juncta
1669 4202 1848 4268 fuisse,
1859 4201 1940 4251 vel
1963 4215 2029 4249 ex
2049 4201 2150 4250 hoc
2168 4213 2274 4249 uno
2290 4199 2524 4261 colligas,

1467 4283 1604 4352 quod
1625 4281 1845 4348 populus
1868 4277 2192 4345 vacationem
2225 4274 2290 4339 ab
2320 4289 2383 4326 eo
2412 4287 2523 4323 mu-
