3019 4922
522 542 955 625 concionem?
999 527 1125 628 [6.]
1149 543 1497 624 Quaestor‘
1517 543 1563 608 J
1569 543 1778 627 uliam
1799 543 2088 621 amitam,
2107 550 2519 628 uxoremque
2539 545 2709 611 Cor&

519 647 791 726 neliam,
821 647 1169 713 defunctas
1194 648 1496 712 laudavit
1538 667 1577 712 e
1606 667 1785 712 more
1806 644 1839 687 ⁶
1865 660 1989 731 pro
2021 646 2342 714 Rostris.u
2430 650 2608 714 Sed⁷
2639 651 2715 714 in‘

520 752 747 842 amitae
780 746 1050 835 quidem
1102 736 1519 829 laudatione,
1566 750 1647 814 de
1692 751 1838 836 ejus
1880 770 1962 816 ac
2001 755 2216 836 patris>
2266 754 2372 816 sui
2424 748 2713 839 utraque·

517 840 808 936 origine*
854 854 967 919 *sic
1010 854 1249 920 refert:
1294 859 1315 888 ‘
1341 852 1589 919 Amitae
1631 873 1804 918 meae
1845 855 2047 920 Juliae
2095 860 2464 931 maternum
2494 866 2714 938 genus

519 946 651 1022 ab9'
699 958 968 1041 regibus
1029 957 1270 1037 ortum,
1318 967 1674 1050 paternum
1732 968 1884 1022 cum
1935 959 2163 1023 Diis¹0
2211 959 2707 1023 immortalibus

517 1060 939 1145 conjunctum
987 1067 1110 1127 est.
1219 1061 1399 1129 Nam
1446 1061 1545 1125 ab
1594 1058 1835 1125 Anco¹
1898 1059 2216 1125 Marcio*
2258 1069 2418 1127 sunt
2466 1059 2714 1125 Marcii

518 1163 768 1249 RegeS,
823 1184 955 1249 quo
996 1165 1310 1230 nomine²
1346 1162 1489 1239 *fuit
1530 1167 1782 1229 mater:
1848 1183 1892 1229 a
1934 1163 2194 1257 Venere
2236 1164 2283 1229 J
2288 1164 2473 1246 ulii,w
2515 1163 2710 1249 cujus

1374 399 1436 445 c.
1471 380 1857 471 sun'ronlr

1431 1324 1551 1351 ovet
1558 1320 1796 1351 eeeeeeoei

514 1437 547 1482 6
579 1431 793 1484 Profert
814 1434 1054 1484 Torrent.
1080 1448 1145 1484 ex
1169 1433 1303 1484 libro
1324 1435 1562 1500 quodam,
1592 1450 1654 1484 ex
1688 1441 1928 1486 mora—⁷
1964 1433 2052 1484 Ita
2084 1433 2300 1482 Memm.
2337 1438 2393 1482 et
2432 1432 2493 1481 R.
2530 1430 2710 1495 Steph.

513 1513 614 1547 nec
637 1499 788 1549 aliter
810 1500 978 1549 Periz.
1001 1500 1119 1550 Pal.
1141 1505 1269 1563 tres,
1310 1507 1367 1550 et
1401 1496 1537 1550 Edd.
1571 1499 1683 1551 fere
1719 1508 1913 1550 onines.
1985 1501 2049 1548 Et
2072 1498 2362 1548 casauboni
2386 1497 2709 1559 conjecturas

513 1563 756 1633 debetur,
786 1564 1042 1631 probante
1066 1567 1274 1615 Ernest.
1300 1581 1394 1630 pro
1423 1581 1527 1630 qua
1555 1567 1689 1616 bene
1725 1567 1809 1615 sed
1848 1567 2022 1614 Graev.
2044 1571 2099 1614 et
2122 1579 2269 1628 seqq.
2304 1563 2437 1612 Edd.
2462 1561 2712 1611 restitue-

513 1634 750 1679 runt.-—8
787 1630 930 1691 Orig.
961 1635 1118 1694 utroq.
1161 1632 1351 1694 Copes.
1387 1631 1540 1681 Huis.
1579 1632 1679 1682 Ed.
1712 1631 1989 1692 Steph.-9
2023 1629 2066 1679 Α
2089 1644 2191 1690 reg.
2215 1629 2360 1679 Me‘d.
2382 1629 2507 1687 duo,
2531 1626 2711 1675 Periz.

514 1695 701 1759 Copes.
739 1696 1030 1745 Fouc.—10
1069 1697 1155 1746 Sic
1194 1696 1343 1745 multi
1379 1696 1533 1746 codd.
1573 1703 1627 1746 et
1672 1695 2038 1761 aliquot'Edd.
2078 1695 2226 1743 Vett.
2273 1708 2388 1743 cum
2429 1692 2548 1752 Rip.
2589 1692 2714 1742 Ern.

510 1756 695 1810 Pitisc.
730 1775 831 1809 non
865 1761 964 1810 Dis
1010 1766 1069 1810 ut
1117 1763 1172 1810 in
1208 1762 1387 1811 Burm.
1429 1771 1484 1811 et
1520 1761 1760 1812 Oud.—l
1807 1760 1991 1810 Aretho
2030 1760 2193 1810 Fouc.
2235 1759 2358 1815 item
2405 1757 2610 1817 Martio,
2645 1763 2712 1805 ‘et

510 1825 708 1888 Martii,
733 1825 876 1876 Med.
898 1825 1023 1893 duo,
1045 1827 1216 1877 Periz.
1235 1834 1290 1876 et
1313 1826 1447 1877 Edd.
1469 1828 1765 1878 multem—2
1799 1827 2052 1877 Voculam
2086 1827 2132 1875 ei
2161 1825 2210 1874 b.
2241 1825 2277 1875 1.
2312 1822 2566 1872 excidisse
2590 1835 2712 1870 cen·
2792 1854 2795 1857 v

513 1889 618 1956 suit
653 1890 874 1944 casaub.
916 1900 971 1942 et
1007 1892 1164 1958 patris
1204 1892 1549 1959 Burmannus,
1580 1893 1676 1944 sed
1707 1897 1892 1943 neutro
1926 1905 2055 1957 opus
2104 1898 2222 1941 esse
2258 1888 2473 1954 judicat
2504 1885 2711 1939 oud.—

1498 2037 1721 2091 NOTAE

1650 2147 1731 2191 tas
1770 2114 2008 2190 oratione
2045 2137 2255 2190 funebri
2288 2142 2592 2202 prosecutus
2623 2136 2713 2186 ‘est

1651 2219 1848 2275 Caesar,
1915 2218 2081 2268 Moris
2120 2217 2257 2266 enim
2291 2221 2407 2266 erat
2438 2215 2576 2278 apud
2589 2213 2713 2264 ‘Ro-

1650 2309 1828 2345 manos
1863 2310 1968 2354 non
2002 2295 2229 2344 illustres
2261 2292 2413 2343 modo
2438 2291 2595 2353 viros,
2618 2288 2715 2340 sed

504 2136 594 2190 'rat
629 2140 760 2190 hanc
788 2141 955 2205 legem
981 2139 1047 2190 'de
1075 2141 1137 2190 iis
1169 2141 1258 2208 qui
1292 2141 1357 2191 ad
1394 2136 1572 2192 Serto-

509 2217 643 2267 rium
665 2216 1003 2282 confugerant
1025 2219 1351 2269 revocandis.

571 2303 592 2328 ⁸
627 2297 926 2360 Concionem]
973 2296 1131 2361 Cujus
1154 2298 1395 2362 exiguum
1431 2297 1572 2362 frag-

508 2380 738 2423 mentum
772 2381 921 2424 extat
954 2374 1093 2438 apud
1136 2374 1200 2424 A.
1224 2375 1447 2425 Gellium
1481 2374 1571 2424 lib.

508 2463 636 2504 xm.
662 2467 777 2514 cap.
797 2455 847 2500 3.

550 2571 553 2574 .
590 2530 607 2561 t
644 2529 887 2593 Quoestor]
947 2530 1231 2581 Quaestura
1273 2530 1469 2594 primus
1516 2545 1568 2578 e-

509 2613 593 2656 rat
624 2608 959 2668 magistratus
984 2605 1260 2668 Urbanus;
1293 2607 1383 2671 qui
1424 2614 1568 2671 pete-

508 2682 665 2732 batur
699 2690 970 2748 postquam
1006 2675 1122 2747 quis
1159 2698 1327 2733 annua
1372 2684 1569 2749 stipen-

506 2759 592 2821 dia
648 2758 828 2809 decem
879 2758 1114 2820 fecisset,
1169 2773 1268 2810 nec
1310 2765 1432 2809 ante
1481 2776 1571 2809 an-

506 2849 627 2884 num
664 2835 835 2883 aetatis
872 2839 956 2886 24.
983 2835 1065 2884 vel
1086 2838 1169 2884 27.
1237 2835 1571 2887 Quaestorum

507 2911 606 2960 tria
626 2908 773 2959 fuere
791 2909 1042 2960 distincta
1061 2925 1272 2974 genera:
1297 2912 1381 2960 alii
1401 2927 1570 2976 quaes-

508 2995 648 3037 tores
674 2988 875 3037 Urbani
891 3003 980 3038 seu
1000 2991 1204 3049 AErarii,
1226 2991 1320 3041 alii
1342 2998 1569 3056 quaesto-

509 3081 589 3116 res
631 3066 897 3130 parricidii
932 3080 1023 3115 seu
1057 3082 1226 3117 rerum
1251 3068 1569 3132 capitalium,

506 3144 595 3197 alii
649 3143 876 3209 denique
934 3145 1295 3208 provinciales,
1335 3145 1423 3209 qui
1466 3160 1570 3193 una

507 3235 621 3269 cum
648 3220 954 3282 praetoribus
979 3229 1070 3270 aut
1098 3222 1491 3285 proconsulibus
1515 3224 1566 3272 in

507 3287 799 3359 provincias
824 3297 1071 3360 exibant3
1104 3298 1154 3347 in
1178 3298 1404 3362 singulas
1429 3298 1567 3348 enim

506 3373 802 3437 provincias
840 3373 1026 3437 singuli
1065 3383 1350 3439 quaestores
1394 3376 1571 3426 mitte-

505 3450 712 3506 bantur,
738 3464 954 3514 quorum
981 3464 1106 3500 cura
1121 3458 1236 3501 erat
1257 3451 1568 3515 vectigalem

505 3525 777 3591 pecuniam
819 3526 1084 3588 colligere,
1127 3535 1182 3577 et
1224 3527 1278 3577 in
1331 3528 1566 3578 aerarium

506 3604 770 3668 publicum
802 3602 1021 3665 referre,
1044 3612 1326 3656 conventus
1361 3607 1568 3669 provin-

505 3682 660 3732 ciales
701 3681 766 3730 ad
804 3680 895 3745 jus
941 3681 1215 3732 dicendum
1256 3682 1422 3742 adire,
1466 3686 1566 3733 διο.

503 3759 652 3822 hujus
687 3758 935 3821 postremi
967 3760 1173 3823 generis
1209 3765 1438 3825 quoestor
1465 3758 1567 3809 fuit

512 3836 709 3886 Caesar.

519 3977 525 3984 .
570 3920 592 3945 ¹¹
614 3913 663 3961 E
683 3929 808 3964 more
826 3930 909 3977 pro
931 3901 1149 3977 Rostris]
1185 3914 1360 3963 Romae
1383 3912 1434 3962 in
1456 3910 1567 3963 foro

507 3996 805 4041 exstructus
829 3998 943 4040 erat
964 3997 1255 4054 suggestus,
1277 4004 1429 4055 quem
1460 4004 1566 4039 ros·

508 4066 602 4115 tris
628 4066 1005 4117 debellatorum
1030 4065 1320 4116 Antiatium
1347 4066 1565 4115 navibus

470 4174 475 4177 -
507 4140 760 4191 detractis
777 4142 1082 4191 adornatum
1095 4142 1427 4207 appellavere
1440 4143 1567 4193 Ros-

508 4224 622 4266 tra:
658 4232 723 4266 ex
757 4232 818 4268 eo
853 4218 967 4267 loco
997 4218 1232 4269 solebant
1254 4219 1565 4278 concionari,

505 4291 683 4361 ibique
700 4294 971 4359 conjugem
992 4301 1048 4345 et
1067 4294 1273 4346 amitam
1291 4294 1400 4346 fato
1421 4294 1567 4346 func·

1635 2381 1707 2422 ‘et
1731 2374 1868 2436 ipsas
1903 2380 2164 2423 matronas
2199 2371 2409 2422 laudare
2434 2376 2554 2432 post
2576 2383 2717 2418 mor-

1651 2459 1775 2507 tem.
1830 2451 1911 2501 Ex
1934 2466 1995 2501 eo
2010 2450 2169 2517 qnod,
2186 2448 2467 2499 deficiente
2491 2445 2718 2511 pecunia

1649 2530 1713 2580 ad
1737 2530 2100 2581 numerandam
2124 2541 2189 2578 ex
2211 2534 2365 2591 pacto
2390 2524 2552 2576 Gallis
2576 2538 2715 2573 sum·

1650 2621 1805 2662 mam,
1826 2614 1886 2656 ut
1910 2613 2114 2670 captam
2139 2604 2320 2653 urbem
2344 2602 2715 2672 obsessumque

1651 2682 1953 2746 capitolium
2023 2680 2397 2744 relinquerent,
2454 2682 2712 2725 matronae

1652 2747 1801 2808 suum
1825 2773 2003 2808 aurum
2040 2756 2374 2818 contulerint,
2408 2749 2527 2801 inde
2552 2752 2716 2801 Sena·

1655 2836 2033 2886 tusconsultum
2055 2834 2121 2884 de
2146 2834 2246 2882 illis
2266 2829 2560 2891 laudandis,
2575 2829 2669 2879 διο.

1714 2922 1738 2947 v
1762 2915 1893 2965 Nam
1927 2913 1985 2963 ab
2007 2914 2140 2963 Anco
2162 2911 2376 2975 Marcio]
2430 2910 2621 2958 Romae·
2641 2906 2720 2957 fa·

1650 2991 1795 3041 milia
1817 2989 1934 3040 fuit
1971 2989 2311 3050 Marciorum,
2346 2989 2451 3051 qui,
2481 2984 2619 3050 quod
2651 2984 2718 3033 ab

1652 3068 1801 3117 Anco
1844 3067 2047 3117 Marcio
2082 3080 2159 3115 xv.
2198 3067 2543 3115 Romanorum
2591 3075 2716 3126 rege

1650 3144 1903 3194 ducerent
1925 3143 2196 3207 originem,
2219 3139 2568 3205 cognominati
2593 3144 2718 3188 sunt

1652 3215 1850 3286 Reges:
1874 3221 1984 3285 ejus
2002 3235 2125 3269 vero
2143 3219 2349 3268 familiae
2368 3222 2483 3266 erat
2495 3216 2721 3278 Marcia,

1646 3299 1803 3350 Juliae
1823 3306 1880 3347 et
1914 3299 1975 3347 C.
2001 3298 2221 3348 Caesaris
2257 3302 2443 3352 mater,
2466 3293 2717 3360 proinde-

1650 3390 1749 3440 que
1768 3375 1933 3424 nostri
1955 3374 2178 3425 Caesaris
2203 3373 2337 3421 avia.

1680 3461 1686 3465 ’
1717 3460 1750 3486 “’
1783 3453 1831 3506 A
1881 3453 2058 3503 Venere
2094 3451 2243 3514 sulii]
2277 3452 2457 3501 Venus
2500 3464 2566 3501 ex
2605 3448 2719 3499 An·

1648 3531 1789 3582 chise
1834 3529 1992 3586 filium
2026 3529 2208 3580 habuit
2244 3528 2479 3589 AEneam‚
2510 3532 2716 3591 patrem

1650 3607 1879 3670 Ascanii,
1922 3608 2010 3671 qui
2053 3603 2229 3655 AEneae
2267 3604 2405 3668 patri
2443 3604 2717 3665 successit,

1650 3691 1705 3734 et
1729 3684 1916 3734 Albam
1939 3683 2189 3734 condidit.
2257 3681 2484 3732 Ascanio
2508 3695 2716 3730 succes·

1648 3761 1717 3809 sit
1746 3760 1913 3810 frater
1936 3760 2048 3822 ejus
2071 3759 2481 3819 consanguineus
2502 3756 2715 3821 Sylvius

1649 3836 1825 3886 AEneae
1862 3842 1918 3885 et
1955 3834 2180 3884 Laviniae
2218 3832 2353 3883 filius
2389 3835 2713 3898 posthumus,

1648 3926 1751 3962 non
1776 3927 1901 3962 vero
1920 3911 2055 3961 filius
2073 3912 2185 3975 ejus
2200 3912 2364 3973 Iulus,
2382 3925 2541 3975 penes
2557 3926 2713 3975 quem

1646 3988 1848 4038 nonnisi
1869 3990 1979 4040 sola
1998 4002 2126 4038 cura
2158 3987 2417 4051 religionis
2453 3995 2508 4037 et
2540 3983 2714 4038 saci-02

1648 4080 1759 4114 rum
1805 4067 2070 4127 remansit,
2106 4074 2161 4116 et
2206 4079 2365 4129 penes
2410 4065 2513 4115 Iuli
2555 4065 2709 4115 sobo·

1644 4143 1770 4211 lem,
1787 4157 1851 4190 ex
1879 4157 1982 4207 qua
2000 4142 2146 4194 Julii.
2196 4142 2309 4195 Hos
2326 4142 2502 4190 Tullus
2526 4141 2709 4192 Hosti.

1647 4220 1746 4268 lius
1770 4219 2115 4282 Romanorum
2136 4232 2227 4268 rex
2247 4234 2364 4269 cum
2381 4217 2710 4268 nobilissimis

1646 4296 1956 4364 quibusdam
1984 4296 2125 4347 Latii
2145 4294 2355 4351 familiis
2378 4294 2513 4347 Alba
2534 4294 2711 4348 diruta
